,time,price,change,volume,amount,type
0,15:00:00,256.87,--,0,0,中性盘
1,14:59:59,256.87,-0.02,2,51374,中性盘
2,14:59:59,256.89,-0.01,4,102756,买盘
3,14:59:54,256.9,0.1,4,102759,买盘
4,14:59:48,256.8,--,1,25680,买盘
5,14:59:44,256.8,-0.09,40,1032592,卖盘
6,14:59:39,256.89,-0.01,1,25689,卖盘
7,14:59:33,256.9,0.01,1,25689,买盘
8,14:59:29,256.89,0.01,6,154134,卖盘
9,14:59:24,256.88,-0.01,5,128440,卖盘
10,14:59:18,256.89,--,2,51378,买盘
11,14:59:13,256.89,-0.01,1,25689,卖盘
12,14:59:09,256.9,-0.01,5,128449,卖盘
13,14:59:03,256.91,--,19,488129,买盘
14,14:58:58,256.91,--,7,179837,卖盘
15,14:58:54,256.91,-0.04,8,205528,卖盘
16,14:58:48,256.95,--,3,77085,买盘
17,14:58:43,256.95,--,14,359730,买盘
18,14:58:38,256.95,--,4,102780,买盘
19,14:58:33,256.95,--,2,51390,买盘
20,14:58:28,256.95,--,7,179865,中性盘
21,14:58:23,256.95,-0.05,3,77085,卖盘
22,14:58:13,257.0,0.04,47,1207900,买盘
23,14:58:08,256.96,0.01,1,25695,卖盘
24,14:58:03,256.95,--,0,0,卖盘
25,14:57:58,256.95,0.03,19,513386,买盘
26,14:57:53,256.92,0.02,16,423918,买盘
27,14:57:48,256.9,--,2,51379,买盘
28,14:57:43,256.9,-0.05,38,976219,卖盘
29,14:57:38,256.95,0.07,3,77085,买盘
30,14:57:28,256.88,--,2,51376,卖盘
31,14:57:23,256.88,-0.02,10,282054,卖盘
32,14:57:18,256.9,--,2,51379,买盘
33,14:57:13,256.9,--,7,179829,买盘
34,14:57:08,256.9,--,5,128449,买盘
35,14:57:03,256.9,-0.05,1,25689,卖盘
36,14:56:58,256.95,0.07,8,205560,买盘
37,14:56:53,256.88,-0.02,4,102752,卖盘
38,14:56:48,256.9,0.02,3,77070,卖盘
39,14:56:43,256.88,-0.07,10,256880,卖盘
40,14:56:38,256.95,0.07,88,2261160,买盘
41,14:56:33,256.88,--,3,77064,卖盘
42,14:56:28,256.88,--,45,1155960,卖盘
43,14:56:23,256.88,0.08,33,847704,买盘
44,14:56:18,256.8,-0.01,5,128400,卖盘
45,14:56:13,256.81,0.01,110,2824910,买盘
46,14:56:08,256.8,-0.01,70,1797600,卖盘
47,14:56:03,256.81,-0.07,9,246280,卖盘
48,14:55:58,256.88,0.07,30,770640,买盘
49,14:55:53,256.81,--,6,154086,卖盘
50,14:55:48,256.81,--,6,154086,卖盘
51,14:55:43,256.81,-0.05,2,51362,卖盘
52,14:55:38,256.86,--,4,102744,买盘
53,14:55:33,256.86,--,1,25686,买盘
54,14:55:28,256.86,0.03,1,25686,买盘
55,14:55:23,256.83,-0.05,4,102732,卖盘
56,14:55:13,256.88,--,1,25688,卖盘
57,14:55:08,256.88,0.07,4,102752,买盘
58,14:55:03,256.81,--,0,0,卖盘
59,14:54:58,256.81,-0.09,8,205448,卖盘
60,14:54:53,256.9,0.02,15,385349,买盘
61,14:54:48,256.88,--,0,0,中性盘
62,14:54:43,256.88,-0.02,6,154128,卖盘
63,14:54:38,256.9,--,21,550022,卖盘
64,14:54:33,256.9,-0.01,106,2723139,卖盘
65,14:54:27,256.91,0.01,3,77073,买盘
66,14:54:23,256.9,--,57,1464329,卖盘
67,14:54:18,256.9,--,1,25689,卖盘
68,14:54:12,256.9,0.02,44,1145517,买盘
69,14:54:08,256.88,-0.12,113,2913276,卖盘
70,14:54:03,257.0,--,3,77100,买盘
71,14:53:57,257.0,0.1,2,51400,买盘
72,14:53:53,256.9,-0.08,8,210401,卖盘
73,14:53:48,256.98,--,7,179886,买盘
74,14:53:42,256.98,--,0,0,买盘
75,14:53:37,256.98,0.04,210,5406859,买盘
76,14:53:33,256.94,0.04,6,154164,中性盘
77,14:53:27,256.9,--,0,0,卖盘
78,14:53:23,256.9,--,10,256899,卖盘
79,14:53:18,256.9,--,6,154140,卖盘
80,14:53:12,256.9,--,4,102759,卖盘
81,14:53:08,256.9,--,3,77070,卖盘
82,14:53:03,256.9,0.02,9,231209,买盘
83,14:52:57,256.88,--,2,51376,卖盘
84,14:52:53,256.88,--,0,0,中性盘
85,14:52:48,256.88,0.01,2,51376,买盘
86,14:52:38,256.87,-0.13,5,128435,卖盘
87,14:52:33,257.0,--,2,51400,卖盘
88,14:52:27,257.0,-0.03,2,51400,卖盘
89,14:52:23,257.03,--,7,179920,卖盘
90,14:52:12,257.03,0.03,10,257029,买盘
91,14:52:08,257.0,0.04,2,51400,买盘
92,14:52:03,256.96,-0.07,6,154176,卖盘
93,14:51:57,257.03,0.03,1,25702,买盘
94,14:51:53,257.0,--,3,77100,卖盘
95,14:51:48,257.0,--,15,385500,卖盘
96,14:51:37,257.0,--,19,488300,卖盘
97,14:51:33,257.0,--,17,436900,买盘
98,14:51:27,257.0,--,2,51400,买盘
99,14:51:23,257.0,--,4,102800,买盘
100,14:51:18,257.0,--,2,51400,买盘
101,14:51:07,257.0,--,3,77100,卖盘
102,14:51:03,257.0,-0.05,3,77100,卖盘
103,14:50:57,257.05,0.05,1,25705,买盘
104,14:50:53,257.0,-0.07,1,25700,卖盘
105,14:50:48,257.07,0.02,8,205656,买盘
106,14:50:42,257.05,0.04,1,25705,中性盘
107,14:50:37,257.01,-0.04,3,77103,卖盘
108,14:50:33,257.05,-0.05,2,51410,卖盘
109,14:50:27,257.1,-0.09,1,25710,买盘
110,14:50:22,257.19,0.18,1,25719,买盘
111,14:50:18,257.01,-0.18,2,51402,卖盘
112,14:50:02,257.19,-0.05,7,180033,卖盘
113,14:49:57,257.24,-0.01,2,51448,卖盘
114,14:49:52,257.25,--,2,51450,卖盘
115,14:49:47,257.25,0.06,5,128625,买盘
116,14:49:42,257.19,-0.06,1,25719,卖盘
117,14:49:37,257.25,--,1,25725,买盘
118,14:49:32,257.25,--,9,231525,买盘
119,14:49:22,257.25,-0.03,1,25725,卖盘
120,14:49:17,257.28,--,6,154367,中性盘
121,14:49:12,257.28,--,2,51455,卖盘
122,14:49:07,257.28,-0.02,3,77183,卖盘
123,14:49:02,257.3,--,2,51460,买盘
124,14:48:52,257.3,0.11,3,77190,买盘
125,14:48:47,257.19,-0.14,2,51438,卖盘
126,14:48:42,257.33,--,0,0,买盘
127,14:48:37,257.33,0.33,3,77199,买盘
128,14:48:32,257.0,-0.3,65,1670500,卖盘
129,14:48:27,257.3,--,2,51460,卖盘
130,14:48:22,257.3,0.26,10,257300,买盘
131,14:48:17,257.04,0.04,1,25704,中性盘
132,14:48:12,257.0,-0.19,8,205600,卖盘
133,14:48:07,257.19,0.19,3,77157,买盘
134,14:48:02,257.0,--,8,205600,卖盘
135,14:47:57,257.0,-0.04,3,77100,卖盘
136,14:47:52,257.04,0.04,3,77112,买盘
137,14:47:47,257.0,--,18,462600,卖盘
138,14:47:42,257.0,--,5,128500,卖盘
139,14:47:37,257.0,0.2,58,1491371,买盘
140,14:47:32,256.8,-0.01,15,385200,卖盘
141,14:47:27,256.81,--,1,30817,买盘
142,14:47:22,256.81,0.12,41,1052921,买盘
143,14:47:17,256.69,--,2,51338,卖盘
144,14:47:07,256.69,0.09,6,154014,买盘
145,14:47:02,256.6,-0.1,6,153960,卖盘
146,14:46:57,256.7,0.01,22,564740,买盘
147,14:46:51,256.69,-0.01,2,51338,卖盘
148,14:46:47,256.7,--,3,77010,买盘
149,14:46:41,256.7,-0.09,31,795770,卖盘
150,14:46:36,256.79,0.1,1,25679,买盘
151,14:46:32,256.69,--,2,51338,买盘
152,14:46:26,256.69,--,9,231021,买盘
153,14:46:21,256.69,--,0,0,买盘
154,14:46:17,256.69,0.1,1,25669,买盘
155,14:46:12,256.59,-0.11,2,51317,卖盘
156,14:46:06,256.7,0.01,11,282370,买盘
157,14:46:02,256.69,-0.02,9,231021,卖盘
158,14:45:56,256.71,0.03,7,179697,买盘
159,14:45:51,256.68,0.07,1,25668,买盘
160,14:45:47,256.61,-0.01,2,51322,中性盘
161,14:45:42,256.62,--,1,25662,买盘
162,14:45:36,256.62,--,1,25662,买盘
163,14:45:32,256.62,0.03,7,179634,买盘
164,14:45:26,256.59,--,0,0,中性盘
165,14:45:21,256.59,0.09,25,641474,买盘
166,14:45:16,256.5,-0.09,2,51300,中性盘
167,14:45:12,256.59,--,4,102635,买盘
168,14:45:06,256.59,0.09,2,51317,买盘
169,14:45:02,256.5,-0.12,1,25650,卖盘
170,14:44:57,256.62,-0.05,4,102648,卖盘
171,14:44:51,256.67,--,0,0,中性盘
172,14:44:47,256.67,-0.05,2,51334,买盘
173,14:44:41,256.72,--,0,0,买盘
174,14:44:36,256.72,--,6,154032,卖盘
175,14:44:32,256.72,-0.12,8,205376,卖盘
176,14:44:27,256.84,--,3,77051,买盘
177,14:44:21,256.84,0.11,1,25683,买盘
178,14:44:16,256.73,--,5,128365,卖盘
179,14:44:11,256.73,-0.12,3,77019,卖盘
180,14:44:01,256.85,0.35,8,205480,买盘
181,14:43:56,256.5,-0.23,3,76950,卖盘
182,14:43:51,256.73,-0.12,45,1155285,卖盘
183,14:43:41,256.85,--,4,102740,买盘
184,14:43:36,256.85,0.83,1,25685,买盘
185,14:43:32,256.02,-0.84,19,486437,卖盘
186,14:43:26,256.86,-0.01,3,77058,买盘
187,14:43:21,256.87,--,0,0,买盘
188,14:43:17,256.87,0.48,23,590801,买盘
189,14:43:11,256.39,0.39,4,102556,中性盘
190,14:43:06,256.0,--,1,25600,卖盘
191,14:43:01,256.0,-0.01,2,51200,卖盘
192,14:42:56,256.01,0.03,186,4777146,买盘
193,14:42:51,255.98,0.05,1,25598,买盘
194,14:42:46,255.93,--,6,153558,买盘
195,14:42:41,255.93,0.33,2,51186,买盘
196,14:42:36,255.6,-0.35,2,51120,中性盘
197,14:42:31,255.95,0.35,5,127975,买盘
198,14:42:26,255.6,0.04,7,178920,卖盘
199,14:42:17,255.56,0.13,12,306672,买盘
200,14:42:11,255.43,0.23,9,229887,买盘
201,14:42:06,255.2,--,2,51040,买盘
202,14:42:01,255.2,0.01,4,102080,买盘
203,14:41:56,255.19,-0.24,7,178633,卖盘
204,14:41:51,255.43,--,3,76629,买盘
205,14:41:46,255.43,-0.12,3,76629,买盘
206,14:41:41,255.55,--,4,102220,买盘
207,14:41:36,255.55,--,1,25555,买盘
208,14:41:31,255.55,0.55,3,76665,卖盘
209,14:41:26,255.0,-0.56,162,4131000,卖盘
210,14:41:21,255.56,0.5,1,25556,买盘
211,14:41:16,255.06,-0.5,5,127530,中性盘
212,14:41:11,255.56,0.01,2,51112,买盘
213,14:41:06,255.55,0.55,6,153330,买盘
214,14:41:01,255.0,-0.01,3,76500,卖盘
215,14:40:56,255.01,0.01,261,6661116,买盘
216,14:40:51,255.0,--,2,51000,买盘
217,14:40:46,255.0,0.16,4,102000,买盘
218,14:40:41,254.84,-0.16,9,229356,中性盘
219,14:40:36,255.0,-0.98,154,3949950,卖盘
220,14:40:31,255.98,0.3,58,1487243,买盘
221,14:40:26,255.68,0.13,7,178976,买盘
222,14:40:20,255.55,-0.04,2,51110,卖盘
223,14:40:16,255.59,-0.32,3,76677,卖盘
224,14:40:11,255.91,-0.01,4,102364,买盘
225,14:40:01,255.92,--,3,76776,买盘
226,14:39:56,255.92,-0.07,1,25592,买盘
227,14:39:50,255.99,0.49,3,76797,买盘
228,14:39:46,255.5,-0.44,301,7690550,卖盘
229,14:39:41,255.94,-0.05,3,76782,买盘
230,14:39:35,255.99,-0.01,4,102396,中性盘
231,14:39:30,256.0,0.1,11,281600,买盘
232,14:39:26,255.9,-0.26,37,946830,卖盘
233,14:39:20,256.16,--,7,179312,买盘
234,14:39:15,256.16,--,1,25616,买盘
235,14:39:11,256.16,-0.22,232,5942912,中性盘
236,14:39:05,256.38,0.22,145,3717510,中性盘
237,14:39:00,256.16,-0.23,6,153696,卖盘
238,14:38:56,256.39,-0.01,144,3692016,中性盘
239,14:38:50,256.4,--,8,205119,买盘
240,14:38:45,256.4,--,3,76920,买盘
241,14:38:41,256.4,-0.1,60,1538399,卖盘
242,14:38:35,256.5,0.03,16,410400,买盘
243,14:38:30,256.47,-0.03,2,51294,买盘
244,14:38:26,256.5,--,0,0,买盘
245,14:38:20,256.5,--,108,2770200,买盘
246,14:38:11,256.5,--,3,76950,买盘
247,14:38:05,256.5,--,4,102600,买盘
248,14:38:00,256.5,-0.06,67,1718550,卖盘
249,14:37:56,256.56,-0.2,29,744024,卖盘
250,14:37:50,256.76,0.06,5,128380,买盘
251,14:37:41,256.7,0.2,83,2130610,买盘
252,14:37:35,256.5,-0.05,59,1513350,卖盘
253,14:37:30,256.55,--,1,25655,买盘
254,14:37:25,256.55,--,5,128275,买盘
255,14:37:20,256.55,--,3,76965,买盘
256,14:37:15,256.55,--,5,128275,买盘
257,14:37:10,256.55,-0.11,19,487445,卖盘
258,14:37:05,256.66,--,5,128330,买盘
259,14:37:00,256.66,0.11,1,25666,买盘
260,14:36:55,256.55,-0.18,7,179585,卖盘
261,14:36:50,256.73,-0.17,10,256730,卖盘
262,14:36:45,256.9,--,1,25689,买盘
263,14:36:40,256.9,0.15,83,2132270,买盘
264,14:36:35,256.75,-0.15,34,872950,卖盘
265,14:36:30,256.9,0.01,1,25689,买盘
266,14:36:25,256.89,--,2,51378,买盘
267,14:36:20,256.89,0.09,4,102756,买盘
268,14:36:15,256.8,-0.1,2,51360,卖盘
269,14:36:10,256.9,--,3,77070,买盘
270,14:36:05,256.9,0.06,7,179829,买盘
271,14:36:00,256.84,-0.06,3,77051,中性盘
272,14:35:55,256.9,0.15,3,77070,买盘
273,14:35:50,256.75,-0.25,14,359450,卖盘
274,14:35:45,257.0,--,38,976600,买盘
275,14:35:40,257.0,-0.4,4,102800,卖盘
276,14:35:35,257.4,0.65,3,77220,买盘
277,14:35:30,256.75,-0.54,1,25675,卖盘
278,14:35:25,257.29,0.59,9,231561,买盘
279,14:35:20,256.7,-0.35,9,231030,卖盘
280,14:35:15,257.05,--,4,102820,买盘
281,14:35:10,257.05,--,2,51410,买盘
282,14:35:05,257.05,0.5,4,102820,买盘
283,14:34:55,256.55,-0.5,5,128275,卖盘
284,14:34:50,257.05,0.05,3,77115,买盘
285,14:34:45,257.0,0.67,69,1773300,买盘
286,14:34:40,256.33,-0.57,9,230697,卖盘
287,14:34:35,256.9,--,13,333969,买盘
288,14:34:30,256.9,0.44,3,77070,买盘
289,14:34:25,256.46,0.18,47,1205362,买盘
290,14:34:20,256.28,-0.05,19,486931,卖盘
291,14:34:15,256.33,--,0,0,中性盘
292,14:34:10,256.33,-0.06,3,76899,卖盘
293,14:34:05,256.39,-0.06,2,51278,中性盘
294,14:34:00,256.45,-0.05,4,102580,卖盘
295,14:33:55,256.5,--,21,538650,买盘
296,14:33:50,256.5,-0.55,249,6386850,卖盘
297,14:33:45,257.05,0.05,13,334165,买盘
298,14:33:40,257.0,--,42,1079400,买盘
299,14:33:35,257.0,--,13,334100,买盘
300,14:33:30,257.0,--,1,25700,买盘
301,14:33:25,257.0,--,4,102800,买盘
302,14:33:20,257.0,--,5,128500,买盘
303,14:33:15,257.0,--,2,51400,买盘
304,14:33:10,257.0,-0.39,100,2570000,卖盘
305,14:33:05,257.39,-0.01,39,1003821,中性盘
306,14:33:00,257.4,--,2,51479,买盘
307,14:32:55,257.4,--,1,25739,买盘
308,14:32:50,257.4,--,6,154440,买盘
309,14:32:40,257.4,0.37,3,77220,买盘
310,14:32:35,257.03,--,0,0,卖盘
311,14:32:29,257.03,-0.48,11,282732,卖盘
312,14:32:25,257.51,0.46,3,77253,中性盘
313,14:32:20,257.05,-0.45,148,3825418,卖盘
314,14:32:14,257.5,-0.04,8,210635,卖盘
315,14:32:10,257.54,0.02,6,176157,中性盘
316,14:32:05,257.52,--,12,334260,买盘
317,14:31:59,257.52,0.01,38,978575,买盘
318,14:31:54,257.51,0.01,13,334763,买盘
319,14:31:50,257.5,-0.02,4,103000,卖盘
320,14:31:44,257.52,--,5,128759,买盘
321,14:31:39,257.52,0.02,12,309024,买盘
322,14:31:35,257.5,-0.02,47,1210765,卖盘
323,14:31:29,257.52,0.02,2,51504,中性盘
324,14:31:24,257.5,-0.02,9,231750,卖盘
325,14:31:20,257.52,--,3,77256,买盘
326,14:31:14,257.52,--,9,231767,卖盘
327,14:31:09,257.52,--,1,25752,卖盘
328,14:31:05,257.52,-0.43,19,489287,卖盘
329,14:30:59,257.95,--,4,103180,买盘
330,14:30:49,257.95,0.41,7,180565,买盘
331,14:30:44,257.54,-0.41,1,25754,卖盘
332,14:30:39,257.95,0.41,3,77385,买盘
333,14:30:35,257.54,0.01,45,1158930,买盘
334,14:30:29,257.53,-0.01,9,231776,卖盘
335,14:30:24,257.54,--,0,0,卖盘
336,14:30:20,257.54,-0.42,8,206032,卖盘
337,14:30:14,257.96,-0.01,2,51591,买盘
338,14:30:09,257.97,--,0,0,中性盘
339,14:30:05,257.97,0.42,7,185222,中性盘
340,14:29:59,257.55,-0.43,5,128775,卖盘
341,14:29:54,257.98,--,3,77394,买盘
342,14:29:50,257.98,--,0,0,买盘
343,14:29:44,257.98,--,4,103192,买盘
344,14:29:39,257.98,0.4,1,25798,买盘
345,14:29:34,257.58,0.06,4,124153,中性盘
346,14:29:29,257.52,-0.46,7,180264,卖盘
347,14:29:24,257.98,--,3,77394,买盘
348,14:29:20,257.98,0.46,2,51596,买盘
349,14:29:14,257.52,-0.48,9,231767,卖盘
350,14:29:09,258.0,0.49,1,25800,买盘
351,14:29:04,257.51,0.01,9,250814,中性盘
352,14:28:59,257.5,-0.5,18,463500,卖盘
353,14:28:49,258.0,0.4,22,567600,买盘
354,14:28:44,257.6,-0.4,1,25760,中性盘
355,14:28:39,258.0,--,3,77400,买盘
356,14:28:34,258.0,0.5,3,77400,买盘
357,14:28:29,257.5,-0.1,34,875500,卖盘
358,14:28:19,257.6,-0.4,3,77280,卖盘
359,14:28:14,258.0,0.46,3,77400,买盘
360,14:28:09,257.54,--,6,154524,卖盘
361,14:28:04,257.54,-0.46,4,122073,卖盘
362,14:27:59,258.0,--,6,154800,买盘
363,14:27:54,258.0,-0.2,10,258000,中性盘
364,14:27:49,258.2,--,0,0,买盘
365,14:27:44,258.2,0.7,4,103280,买盘
366,14:27:39,257.5,--,3,77250,卖盘
367,14:27:34,257.5,-0.01,8,212180,卖盘
368,14:27:29,257.51,-0.29,21,540771,中性盘
369,14:27:24,257.8,--,0,0,买盘
370,14:27:19,257.8,0.13,9,232020,买盘
371,14:27:14,257.67,0.02,4,103068,买盘
372,14:27:09,257.65,0.14,2,51529,买盘
373,14:27:04,257.51,0.01,25,662830,买盘
374,14:26:59,257.5,--,27,695250,买盘
375,14:26:54,257.5,-0.01,11,283250,卖盘
376,14:26:49,257.51,0.01,7,180257,买盘
377,14:26:44,257.5,-0.03,4,103000,卖盘
378,14:26:39,257.53,0.02,1,25752,买盘
379,14:26:34,257.51,--,9,231759,买盘
380,14:26:29,257.51,-0.06,84,2163084,卖盘
381,14:26:24,257.57,0.06,3,77271,买盘
382,14:26:19,257.51,-0.06,3,77253,卖盘
383,14:26:14,257.57,0.04,3,77271,买盘
384,14:26:09,257.53,--,1,25752,买盘
385,14:26:04,257.53,-0.04,4,103011,中性盘
386,14:25:59,257.57,0.04,53,1365121,买盘
387,14:25:54,257.53,-0.05,4,103011,卖盘
388,14:25:49,257.58,0.05,2,51516,买盘
389,14:25:44,257.53,-0.05,7,180270,卖盘
390,14:25:39,257.58,-0.02,4,103032,买盘
391,14:25:34,257.6,0.02,1,25760,买盘
392,14:25:29,257.58,-0.02,6,154548,卖盘
393,14:25:19,257.6,--,4,103040,买盘
394,14:25:14,257.6,--,1,25760,买盘
395,14:25:09,257.6,--,3,77280,买盘
396,14:25:04,257.6,-0.2,8,206080,卖盘
397,14:24:59,257.8,0.2,51,1314780,买盘
398,14:24:53,257.6,-0.07,5,128800,卖盘
399,14:24:49,257.67,-0.03,2,64932,卖盘
400,14:24:44,257.7,--,3,77310,买盘
401,14:24:34,257.7,--,14,373149,买盘
402,14:24:29,257.7,0.02,12,309240,买盘
403,14:24:23,257.68,-0.11,5,128840,卖盘
404,14:24:18,257.79,--,1,25779,买盘
405,14:24:14,257.79,--,3,77337,买盘
406,14:24:03,257.79,--,5,128895,买盘
407,14:23:59,257.79,-0.04,7,180453,卖盘
408,14:23:53,257.83,0.03,6,154698,买盘
409,14:23:48,257.8,-0.03,5,128900,卖盘
410,14:23:44,257.83,0.03,14,360962,买盘
411,14:23:38,257.8,-0.03,4,103120,卖盘
412,14:23:33,257.83,--,0,0,买盘
413,14:23:29,257.83,-0.02,24,618792,卖盘
414,14:23:23,257.85,-0.01,62,1598670,卖盘
415,14:23:18,257.86,--,4,103144,买盘
416,14:23:13,257.86,0.01,7,180502,买盘
417,14:23:08,257.85,--,21,541485,卖盘
418,14:23:03,257.85,-0.01,3,77355,卖盘
419,14:22:58,257.86,-0.01,24,625568,卖盘
420,14:22:53,257.87,--,34,895840,卖盘
421,14:22:48,257.87,-0.06,11,283657,卖盘
422,14:22:43,257.93,0.04,5,135671,买盘
423,14:22:38,257.89,-0.03,2,70661,中性盘
424,14:22:33,257.92,0.04,2,51584,买盘
425,14:22:29,257.88,-0.15,14,361032,卖盘
426,14:22:23,258.03,--,7,180620,买盘
427,14:22:14,258.03,0.04,7,180620,买盘
428,14:22:08,257.99,-0.01,5,148086,买盘
429,14:22:03,258.0,--,2,51600,买盘
430,14:21:58,258.0,0.07,4,103200,买盘
431,14:21:53,257.93,-0.1,14,361102,卖盘
432,14:21:48,258.03,--,2,51605,买盘
433,14:21:44,258.03,0.04,4,122306,买盘
434,14:21:38,257.99,-0.04,4,103196,卖盘
435,14:21:28,258.03,--,11,283832,买盘
436,14:21:23,258.03,-0.27,4,103211,卖盘
437,14:21:14,258.3,0.27,3,77490,买盘
438,14:21:08,258.03,-0.25,3,96503,卖盘
439,14:21:03,258.28,0.25,1,25827,买盘
440,14:20:58,258.03,--,7,180620,买盘
441,14:20:53,258.03,-0.07,200,5160599,卖盘
442,14:20:43,258.1,0.07,3,77430,买盘
443,14:20:38,258.03,-0.25,5,129014,卖盘
444,14:20:33,258.28,0.2,2,51655,买盘
445,14:20:28,258.08,-0.2,4,103232,卖盘
446,14:20:23,258.28,0.02,4,103311,买盘
447,14:20:18,258.26,-0.02,2,51652,中性盘
448,14:20:08,258.28,0.08,2,70768,买盘
449,14:20:03,258.2,-0.08,1,25820,中性盘
450,14:19:58,258.28,0.18,3,77483,买盘
451,14:19:53,258.1,-0.16,3,77430,卖盘
452,14:19:48,258.26,0.05,2,51652,买盘
453,14:19:38,258.21,0.11,4,122391,买盘
454,14:19:28,258.1,-0.1,11,306622,卖盘
455,14:19:23,258.2,-0.01,2,65841,卖盘
456,14:19:18,258.21,-0.05,0,8779,卖盘
457,14:19:13,258.26,--,2,51652,买盘
458,14:19:08,258.26,0.05,2,51652,买盘
459,14:18:58,258.21,-0.07,7,180747,卖盘
460,14:18:53,258.28,--,4,103311,买盘
461,14:18:43,258.28,--,2,51655,买盘
462,14:18:38,258.28,--,1,25827,买盘
463,14:18:33,258.28,--,1,25827,买盘
464,14:18:28,258.28,-0.03,11,284107,卖盘
465,14:18:23,258.31,--,6,154986,卖盘
466,14:18:13,258.31,-0.18,2,51662,卖盘
467,14:18:08,258.49,--,2,51698,买盘
468,14:18:03,258.49,--,0,0,买盘
469,14:17:58,258.49,--,25,646225,买盘
470,14:17:53,258.49,0.24,4,103396,买盘
471,14:17:48,258.25,-0.15,3,77475,卖盘
472,14:17:43,258.4,--,1,25839,买盘
473,14:17:38,258.4,--,1,25839,买盘
474,14:17:28,258.4,0.19,9,232559,买盘
475,14:17:23,258.21,--,5,129104,卖盘
476,14:17:18,258.21,-0.19,1,25820,卖盘
477,14:17:13,258.4,--,5,129199,买盘
478,14:17:02,258.4,0.27,2,51679,买盘
479,14:16:58,258.13,--,13,335569,卖盘
480,14:16:53,258.13,--,10,258130,卖盘
481,14:16:47,258.13,-0.02,1,38977,卖盘
482,14:16:43,258.15,0.04,2,51629,买盘
483,14:16:32,258.11,0.01,6,154866,买盘
484,14:16:28,258.1,--,3,77430,卖盘
485,14:16:23,258.1,-0.05,27,696870,卖盘
486,14:16:17,258.15,0.05,9,232334,中性盘
487,14:16:12,258.1,-0.28,5,129050,卖盘
488,14:16:08,258.38,0.26,3,77514,买盘
489,14:16:02,258.12,-0.27,4,103248,买盘
490,14:15:57,258.39,0.31,2,51678,买盘
491,14:15:53,258.08,-0.32,23,593584,卖盘
492,14:15:47,258.4,0.28,5,129199,买盘
493,14:15:42,258.12,--,4,103248,卖盘
494,14:15:38,258.12,0.04,4,103248,卖盘
495,14:15:32,258.08,-0.02,4,103232,卖盘
496,14:15:27,258.1,-0.03,4,103240,卖盘
497,14:15:23,258.13,--,21,542073,卖盘
498,14:15:17,258.13,-0.36,10,258130,中性盘
499,14:15:12,258.49,0.02,10,258490,买盘
500,14:15:07,258.47,-0.01,6,155082,中性盘
501,14:15:02,258.48,0.01,9,232632,买盘
502,14:14:57,258.47,0.37,1,25847,买盘
503,14:14:52,258.1,-0.03,34,877540,卖盘
504,14:14:47,258.13,-0.35,8,206504,卖盘
505,14:14:42,258.48,--,0,0,买盘
506,14:14:37,258.48,-0.02,2,51696,买盘
507,14:14:32,258.5,--,2,51700,买盘
508,14:14:27,258.5,0.4,1,25850,买盘
509,14:14:22,258.1,-0.4,15,387150,卖盘
510,14:14:17,258.5,--,2,51700,买盘
511,14:14:12,258.5,--,1,25850,买盘
512,14:14:07,258.5,0.43,1,25850,买盘
513,14:14:02,258.07,-0.47,7,180649,卖盘
514,14:13:57,258.54,0.48,2,51708,买盘
515,14:13:52,258.06,--,6,179093,卖盘
516,14:13:47,258.06,-0.48,6,154836,中性盘
517,14:13:42,258.54,--,0,0,买盘
518,14:13:37,258.54,--,1,25854,中性盘
519,14:13:32,258.54,0.51,2,51708,买盘
520,14:13:27,258.03,--,0,0,卖盘
521,14:13:22,258.03,--,14,361241,卖盘
522,14:13:17,258.03,0.02,8,206423,买盘
523,14:13:12,258.01,0.02,2,51602,买盘
524,14:13:07,257.99,-0.01,6,154794,卖盘
525,14:13:02,258.0,0.01,7,185760,买盘
526,14:12:52,257.99,-0.01,16,412784,卖盘
527,14:12:47,258.0,--,5,129000,买盘
528,14:12:42,258.0,--,2,51600,买盘
529,14:12:37,258.0,0.01,3,77400,买盘
530,14:12:32,257.99,-0.01,3,77397,中性盘
531,14:12:27,258.0,--,1,25800,买盘
532,14:12:22,258.0,0.04,2,51600,买盘
533,14:12:17,257.96,0.03,17,438531,中性盘
534,14:12:07,257.93,-0.02,70,1805510,卖盘
535,14:12:02,257.95,--,0,0,买盘
536,14:11:57,257.95,--,2,51590,买盘
537,14:11:52,257.95,-0.04,44,1134980,卖盘
538,14:11:47,257.99,0.03,26,670774,买盘
539,14:11:37,257.96,-0.04,2,51591,卖盘
540,14:11:32,258.0,--,5,129000,买盘
541,14:11:27,258.0,--,0,0,买盘
542,14:11:22,258.0,0.05,42,1083600,买盘
543,14:11:17,257.95,-0.01,38,980210,卖盘
544,14:11:12,257.96,--,13,335348,卖盘
545,14:11:07,257.96,-0.04,2,51591,卖盘
546,14:11:02,258.0,0.01,4,103200,买盘
547,14:10:57,257.99,-0.01,1,25799,中性盘
548,14:10:52,258.0,0.01,56,1444800,买盘
549,14:10:47,257.99,0.04,18,464382,买盘
550,14:10:42,257.95,--,4,103180,买盘
551,14:10:37,257.95,-0.05,8,206360,买盘
552,14:10:32,258.0,--,113,2915400,买盘
553,14:10:27,258.0,--,2,51600,买盘
554,14:10:22,258.0,--,1,25800,买盘
555,14:10:17,258.0,--,26,670800,买盘
556,14:10:12,258.0,--,47,1215180,买盘
557,14:10:07,258.0,-0.62,88,2270400,卖盘
558,14:10:02,258.62,-0.02,4,103448,中性盘
559,14:09:56,258.64,--,0,0,买盘
560,14:09:52,258.64,0.64,2,51728,买盘
561,14:09:47,258.0,--,5,129000,卖盘
562,14:09:41,258.0,--,126,3250800,买盘
563,14:09:37,258.0,0.01,11,283800,买盘
564,14:09:32,257.99,0.09,30,773970,中性盘
565,14:09:26,257.9,-0.1,5,128949,卖盘
566,14:09:22,258.0,--,2,51600,买盘
567,14:09:17,258.0,0.01,30,774000,买盘
568,14:09:11,257.99,--,2,51598,买盘
569,14:09:07,257.99,-0.01,2,51598,买盘
570,14:09:02,258.0,-0.7,230,5934000,卖盘
571,14:08:56,258.7,0.05,11,284570,买盘
572,14:08:52,258.65,--,1,25864,卖盘
573,14:08:47,258.65,0.12,8,206919,买盘
574,14:08:41,258.53,-0.12,8,206823,卖盘
575,14:08:37,258.65,0.05,6,155190,买盘
576,14:08:32,258.6,--,3,77580,卖盘
577,14:08:26,258.6,--,1,25860,中性盘
578,14:08:22,258.6,0.07,2,51720,买盘
579,14:08:17,258.53,0.03,3,77558,买盘
580,14:08:11,258.5,-0.03,7,180950,卖盘
581,14:08:06,258.53,--,3,77558,买盘
582,14:08:02,258.53,-0.07,35,904854,卖盘
583,14:07:56,258.6,0.07,4,103440,买盘
584,14:07:51,258.53,-0.05,5,129264,卖盘
585,14:07:47,258.58,0.08,1,25858,买盘
586,14:07:41,258.5,--,13,336050,卖盘
587,14:07:36,258.5,--,12,310200,卖盘
588,14:07:31,258.5,0.2,19,491150,买盘
589,14:07:26,258.3,0.3,42,1084860,买盘
590,14:07:16,258.0,-0.3,2,51600,卖盘
591,14:07:11,258.3,0.3,4,103320,买盘
592,14:07:06,258.0,--,1,25800,卖盘
593,14:07:01,258.0,0.15,192,4953600,买盘
594,14:06:56,257.85,--,0,0,卖盘
595,14:06:51,257.85,-0.15,11,283635,卖盘
596,14:06:46,258.0,--,113,2915400,卖盘
597,14:06:41,258.0,0.15,3,77400,中性盘
598,14:06:36,257.85,-0.45,5,128925,卖盘
599,14:06:31,258.3,0.45,3,77490,买盘
600,14:06:26,257.85,--,0,0,卖盘
601,14:06:21,257.85,-0.45,1,25785,卖盘
602,14:06:16,258.3,--,3,77490,买盘
603,14:06:11,258.3,0.45,15,400365,买盘
604,14:06:06,257.85,--,0,0,买盘
605,14:06:01,257.85,--,19,489915,买盘
606,14:05:56,257.85,0.01,10,257850,买盘
607,14:05:46,257.84,0.04,3,77351,买盘
608,14:05:41,257.8,-0.04,26,670280,卖盘
609,14:05:31,257.84,0.04,4,103135,买盘
610,14:05:26,257.8,-0.04,5,128900,卖盘
611,14:05:21,257.84,0.04,3,77351,买盘
612,14:05:16,257.8,-0.05,5,128900,卖盘
613,14:05:11,257.85,-0.15,14,360990,卖盘
614,14:05:06,258.0,-0.66,200,5172900,卖盘
615,14:05:01,258.66,0.01,2,51732,买盘
616,14:04:56,258.65,-0.01,1,25864,中性盘
617,14:04:51,258.66,--,1,25866,买盘
618,14:04:46,258.66,0.16,2,51732,买盘
619,14:04:41,258.5,-0.16,5,129250,卖盘
620,14:04:31,258.66,--,1,25866,买盘
621,14:04:26,258.66,0.13,15,387990,买盘
622,14:04:21,258.53,-0.13,1,25852,卖盘
623,14:04:16,258.66,0.16,10,258660,买盘
624,14:04:11,258.5,-0.16,15,387750,卖盘
625,14:04:06,258.66,0.16,2,51732,买盘
626,14:04:01,258.5,--,1,25850,卖盘
627,14:03:56,258.5,-0.16,13,336050,卖盘
628,14:03:51,258.66,--,4,103464,买盘
629,14:03:46,258.66,--,1,25866,买盘
630,14:03:41,258.66,0.19,3,77598,买盘
631,14:03:36,258.47,-0.19,1,25847,卖盘
632,14:03:31,258.66,--,12,310392,买盘
633,14:03:26,258.66,0.19,1,25866,买盘
634,14:03:21,258.47,--,3,77541,卖盘
635,14:03:16,258.47,0.01,300,7754100,买盘
636,14:03:11,258.46,0.02,4,103383,中性盘
637,14:03:06,258.44,0.02,1,25844,卖盘
638,14:03:01,258.42,--,12,310104,卖盘
639,14:02:56,258.42,-0.02,2,51684,卖盘
640,14:02:46,258.44,0.05,9,245518,买盘
641,14:02:41,258.39,-0.31,5,142114,卖盘
642,14:02:36,258.7,0.29,2,51740,买盘
643,14:02:31,258.41,-0.01,10,281666,卖盘
644,14:02:25,258.42,--,14,364372,卖盘
645,14:02:21,258.42,-0.03,5,129210,卖盘
646,14:02:15,258.45,--,3,77535,中性盘
647,14:02:11,258.45,0.06,19,491055,买盘
648,14:02:05,258.39,-0.06,10,258390,卖盘
649,14:02:01,258.45,-0.15,24,620280,卖盘
650,14:01:55,258.6,0.15,5,129300,中性盘
651,14:01:50,258.45,-0.24,3,77535,卖盘
652,14:01:45,258.69,--,0,0,中性盘
653,14:01:41,258.69,--,6,155214,买盘
654,14:01:35,258.69,-0.01,1,25869,中性盘
655,14:01:31,258.7,0.28,9,232830,买盘
656,14:01:26,258.42,-0.28,4,103368,卖盘
657,14:01:20,258.7,0.28,10,271635,买盘
658,14:01:16,258.42,0.03,1,25842,中性盘
659,14:01:11,258.39,--,5,129195,卖盘
660,14:01:05,258.39,--,6,155034,卖盘
661,14:01:01,258.39,-0.3,2,51678,卖盘
662,14:00:55,258.69,--,5,129345,买盘
663,14:00:50,258.69,0.48,3,77607,买盘
664,14:00:40,258.21,-0.47,1,25820,卖盘
665,14:00:35,258.68,0.62,9,232812,买盘
666,14:00:30,258.06,-0.63,293,7561158,卖盘
667,14:00:26,258.69,0.35,4,103476,买盘
668,14:00:20,258.34,-0.35,1,25833,卖盘
669,14:00:16,258.69,--,1,25869,买盘
670,14:00:11,258.69,0.38,4,103476,中性盘
671,14:00:05,258.31,0.11,8,206648,中性盘
672,14:00:00,258.2,-0.53,191,4931620,卖盘
673,13:59:56,258.73,--,0,0,买盘
674,13:59:50,258.73,0.53,2,51746,买盘
675,13:59:45,258.2,-0.53,200,5164000,卖盘
676,13:59:40,258.73,--,3,77619,买盘
677,13:59:35,258.73,--,1,25873,买盘
678,13:59:30,258.73,--,4,103492,买盘
679,13:59:26,258.73,--,6,155238,卖盘
680,13:59:20,258.73,--,2,51746,卖盘
681,13:59:10,258.73,0.06,3,77619,买盘
682,13:59:05,258.67,--,8,206936,卖盘
683,13:59:00,258.67,-0.06,5,129335,卖盘
684,13:58:55,258.73,--,1,25873,买盘
685,13:58:50,258.73,--,2,51746,买盘
686,13:58:45,258.73,0.03,22,569206,买盘
687,13:58:40,258.7,-0.03,1,25870,买盘
688,13:58:34,258.73,--,13,336349,买盘
689,13:58:25,258.73,-0.06,27,698571,卖盘
690,13:58:20,258.79,--,2,51758,买盘
691,13:58:15,258.79,--,3,77637,买盘
692,13:58:10,258.79,0.01,4,103516,买盘
693,13:58:05,258.78,-0.01,2,51755,中性盘
694,13:58:00,258.79,--,2,51758,买盘
695,13:57:55,258.79,--,13,336427,买盘
696,13:57:50,258.79,-0.04,29,763430,卖盘
697,13:57:45,258.83,0.02,15,388245,买盘
698,13:57:40,258.81,--,9,232929,买盘
699,13:57:35,258.81,--,13,336453,买盘
700,13:57:30,258.81,--,1,25881,买盘
701,13:57:25,258.81,0.01,2,51762,中性盘
702,13:57:20,258.8,-0.01,4,103520,卖盘
703,13:57:15,258.81,--,1,25881,卖盘
704,13:57:10,258.81,--,0,12940,买盘
705,13:57:05,258.81,0.05,22,569382,买盘
706,13:57:00,258.76,-0.04,15,388140,卖盘
707,13:56:55,258.8,--,3,77640,买盘
708,13:56:45,258.8,0.04,2,51760,买盘
709,13:56:40,258.76,0.03,6,155256,买盘
710,13:56:34,258.73,-0.07,15,388095,卖盘
711,13:56:30,258.8,-0.01,3,77640,中性盘
712,13:56:25,258.81,0.05,11,284691,买盘
713,13:56:20,258.76,-0.04,17,439892,卖盘
714,13:56:15,258.8,--,1,25880,买盘
715,13:56:10,258.8,--,4,103520,买盘
716,13:56:05,258.8,0.07,2,51760,中性盘
717,13:56:00,258.73,-0.08,13,336349,卖盘
718,13:55:55,258.81,--,0,0,买盘
719,13:55:50,258.81,--,1,25881,买盘
720,13:55:45,258.81,0.06,3,77643,买盘
721,13:55:40,258.75,0.05,12,310500,买盘
722,13:55:35,258.7,-0.1,18,465660,卖盘
723,13:55:30,258.8,--,1,25880,买盘
724,13:55:25,258.8,0.05,1,25880,买盘
725,13:55:20,258.75,-0.05,1,25875,中性盘
726,13:55:15,258.8,0.13,2,51760,买盘
727,13:55:10,258.67,-0.13,3,77601,卖盘
728,13:55:05,258.8,0.13,6,155280,买盘
729,13:55:00,258.67,--,3,77601,卖盘
730,13:54:55,258.67,-0.03,24,620808,卖盘
731,13:54:50,258.7,--,0,0,中性盘
732,13:54:45,258.7,0.02,2,51740,买盘
733,13:54:40,258.68,--,1,25868,买盘
734,13:54:35,258.68,--,11,284548,买盘
735,13:54:30,258.68,0.05,1,25868,买盘
736,13:54:25,258.63,-0.05,2,51726,卖盘
737,13:54:20,258.68,0.05,7,181076,买盘
738,13:54:14,258.63,-0.08,4,103452,中性盘
739,13:54:10,258.71,--,34,879613,买盘
740,13:54:05,258.71,--,34,879613,买盘
741,13:53:59,258.71,-0.04,5,129354,中性盘
742,13:53:54,258.75,0.04,29,750375,买盘
743,13:53:50,258.71,-0.1,3,77613,卖盘
744,13:53:44,258.81,0.21,1,25881,买盘
745,13:53:39,258.6,-0.15,19,491340,卖盘
746,13:53:35,258.75,0.12,50,1293750,买盘
747,13:53:28,258.63,-0.07,6,155178,卖盘
748,13:53:25,258.7,0.07,1,25870,买盘
749,13:53:20,258.63,-0.02,32,827616,卖盘
750,13:53:13,258.65,--,9,232784,买盘
751,13:53:04,258.65,--,6,155190,买盘
752,13:52:59,258.65,0.02,4,103459,买盘
753,13:52:54,258.63,--,6,169402,卖盘
754,13:52:49,258.63,0.01,10,258630,卖盘
755,13:52:44,258.62,--,10,258620,买盘
756,13:52:40,258.62,0.02,2,51724,买盘
757,13:52:34,258.6,--,2,51720,卖盘
758,13:52:29,258.6,-0.02,3,77580,卖盘
759,13:52:25,258.62,-0.03,13,336206,卖盘
760,13:52:19,258.65,--,2,51729,买盘
761,13:52:14,258.65,0.06,18,465569,买盘
762,13:52:04,258.59,0.03,9,232730,卖盘
763,13:51:59,258.56,0.01,8,206848,中性盘
764,13:51:54,258.55,--,1,25855,卖盘
765,13:51:49,258.55,--,24,620520,卖盘
766,13:51:44,258.55,0.1,30,783665,买盘
767,13:51:40,258.45,--,3,77535,买盘
768,13:51:34,258.45,0.04,14,361830,卖盘
769,13:51:28,258.41,--,18,465138,卖盘
770,13:51:19,258.41,--,5,129205,卖盘
771,13:51:14,258.41,0.03,9,232569,中性盘
772,13:51:10,258.38,-0.14,6,155028,卖盘
773,13:51:04,258.52,0.16,6,155112,买盘
774,13:50:59,258.36,-0.16,1,25836,卖盘
775,13:50:54,258.52,--,1,25852,买盘
776,13:50:49,258.52,--,2,51704,买盘
777,13:50:43,258.52,-0.06,4,103408,买盘
778,13:50:39,258.58,-0.02,1,25858,中性盘
779,13:50:34,258.6,0.04,119,3077340,买盘
780,13:50:29,258.56,--,3,77568,卖盘
781,13:50:24,258.56,--,0,0,中性盘
782,13:50:19,258.56,0.05,3,77568,买盘
783,13:50:14,258.51,-0.05,17,439467,卖盘
784,13:50:09,258.56,0.04,6,155136,中性盘
785,13:50:04,258.52,-0.01,9,232667,卖盘
786,13:49:58,258.53,-0.07,20,517059,卖盘
787,13:49:54,258.6,0.04,3,77580,中性盘
788,13:49:49,258.56,-0.12,15,387840,卖盘
789,13:49:44,258.68,--,2,51736,买盘
790,13:49:39,258.68,--,1,25868,买盘
791,13:49:34,258.68,-0.07,6,165555,卖盘
792,13:49:29,258.75,0.04,7,181125,买盘
793,13:49:24,258.71,-0.04,1,25870,卖盘
794,13:49:19,258.75,-0.06,10,258750,卖盘
795,13:49:13,258.81,0.06,3,77643,买盘
796,13:49:09,258.75,-0.05,5,129375,卖盘
797,13:49:04,258.8,0.01,2,51760,中性盘
798,13:48:59,258.79,-0.02,18,465822,卖盘
799,13:48:54,258.81,-0.04,11,284691,卖盘
800,13:48:49,258.85,0.06,2,51770,买盘
801,13:48:44,258.79,--,3,95752,卖盘
802,13:48:39,258.79,-0.03,4,103516,买盘
803,13:48:34,258.82,0.03,1,25882,买盘
804,13:48:29,258.79,-0.06,2,51758,中性盘
805,13:48:24,258.85,0.07,8,207080,买盘
806,13:48:19,258.78,-0.07,34,879851,卖盘
807,13:48:14,258.85,--,5,129425,买盘
808,13:48:09,258.85,--,2,51770,买盘
809,13:48:04,258.85,--,21,543585,卖盘
810,13:47:59,258.85,-0.01,4,103540,卖盘
811,13:47:49,258.86,0.07,68,1760248,买盘
812,13:47:43,258.79,-0.01,1,25879,卖盘
813,13:47:34,258.8,--,4,103520,买盘
814,13:47:28,258.8,0.02,46,1190480,买盘
815,13:47:24,258.78,-0.02,5,129389,卖盘
816,13:47:19,258.8,0.05,12,310560,买盘
817,13:47:14,258.75,--,16,414000,卖盘
818,13:47:09,258.75,-0.04,5,129375,卖盘
819,13:47:04,258.79,--,0,0,买盘
820,13:46:59,258.79,0.04,36,931644,买盘
821,13:46:49,258.75,-0.05,10,258750,买盘
822,13:46:44,258.8,--,0,0,买盘
823,13:46:38,258.8,--,4,103520,买盘
824,13:46:34,258.8,0.05,11,284680,买盘
825,13:46:28,258.75,0.04,4,103500,中性盘
826,13:46:23,258.71,-0.09,2,51741,卖盘
827,13:46:18,258.8,0.12,4,106108,买盘
828,13:46:14,258.68,--,23,594964,卖盘
829,13:46:08,258.68,0.01,5,144860,买盘
830,13:46:03,258.67,--,1,25867,卖盘
831,13:45:58,258.67,-0.01,3,77601,卖盘
832,13:45:53,258.68,0.01,2,51736,买盘
833,13:45:48,258.67,-0.01,6,155202,中性盘
834,13:45:43,258.68,0.04,4,113819,买盘
835,13:45:38,258.64,--,22,584526,买盘
836,13:45:33,258.64,--,2,51728,买盘
837,13:45:28,258.64,-0.06,4,103456,中性盘
838,13:45:23,258.7,--,1,25870,买盘
839,13:45:18,258.7,--,8,206960,买盘
840,13:45:13,258.7,0.05,28,724360,买盘
841,13:45:08,258.65,--,0,0,买盘
842,13:45:03,258.65,--,0,0,买盘
843,13:44:58,258.65,0.06,14,385388,买盘
844,13:44:53,258.59,-0.01,14,364611,卖盘
845,13:44:48,258.6,0.01,17,439620,买盘
846,13:44:43,258.59,--,9,232730,卖盘
847,13:44:38,258.59,-0.01,7,181012,卖盘
848,13:44:33,258.6,--,2,51720,买盘
849,13:44:28,258.6,0.01,11,284460,买盘
850,13:44:23,258.59,-0.01,2,51717,卖盘
851,13:44:18,258.6,--,1,25860,买盘
852,13:44:13,258.6,--,13,336180,卖盘
853,13:44:07,258.6,0.01,15,387900,买盘
854,13:44:03,258.59,--,22,568898,卖盘
855,13:43:58,258.59,-0.06,1,25858,卖盘
856,13:43:52,258.65,-0.15,26,672489,卖盘
857,13:43:48,258.8,0.15,1,25880,买盘
858,13:43:43,258.65,0.06,7,181054,买盘
859,13:43:38,258.59,-0.21,29,749910,卖盘
860,13:43:33,258.8,0.16,2,51760,买盘
861,13:43:28,258.64,-0.16,2,51728,中性盘
862,13:43:23,258.8,0.1,9,232920,卖盘
863,13:43:13,258.7,-0.1,5,129350,中性盘
864,13:43:07,258.8,--,10,258800,买盘
865,13:43:03,258.8,--,2,51760,买盘
866,13:42:58,258.8,--,3,77640,买盘
867,13:42:53,258.8,--,3,77640,买盘
868,13:42:48,258.8,0.1,1,25880,买盘
869,13:42:43,258.7,0.08,8,206960,买盘
870,13:42:38,258.62,--,15,387930,买盘
871,13:42:33,258.62,0.02,1,25862,买盘
872,13:42:28,258.6,--,3,77580,卖盘
873,13:42:22,258.6,--,1,25860,买盘
874,13:42:18,258.6,--,2,51720,买盘
875,13:42:13,258.6,0.01,3,77580,买盘
876,13:42:08,258.59,-0.01,3,77576,卖盘
877,13:42:03,258.6,--,0,0,买盘
878,13:41:58,258.6,0.05,24,620640,买盘
879,13:41:53,258.55,-0.05,8,206840,中性盘
880,13:41:43,258.6,0.1,6,155160,买盘
881,13:41:38,258.5,-0.01,5,129250,卖盘
882,13:41:28,258.51,-0.09,33,853083,卖盘
883,13:41:23,258.6,--,12,310320,卖盘
884,13:41:18,258.6,-0.03,92,2379120,卖盘
885,13:41:13,258.63,--,53,1370739,买盘
886,13:41:07,258.63,0.03,5,129315,买盘
887,13:40:58,258.6,--,17,439620,买盘
888,13:40:52,258.6,--,0,0,买盘
889,13:40:48,258.6,-0.03,4,103440,买盘
890,13:40:43,258.63,--,0,0,买盘
891,13:40:37,258.63,0.11,14,362082,买盘
892,13:40:33,258.52,--,1,25852,买盘
893,13:40:28,258.52,-0.1,9,232667,卖盘
894,13:40:23,258.62,-0.01,3,77586,卖盘
895,13:40:18,258.63,0.01,3,77589,买盘
896,13:40:13,258.62,--,3,77586,卖盘
897,13:40:08,258.62,--,22,568964,卖盘
898,13:40:03,258.62,-0.02,1,25862,卖盘
899,13:39:58,258.64,--,7,192945,买盘
900,13:39:53,258.64,0.02,38,982832,买盘
901,13:39:48,258.62,--,3,77586,买盘
902,13:39:43,258.62,--,14,362068,买盘
903,13:39:37,258.62,-0.1,59,1525858,卖盘
904,13:39:28,258.72,0.06,38,983136,买盘
905,13:39:23,258.66,-0.01,9,232794,买盘
906,13:39:13,258.67,-0.13,7,181069,卖盘
907,13:39:08,258.8,0.13,7,181160,买盘
908,13:38:58,258.67,-0.13,5,129335,中性盘
909,13:38:53,258.8,-0.13,1,25880,买盘
910,13:38:47,258.93,0.05,12,310716,买盘
911,13:38:42,258.88,0.26,1,25888,买盘
912,13:38:32,258.62,--,12,310344,买盘
913,13:38:28,258.62,0.1,1,25862,买盘
914,13:38:23,258.52,-0.1,1,25852,卖盘
915,13:38:17,258.62,--,19,491378,买盘
916,13:38:13,258.62,--,6,155172,卖盘
917,13:38:08,258.62,-0.37,3,77586,卖盘
918,13:38:01,258.99,0.37,18,466182,买盘
919,13:37:52,258.62,-0.37,21,543102,卖盘
920,13:37:47,258.99,0.37,8,207192,买盘
921,13:37:43,258.62,-0.38,8,206896,卖盘
922,13:37:37,259.0,--,6,155400,买盘
923,13:37:32,259.0,--,23,595700,买盘
924,13:37:27,259.0,--,6,155400,买盘
925,13:37:22,259.0,--,23,598290,卖盘
926,13:37:17,259.0,--,8,207200,卖盘
927,13:37:12,259.0,-0.25,3,77700,卖盘
928,13:37:07,259.25,0.24,10,259250,买盘
929,13:37:02,259.01,0.01,1,25901,买盘
930,13:36:57,259.0,-0.2,1,25900,卖盘
931,13:36:52,259.2,-0.15,22,570240,卖盘
932,13:36:47,259.35,0.35,7,181545,买盘
933,13:36:42,259.0,--,2,51800,卖盘
934,13:36:37,259.0,-0.3,7,181300,卖盘
935,13:36:32,259.3,--,2,51860,中性盘
936,13:36:27,259.3,--,0,0,中性盘
937,13:36:22,259.3,-0.25,10,259300,卖盘
938,13:36:17,259.55,0.25,16,415280,中性盘
939,13:36:12,259.3,-0.28,1,25930,卖盘
940,13:36:07,259.58,0.28,10,259579,买盘
941,13:36:01,259.3,-0.33,9,233370,卖盘
942,13:35:57,259.63,--,3,77889,买盘
943,13:35:52,259.63,-0.12,14,363482,卖盘
944,13:35:47,259.75,0.17,2,51950,买盘
945,13:35:37,259.58,0.03,15,389370,买盘
946,13:35:32,259.55,-0.3,19,493145,卖盘
947,13:35:27,259.85,0.25,26,675610,买盘
948,13:35:22,259.6,-0.05,12,311520,中性盘
949,13:35:17,259.65,0.14,19,493334,买盘
950,13:35:12,259.51,--,0,0,卖盘
951,13:35:07,259.51,-0.02,34,882334,卖盘
952,13:35:02,259.53,--,33,856448,卖盘
953,13:34:57,259.53,-0.02,76,1972427,卖盘
954,13:34:52,259.55,-0.05,2,51910,中性盘
955,13:34:42,259.6,0.02,3,77880,买盘
956,13:34:37,259.58,--,9,233622,卖盘
957,13:34:32,259.58,0.06,7,181706,买盘
958,13:34:22,259.52,-0.01,9,233567,卖盘
959,13:34:17,259.53,0.01,7,181670,买盘
960,13:34:12,259.52,--,2,51904,卖盘
961,13:34:07,259.52,0.12,23,596896,买盘
962,13:34:02,259.4,-0.07,4,103759,中性盘
963,13:33:57,259.47,0.12,9,233523,买盘
964,13:33:52,259.35,0.15,5,129675,买盘
965,13:33:47,259.2,-0.33,3,77760,卖盘
966,13:33:42,259.53,0.13,9,233576,买盘
967,13:33:37,259.4,0.15,2,51879,中性盘
968,13:33:32,259.25,0.05,1,25925,中性盘
969,13:33:27,259.2,--,8,207360,买盘
970,13:33:22,259.2,--,28,725760,卖盘
971,13:33:17,259.2,-0.39,9,233280,卖盘
972,13:33:12,259.59,0.39,15,389384,买盘
973,13:33:07,259.2,-0.28,10,259200,卖盘
974,13:33:02,259.48,0.44,5,129740,买盘
975,13:32:57,259.04,0.04,5,129520,中性盘
976,13:32:52,259.0,0.01,77,2017610,买盘
977,13:32:47,258.99,-0.01,17,440283,买盘
978,13:32:37,259.0,0.01,18,466200,买盘
979,13:32:32,258.99,-0.01,1,25899,中性盘
980,13:32:27,259.0,0.2,2,51800,买盘
981,13:32:22,258.8,-0.15,12,310560,卖盘
982,13:32:17,258.95,--,2,51790,买盘
983,13:32:12,258.95,--,0,0,买盘
984,13:32:07,258.95,-0.05,19,492005,买盘
985,13:32:01,259.0,--,0,0,买盘
986,13:31:57,259.0,--,0,0,买盘
987,13:31:52,259.0,0.16,18,466200,买盘
988,13:31:46,258.84,0.32,16,414143,买盘
989,13:31:42,258.52,-0.28,5,129259,卖盘
990,13:31:37,258.8,-0.02,1,25880,中性盘
991,13:31:32,258.82,--,2,51764,买盘
992,13:31:27,258.82,--,1,25882,买盘
993,13:31:22,258.82,-0.08,13,336466,买盘
994,13:31:17,258.9,0.07,13,336569,买盘
995,13:31:10,258.83,-0.02,13,336479,卖盘
996,13:31:06,258.85,0.02,7,181195,买盘
997,13:31:02,258.83,0.08,25,647075,买盘
998,13:30:55,258.75,-0.05,2,51750,中性盘
999,13:30:51,258.8,-0.05,12,310560,中性盘
1000,13:30:46,258.85,-0.03,10,258850,中性盘
1001,13:30:40,258.88,0.07,9,232992,买盘
1002,13:30:36,258.81,-0.07,7,181167,卖盘
1003,13:30:31,258.88,--,3,77664,买盘
1004,13:30:26,258.88,0.03,2,51776,买盘
1005,13:30:21,258.85,-0.14,1,25885,卖盘
1006,13:30:16,258.99,0.11,2,51798,买盘
1007,13:30:11,258.88,--,11,284768,买盘
1008,13:30:01,258.88,0.08,8,207104,买盘
1009,13:29:55,258.8,0.33,2,51760,买盘
1010,13:29:51,258.47,-0.28,5,129235,卖盘
1011,13:29:46,258.75,0.13,7,201825,买盘
1012,13:29:41,258.62,0.17,2,51724,买盘
1013,13:29:37,258.45,-0.25,2,51690,卖盘
1014,13:29:31,258.7,0.28,3,77610,买盘
1015,13:29:26,258.42,--,3,77526,买盘
1016,13:29:22,258.42,-0.03,15,387630,卖盘
1017,13:29:16,258.45,-0.05,4,103380,卖盘
1018,13:29:11,258.5,0.05,28,723800,买盘
1019,13:29:06,258.45,0.15,1,25845,买盘
1020,13:29:01,258.3,-0.15,29,749070,卖盘
1021,13:28:56,258.45,-0.01,2,51690,中性盘
1022,13:28:51,258.46,--,12,310152,买盘
1023,13:28:46,258.46,-0.04,2,51691,买盘
1024,13:28:40,258.5,0.03,12,310200,买盘
1025,13:28:36,258.47,0.02,1,25847,买盘
1026,13:28:31,258.45,0.15,23,594435,买盘
1027,13:28:26,258.3,-0.12,8,206640,中性盘
1028,13:28:21,258.42,0.13,25,646050,买盘
1029,13:28:16,258.29,--,8,206632,卖盘
1030,13:28:10,258.29,-0.05,31,800699,卖盘
1031,13:28:06,258.34,0.04,1,25833,卖盘
1032,13:28:01,258.3,--,15,387450,买盘
1033,13:27:55,258.3,0.01,16,413280,买盘
1034,13:27:51,258.29,-0.11,17,439093,卖盘
1035,13:27:46,258.4,--,0,0,买盘
1036,13:27:41,258.4,--,3,77520,买盘
1037,13:27:31,258.4,0.1,12,310080,买盘
1038,13:27:25,258.3,0.01,10,258300,中性盘
1039,13:27:21,258.29,-0.18,12,309948,卖盘
1040,13:27:16,258.47,0.16,13,336011,买盘
1041,13:27:11,258.31,-0.09,7,180817,中性盘
1042,13:27:06,258.4,0.06,30,775199,买盘
1043,13:27:01,258.34,0.04,2,51667,中性盘
1044,13:26:56,258.3,-0.03,24,619920,卖盘
1045,13:26:51,258.33,-0.02,2,51666,卖盘
1046,13:26:46,258.35,0.02,3,77505,中性盘
1047,13:26:41,258.33,-0.12,1,25833,卖盘
1048,13:26:36,258.45,0.05,13,335985,买盘
1049,13:26:31,258.4,--,0,0,中性盘
1050,13:26:26,258.4,0.12,15,387599,买盘
1051,13:26:21,258.28,--,17,439075,卖盘
1052,13:26:16,258.28,-0.12,19,490731,卖盘
1053,13:26:11,258.4,0.02,16,413439,买盘
1054,13:26:01,258.38,0.02,7,180866,买盘
1055,13:25:56,258.36,-0.02,20,516720,卖盘
1056,13:25:51,258.38,--,2,51676,买盘
1057,13:25:46,258.38,--,1,25838,买盘
1058,13:25:40,258.38,-0.07,17,439246,卖盘
1059,13:25:36,258.45,--,2,51690,买盘
1060,13:25:31,258.45,0.02,4,103380,买盘
1061,13:25:26,258.43,-0.02,11,284273,买盘
1062,13:25:21,258.45,--,13,335985,买盘
1063,13:25:16,258.45,0.02,2,51690,中性盘
1064,13:25:11,258.43,0.01,7,180901,买盘
1065,13:25:06,258.42,0.12,12,310104,买盘
1066,13:25:01,258.3,--,0,0,中性盘
1067,13:24:56,258.3,--,18,464940,卖盘
1068,13:24:51,258.3,-0.07,40,1033200,卖盘
1069,13:24:46,258.37,0.07,10,258370,买盘
1070,13:24:40,258.3,-0.02,23,594090,卖盘
1071,13:24:31,258.32,--,2,51664,买盘
1072,13:24:25,258.32,0.02,2,51664,买盘
1073,13:24:21,258.3,0.05,12,309960,买盘
1074,13:24:15,258.25,-0.11,1,25825,买盘
1075,13:24:11,258.36,0.13,20,516720,买盘
1076,13:24:06,258.23,-0.03,5,129115,卖盘
1077,13:24:00,258.26,-0.04,22,568172,卖盘
1078,13:23:55,258.3,0.05,1,25830,买盘
1079,13:23:51,258.25,-0.01,4,103300,卖盘
1080,13:23:46,258.26,--,0,0,买盘
1081,13:23:41,258.26,-0.04,12,309912,买盘
1082,13:23:31,258.3,0.02,12,309960,买盘
1083,13:23:26,258.28,0.04,2,51655,买盘
1084,13:23:21,258.24,-0.06,5,129120,卖盘
1085,13:23:16,258.3,-0.02,15,387450,买盘
1086,13:23:11,258.32,--,11,284152,买盘
1087,13:23:04,258.32,0.02,17,439144,买盘
1088,13:23:00,258.3,0.05,13,335790,买盘
1089,13:22:56,258.25,-0.05,6,154950,卖盘
1090,13:22:50,258.3,--,5,129150,买盘
1091,13:22:45,258.3,0.06,1,25830,买盘
1092,13:22:41,258.24,--,2,51648,卖盘
1093,13:22:35,258.24,-0.06,12,309888,卖盘
1094,13:22:30,258.3,0.05,11,284130,买盘
1095,13:22:25,258.25,-0.05,3,77475,中性盘
1096,13:22:19,258.3,0.07,8,206640,买盘
1097,13:22:15,258.23,-0.07,4,103292,卖盘
1098,13:22:10,258.3,--,2,51660,买盘
1099,13:22:04,258.3,0.08,4,103320,买盘
1100,13:22:00,258.22,-0.01,6,154932,卖盘
1101,13:21:55,258.23,-0.12,5,129115,卖盘
1102,13:21:50,258.35,--,10,258350,买盘
1103,13:21:40,258.35,--,11,284185,卖盘
1104,13:21:35,258.35,0.02,11,284185,买盘
1105,13:21:30,258.33,--,0,0,买盘
1106,13:21:25,258.33,0.12,13,335829,买盘
1107,13:21:20,258.21,-0.11,11,284031,卖盘
1108,13:21:15,258.32,0.07,7,180824,买盘
1109,13:21:10,258.25,--,1,25825,买盘
1110,13:21:05,258.25,0.02,12,309900,买盘
1111,13:21:00,258.23,0.02,1,25823,卖盘
1112,13:20:55,258.21,--,6,154926,卖盘
1113,13:20:50,258.21,-0.01,15,389897,卖盘
1114,13:20:45,258.22,-0.08,2,51644,卖盘
1115,13:20:40,258.3,-0.02,4,103320,中性盘
1116,13:20:35,258.32,--,3,77496,买盘
1117,13:20:25,258.32,-0.02,6,154992,卖盘
1118,13:20:20,258.34,--,5,129169,买盘
1119,13:20:10,258.34,0.01,6,155003,买盘
1120,13:20:00,258.33,--,5,129164,卖盘
1121,13:19:55,258.33,-0.01,7,180831,卖盘
1122,13:19:49,258.34,-0.01,10,258339,卖盘
1123,13:19:45,258.35,--,1,25835,中性盘
1124,13:19:40,258.35,--,6,155010,买盘
1125,13:19:35,258.35,-0.03,9,232515,卖盘
1126,13:19:30,258.38,-0.08,3,77514,中性盘
1127,13:19:25,258.46,--,8,206767,买盘
1128,13:19:20,258.46,0.11,20,516919,买盘
1129,13:19:15,258.35,--,8,206680,买盘
1130,13:19:04,258.35,--,15,387525,卖盘
1131,13:19:00,258.35,-0.11,1,25835,卖盘
1132,13:18:55,258.46,-0.01,1,25845,中性盘
1133,13:18:50,258.47,--,18,465246,买盘
1134,13:18:45,258.47,--,0,0,中性盘
1135,13:18:40,258.47,-0.03,1,25847,买盘
1136,13:18:34,258.5,--,5,129250,买盘
1137,13:18:30,258.5,0.02,9,255915,买盘
1138,13:18:19,258.48,0.01,5,129240,中性盘
1139,13:18:10,258.47,--,2,51694,卖盘
1140,13:18:04,258.47,0.13,0,2584,买盘
1141,13:18:00,258.34,-0.13,1,25833,卖盘
1142,13:17:55,258.47,--,3,77541,买盘
1143,13:17:50,258.47,0.14,1,25847,买盘
1144,13:17:45,258.33,-0.05,3,77499,卖盘
1145,13:17:40,258.38,-0.27,10,281634,卖盘
1146,13:17:35,258.65,0.15,2,51729,买盘
1147,13:17:30,258.5,--,5,131835,买盘
1148,13:17:25,258.5,--,5,129250,买盘
1149,13:17:19,258.5,0.18,1,25850,买盘
1150,13:17:15,258.32,-0.18,1,25832,卖盘
1151,13:17:10,258.5,0.01,18,465300,买盘
1152,13:17:05,258.49,0.19,5,129245,买盘
1153,13:17:00,258.3,--,5,129150,卖盘
1154,13:16:54,258.3,-0.2,3,77490,卖盘
1155,13:16:50,258.5,0.19,3,77550,买盘
1156,13:16:45,258.31,--,0,0,中性盘
1157,13:16:40,258.31,-0.18,3,77493,中性盘
1158,13:16:34,258.49,-0.11,6,155094,卖盘
1159,13:16:30,258.6,--,4,103440,买盘
1160,13:16:24,258.6,--,0,0,买盘
1161,13:16:20,258.6,--,3,77580,买盘
1162,13:16:15,258.6,0.1,1,25860,买盘
1163,13:16:10,258.5,-0.01,6,160270,卖盘
1164,13:16:05,258.51,-0.14,7,180957,卖盘
1165,13:16:00,258.65,--,3,77595,买盘
1166,13:15:55,258.65,-0.05,3,77595,中性盘
1167,13:15:49,258.7,--,3,77610,买盘
1168,13:15:45,258.7,0.19,16,413920,中性盘
1169,13:15:40,258.51,-0.2,13,336063,卖盘
1170,13:15:35,258.71,0.16,5,129354,中性盘
1171,13:15:30,258.55,-0.18,13,336115,卖盘
1172,13:15:24,258.73,-0.26,1,25873,卖盘
1173,13:15:20,258.99,0.26,1,25899,买盘
1174,13:15:13,258.73,-0.07,5,129365,卖盘
1175,13:15:09,258.8,-0.19,2,51760,卖盘
1176,13:15:05,258.99,0.1,3,77697,买盘
1177,13:14:59,258.89,-0.11,4,103556,卖盘
1178,13:14:49,259.0,0.05,3,77700,买盘
1179,13:14:43,258.95,-0.05,2,51790,卖盘
1180,13:14:39,259.0,--,10,259000,买盘
1181,13:14:34,259.0,--,3,77700,买盘
1182,13:14:28,259.0,--,2,51800,买盘
1183,13:14:24,259.0,0.11,8,207200,买盘
1184,13:14:19,258.89,0.09,4,103556,买盘
1185,13:14:14,258.8,-0.2,4,103520,卖盘
1186,13:14:09,259.0,0.01,12,310800,买盘
1187,13:14:04,258.99,0.14,1,25899,中性盘
1188,13:13:58,258.85,-0.1,5,129425,卖盘
1189,13:13:54,258.95,0.06,1,25895,中性盘
1190,13:13:49,258.89,-0.11,5,129445,卖盘
1191,13:13:43,259.0,--,16,414400,买盘
1192,13:13:39,259.0,--,3,77700,买盘
1193,13:13:34,259.0,0.11,17,440300,买盘
1194,13:13:29,258.89,-0.11,2,51778,卖盘
1195,13:13:24,259.0,0.11,2,51800,买盘
1196,13:13:19,258.89,-0.11,5,129445,卖盘
1197,13:13:13,259.0,--,3,77700,买盘
1198,13:13:09,259.0,--,1,25900,买盘
1199,13:12:59,259.0,0.11,7,181300,买盘
1200,13:12:54,258.89,-0.65,70,1812230,卖盘
1201,13:12:49,259.54,-0.07,2,51908,中性盘
1202,13:12:43,259.61,0.48,24,623064,买盘
1203,13:12:39,259.13,-0.17,7,181391,卖盘
1204,13:12:33,259.3,-0.28,1,25930,卖盘
1205,13:12:29,259.58,0.28,9,233622,买盘
1206,13:12:24,259.3,0.17,21,544530,买盘
1207,13:12:19,259.13,-0.16,123,3187299,卖盘
1208,13:12:13,259.29,0.16,6,155574,买盘
1209,13:12:09,259.13,-0.17,15,388695,卖盘
1210,13:12:04,259.3,--,6,155580,买盘
1211,13:11:59,259.3,--,2,51860,买盘
1212,13:11:54,259.3,--,1,25930,买盘
1213,13:11:49,259.3,--,2,51860,买盘
1214,13:11:43,259.3,-0.21,100,2613744,卖盘
1215,13:11:34,259.51,-0.1,6,155706,卖盘
1216,13:11:29,259.61,--,3,77883,买盘
1217,13:11:19,259.61,--,9,233649,卖盘
1218,13:11:14,259.61,-0.39,56,1453816,卖盘
1219,13:11:09,260.0,0.36,127,3302000,买盘
1220,13:11:04,259.64,-0.36,131,3401284,卖盘
1221,13:10:58,260.0,--,13,338000,买盘
1222,13:10:54,260.0,--,130,3380000,买盘
1223,13:10:49,260.0,--,17,442000,买盘
1224,13:10:43,260.0,--,1,26000,买盘
1225,13:10:39,260.0,--,3,78000,买盘
1226,13:10:34,260.0,--,54,1404000,买盘
1227,13:10:28,260.0,--,6,156000,买盘
1228,13:10:24,260.0,-0.35,113,2938000,卖盘
1229,13:10:19,260.35,-0.11,4,104140,卖盘
1230,13:10:14,260.46,--,19,494873,买盘
1231,13:10:09,260.46,0.11,4,104183,买盘
1232,13:10:04,260.35,-0.09,119,3098165,卖盘
1233,13:09:59,260.44,-0.01,29,755276,中性盘
1234,13:09:54,260.45,-0.01,18,468810,买盘
1235,13:09:49,260.46,0.16,51,1328346,买盘
1236,13:09:44,260.3,0.1,8,208240,中性盘
1237,13:09:39,260.2,--,3,78060,卖盘
1238,13:09:34,260.2,-0.25,26,676520,卖盘
1239,13:09:28,260.45,0.12,11,286495,中性盘
1240,13:09:24,260.33,-0.15,4,104132,卖盘
1241,13:09:19,260.48,0.13,10,261782,买盘
1242,13:09:14,260.35,0.02,18,468630,中性盘
1243,13:09:09,260.33,--,11,286363,卖盘
1244,13:09:04,260.33,0.09,66,1718178,买盘
1245,13:08:59,260.24,0.06,58,1509392,买盘
1246,13:08:54,260.18,--,4,104072,中性盘
1247,13:08:49,260.18,0.18,65,1692991,买盘
1248,13:08:44,260.0,-0.01,67,1766180,卖盘
1249,13:08:39,260.01,0.02,294,7646114,买盘
1250,13:08:34,259.99,--,31,805969,买盘
1251,13:08:29,259.99,0.09,79,2053921,买盘
1252,13:08:24,259.9,--,1,25989,卖盘
1253,13:08:19,259.9,-0.08,18,467819,卖盘
1254,13:08:14,259.98,0.05,39,1013922,买盘
1255,13:08:09,259.93,0.17,5,129965,买盘
1256,13:08:04,259.76,-0.19,6,155856,买盘
1257,13:07:58,259.95,0.22,38,987810,买盘
1258,13:07:54,259.73,-0.2,9,233757,卖盘
1259,13:07:48,259.93,--,11,285923,买盘
1260,13:07:44,259.93,--,7,181951,买盘
1261,13:07:39,259.93,--,16,415888,买盘
1262,13:07:34,259.93,0.33,4,103972,买盘
1263,13:07:29,259.6,-0.33,1,25960,卖盘
1264,13:07:23,259.93,-0.02,2,51986,中性盘
1265,13:07:19,259.95,--,5,129975,买盘
1266,13:07:13,259.95,--,14,363930,买盘
1267,13:07:07,259.95,0.36,6,155970,买盘
1268,13:07:04,259.59,-0.36,16,415343,卖盘
1269,13:06:52,259.95,--,9,233955,中性盘
1270,13:06:48,259.95,--,40,1039800,买盘
1271,13:06:43,259.95,0.01,11,285945,买盘
1272,13:06:37,259.94,-0.01,1,25994,买盘
1273,13:06:33,259.95,--,3,77985,买盘
1274,13:06:27,259.95,0.1,5,129975,买盘
1275,13:06:23,259.85,-0.05,2,51970,买盘
1276,13:06:18,259.9,--,0,0,买盘
1277,13:06:13,259.9,-0.05,2,51979,卖盘
1278,13:06:07,259.95,0.05,16,415920,买盘
1279,13:06:03,259.9,0.57,1,25989,买盘
1280,13:05:58,259.33,-0.65,7,181531,卖盘
1281,13:05:53,259.98,0.08,47,1221906,中性盘
1282,13:05:48,259.9,--,2,51979,卖盘
1283,13:05:43,259.9,-0.09,27,701729,卖盘
1284,13:05:37,259.99,0.09,44,1143956,买盘
1285,13:05:33,259.9,--,37,961629,卖盘
1286,13:05:27,259.9,0.09,33,857669,买盘
1287,13:05:23,259.81,0.51,32,831392,买盘
1288,13:05:17,259.3,-0.38,19,492670,卖盘
1289,13:05:13,259.68,0.17,192,4985856,买盘
1290,13:05:08,259.51,-0.09,2,51902,卖盘
1291,13:05:03,259.6,0.09,1,25960,中性盘
1292,13:04:57,259.51,-0.34,17,441167,中性盘
1293,13:04:52,259.85,0.22,50,1299250,买盘
1294,13:04:43,259.63,0.13,3,77889,买盘
1295,13:04:38,259.5,--,5,129750,卖盘
1296,13:04:33,259.5,-0.13,5,134940,卖盘
1297,13:04:28,259.63,-0.03,14,363482,买盘
1298,13:04:22,259.66,-0.1,2,51932,买盘
1299,13:04:18,259.76,0.65,1,25976,买盘
1300,13:04:13,259.11,-0.69,13,336843,卖盘
1301,13:04:08,259.8,0.01,10,259800,买盘
1302,13:04:03,259.79,-0.01,11,285769,中性盘
1303,13:03:58,259.8,0.06,11,285780,买盘
1304,13:03:53,259.74,-0.05,2,51948,卖盘
1305,13:03:48,259.79,0.19,17,441643,买盘
1306,13:03:43,259.6,-0.09,22,571120,卖盘
1307,13:03:38,259.69,0.68,44,1142636,买盘
1308,13:03:33,259.01,-0.19,51,1320951,卖盘
1309,13:03:28,259.2,-0.54,88,2295475,卖盘
1310,13:03:22,259.74,0.14,16,415584,中性盘
1311,13:03:13,259.6,-0.17,3,77880,卖盘
1312,13:03:07,259.77,0.07,17,441608,买盘
1313,13:03:03,259.7,-0.07,10,259700,卖盘
1314,13:02:57,259.77,0.07,25,649425,买盘
1315,13:02:53,259.7,-0.04,1,25970,买盘
1316,13:02:43,259.74,0.24,11,285714,买盘
1317,13:02:38,259.5,-0.2,11,285450,卖盘
1318,13:02:33,259.7,--,1,25970,卖盘
1319,13:02:23,259.7,0.45,1,25970,买盘
1320,13:02:13,259.25,-0.3,7,181475,卖盘
1321,13:02:07,259.55,0.3,16,415280,买盘
1322,13:02:03,259.25,-0.25,4,103700,卖盘
1323,13:01:58,259.5,0.5,44,1153218,买盘
1324,13:01:53,259.0,-0.2,2,51800,卖盘
1325,13:01:48,259.2,-0.6,188,4887475,卖盘
1326,13:01:42,259.8,--,4,103920,卖盘
1327,13:01:38,259.8,--,6,155880,卖盘
1328,13:01:33,259.8,-0.04,2,51960,卖盘
1329,13:01:28,259.84,0.04,7,181887,买盘
1330,13:01:22,259.8,--,4,103920,卖盘
1331,13:01:13,259.8,-0.15,13,337740,买盘
1332,13:01:03,259.95,0.17,3,77985,中性盘
1333,13:00:58,259.78,-0.21,9,233801,卖盘
1334,13:00:53,259.99,0.19,36,935964,买盘
1335,13:00:48,259.8,--,0,0,卖盘
1336,13:00:43,259.8,--,3,77940,卖盘
1337,13:00:38,259.8,--,55,1428900,卖盘
1338,13:00:33,259.8,0.1,15,389700,买盘
1339,13:00:27,259.7,--,10,280476,卖盘
1340,13:00:22,259.7,-0.3,57,1480290,卖盘
1341,13:00:18,260.0,0.01,427,11127740,买盘
1342,13:00:12,259.99,-0.01,48,1247952,中性盘
1343,13:00:07,260.0,0.15,878,22828260,买盘
1344,13:00:02,259.85,--,32,831520,买盘
1345,11:30:00,259.85,--,0,0,买盘
1346,11:30:00,259.85,--,0,0,买盘
1347,11:29:59,259.85,0.07,51,1325235,买盘
1348,11:29:58,259.78,-0.06,11,285757,卖盘
1349,11:29:53,259.84,--,0,0,买盘
1350,11:29:48,259.84,0.04,10,259839,买盘
1351,11:29:43,259.8,0.02,35,909300,买盘
1352,11:29:38,259.78,0.08,8,207823,买盘
1353,11:29:33,259.7,-0.08,23,597310,卖盘
1354,11:29:28,259.78,--,14,363691,买盘
1355,11:29:23,259.78,0.01,24,623471,买盘
1356,11:29:18,259.77,--,4,103908,中性盘
1357,11:29:13,259.77,0.07,24,623448,卖盘
1358,11:29:08,259.7,--,3,77910,卖盘
1359,11:29:03,259.7,-0.05,2,51940,卖盘
1360,11:28:58,259.75,0.05,35,914320,买盘
1361,11:28:53,259.7,--,3,77910,买盘
1362,11:28:47,259.7,0.04,10,259700,买盘
1363,11:28:43,259.66,--,6,155796,买盘
1364,11:28:38,259.66,0.02,6,155796,买盘
1365,11:28:28,259.64,-0.01,9,233676,卖盘
1366,11:28:17,259.65,--,0,0,中性盘
1367,11:28:13,259.65,-0.03,2,51929,中性盘
1368,11:28:08,259.68,0.01,11,285648,买盘
1369,11:28:02,259.67,0.23,3,77901,买盘
1370,11:27:58,259.44,0.03,3,98068,中性盘
1371,11:27:53,259.41,0.01,14,363174,中性盘
1372,11:27:43,259.4,--,0,0,卖盘
1373,11:27:38,259.4,--,14,363159,买盘
1374,11:27:32,259.4,--,1,25939,买盘
1375,11:27:28,259.4,--,8,207519,买盘
1376,11:27:23,259.4,--,15,389099,买盘
1377,11:27:17,259.4,--,2,51879,买盘
1378,11:27:13,259.4,-0.2,1,25939,卖盘
1379,11:27:08,259.6,0.2,2,51920,买盘
1380,11:26:58,259.4,--,1,25939,卖盘
1381,11:26:53,259.4,-0.35,2,51879,买盘
1382,11:26:47,259.75,--,0,0,买盘
1383,11:26:43,259.75,0.01,1,25975,买盘
1384,11:26:38,259.74,0.41,1,25974,中性盘
1385,11:26:28,259.33,-0.46,1,25933,卖盘
1386,11:26:23,259.79,--,2,51958,中性盘
1387,11:26:17,259.79,--,0,0,中性盘
1388,11:26:13,259.79,-0.06,14,363706,买盘
1389,11:26:08,259.85,0.54,3,77955,买盘
1390,11:26:02,259.31,-0.49,20,518620,卖盘
1391,11:25:58,259.8,-0.1,15,389700,买盘
1392,11:25:53,259.9,0.11,29,753709,买盘
1393,11:25:47,259.79,-0.01,10,259790,卖盘
1394,11:25:42,259.8,-0.07,5,147046,卖盘
1395,11:25:38,259.87,0.07,15,389805,买盘
1396,11:25:32,259.8,0.03,2,51960,买盘
1397,11:25:28,259.77,-0.02,7,181839,卖盘
1398,11:25:22,259.79,--,5,129895,买盘
1399,11:25:17,259.79,--,2,51958,买盘
1400,11:25:13,259.79,-0.01,1,25979,买盘
1401,11:25:08,259.8,-0.1,2,51960,卖盘
1402,11:25:02,259.9,0.13,20,519799,买盘
1403,11:24:58,259.77,-0.09,1,25977,中性盘
1404,11:24:52,259.86,0.07,43,1125193,买盘
1405,11:24:47,259.79,0.04,10,277975,买盘
1406,11:24:43,259.75,0.01,7,181825,买盘
1407,11:24:37,259.74,0.05,26,675324,买盘
1408,11:24:32,259.69,-0.01,9,233721,卖盘
1409,11:24:27,259.7,--,41,1064770,买盘
1410,11:24:22,259.7,0.06,26,675220,买盘
1411,11:24:17,259.64,-0.01,1,38946,卖盘
1412,11:24:12,259.65,0.01,62,1609829,买盘
1413,11:24:07,259.64,--,3,77892,卖盘
1414,11:24:02,259.64,0.04,70,1817480,买盘
1415,11:23:57,259.6,0.3,4,103840,卖盘
1416,11:23:52,259.3,-0.34,204,5289720,卖盘
1417,11:23:42,259.64,0.04,1,25964,买盘
1418,11:23:37,259.6,0.19,37,960520,买盘
1419,11:23:32,259.41,--,3,77823,买盘
1420,11:23:27,259.41,--,2,51882,买盘
1421,11:23:22,259.41,--,8,207528,买盘
1422,11:23:17,259.41,--,25,648525,买盘
1423,11:23:12,259.41,-0.19,28,726348,卖盘
1424,11:23:07,259.6,-0.06,3,77880,卖盘
1425,11:23:02,259.66,0.36,13,337558,买盘
1426,11:22:57,259.3,-0.01,252,6557697,卖盘
1427,11:22:52,259.31,--,60,1555860,卖盘
1428,11:22:47,259.31,0.01,21,544551,买盘
1429,11:22:37,259.3,0.05,56,1459859,买盘
1430,11:22:32,259.25,0.05,1,25925,买盘
1431,11:22:27,259.2,-0.05,10,259200,中性盘
1432,11:22:22,259.25,0.05,20,518500,买盘
1433,11:22:17,259.2,--,7,181440,买盘
1434,11:22:12,259.2,0.03,9,233280,买盘
1435,11:22:07,259.17,0.16,12,313595,买盘
1436,11:21:57,259.01,-0.15,3,77703,卖盘
1437,11:21:52,259.16,0.16,47,1218052,买盘
1438,11:21:47,259.0,--,11,284900,买盘
1439,11:21:42,259.0,--,19,492100,买盘
1440,11:21:37,259.0,-0.17,37,958300,卖盘
1441,11:21:32,259.17,0.07,13,336921,买盘
1442,11:21:22,259.1,0.11,12,310920,买盘
1443,11:21:17,258.99,-0.18,26,673374,中性盘
1444,11:21:11,259.17,0.07,60,1578345,买盘
1445,11:21:07,259.1,0.1,22,572611,买盘
1446,11:21:02,259.0,--,6,155400,买盘
1447,11:20:56,259.0,0.1,55,1424500,买盘
1448,11:20:52,258.9,0.01,12,310680,卖盘
1449,11:20:47,258.89,-0.11,28,724892,卖盘
1450,11:20:41,259.0,--,12,310800,买盘
1451,11:20:37,259.0,0.12,164,4247600,买盘
1452,11:20:32,258.88,--,79,2045152,卖盘
1453,11:20:26,258.88,--,46,1190848,买盘
1454,11:20:22,258.88,--,203,5255264,买盘
1455,11:20:17,258.88,0.01,4,103552,买盘
1456,11:20:11,258.87,--,2,51774,买盘
1457,11:20:07,258.87,-0.01,81,2096847,买盘
1458,11:20:02,258.88,--,0,0,买盘
1459,11:19:56,258.88,--,0,0,买盘
1460,11:19:52,258.88,0.03,38,983744,买盘
1461,11:19:47,258.85,0.05,55,1423675,买盘
1462,11:19:41,258.8,0.07,12,313148,买盘
1463,11:19:37,258.73,-0.05,153,3958569,中性盘
1464,11:19:31,258.78,0.01,68,1772642,买盘
1465,11:19:26,258.77,0.01,10,258769,买盘
1466,11:19:22,258.76,0.04,3,77628,买盘
1467,11:19:17,258.72,0.06,40,1056095,买盘
1468,11:19:11,258.66,--,0,0,买盘
1469,11:19:06,258.66,-0.04,3,79667,卖盘
1470,11:19:02,258.7,0.02,4,103480,买盘
1471,11:18:56,258.68,--,2,51736,买盘
1472,11:18:52,258.68,0.02,17,444929,买盘
1473,11:18:46,258.66,0.01,152,3948703,买盘
1474,11:18:41,258.65,--,1,25864,买盘
1475,11:18:37,258.65,0.03,6,168122,买盘
1476,11:18:31,258.62,--,20,530171,中性盘
1477,11:18:26,258.62,0.02,14,362068,买盘
1478,11:18:21,258.6,--,0,0,卖盘
1479,11:18:11,258.6,0.1,10,260668,买盘
1480,11:18:07,258.5,-0.05,19,493218,卖盘
1481,11:18:01,258.55,0.01,2,51710,买盘
1482,11:17:51,258.54,-0.01,4,103416,卖盘
1483,11:17:46,258.55,--,2,51710,买盘
1484,11:17:37,258.55,--,2,51710,卖盘
1485,11:17:22,258.55,-0.01,5,145822,中性盘
1486,11:17:17,258.56,--,4,103424,买盘
1487,11:17:06,258.56,0.06,2,53780,买盘
1488,11:17:01,258.5,--,3,77550,卖盘
1489,11:16:56,258.5,-0.05,1,42394,卖盘
1490,11:16:52,258.55,-0.02,4,103420,中性盘
1491,11:16:46,258.57,--,3,77571,买盘
1492,11:16:37,258.57,--,13,336141,买盘
1493,11:16:21,258.57,-0.02,7,180999,卖盘
1494,11:16:16,258.59,0.09,3,77576,中性盘
1495,11:16:11,258.5,-0.15,1,25850,卖盘
1496,11:16:06,258.65,0.63,124,3209329,买盘
1497,11:16:01,258.02,-0.48,16,412832,卖盘
1498,11:15:51,258.5,--,0,0,买盘
1499,11:15:46,258.5,-0.09,4,103400,中性盘
1500,11:15:41,258.59,0.09,13,336166,买盘
1501,11:15:36,258.5,-0.09,9,232650,卖盘
1502,11:15:31,258.59,--,1,25858,买盘
1503,11:15:26,258.59,0.09,6,155153,买盘
1504,11:15:21,258.5,-0.17,14,361900,卖盘
1505,11:15:16,258.67,--,0,0,买盘
1506,11:15:11,258.67,0.09,1,25867,买盘
1507,11:15:06,258.58,-0.07,16,415796,卖盘
1508,11:15:01,258.65,0.06,24,620760,买盘
1509,11:14:56,258.59,0.08,2,51717,买盘
1510,11:14:51,258.51,-0.09,103,2662653,中性盘
1511,11:14:46,258.6,0.08,2,51720,买盘
1512,11:14:40,258.52,0.02,5,129259,中性盘
1513,11:14:36,258.5,-0.08,3,84788,卖盘
1514,11:14:31,258.58,--,0,20686,买盘
1515,11:14:21,258.58,0.04,24,620592,买盘
1516,11:14:16,258.54,0.25,95,2475779,买盘
1517,11:14:06,258.29,-0.21,5,129145,卖盘
1518,11:14:01,258.5,0.01,1,25850,买盘
1519,11:13:56,258.49,-0.01,1,25849,中性盘
1520,11:13:50,258.5,0.05,12,310200,买盘
1521,11:13:46,258.45,-0.05,4,105964,买盘
1522,11:13:34,258.5,0.1,122,3153700,买盘
1523,11:13:31,258.4,-0.1,15,400519,卖盘
1524,11:13:26,258.5,0.1,35,904750,买盘
1525,11:13:16,258.4,--,5,129199,卖盘
1526,11:13:11,258.4,0.11,54,1408279,买盘
1527,11:13:05,258.29,0.03,1,25829,买盘
1528,11:13:01,258.26,-0.05,2,51652,卖盘
1529,11:12:56,258.31,--,0,0,买盘
1530,11:12:50,258.31,0.3,2,51662,买盘
1531,11:12:46,258.01,-0.29,29,748229,卖盘
1532,11:12:41,258.3,0.04,41,1059030,买盘
1533,11:12:35,258.26,--,1,25826,买盘
1534,11:12:26,258.26,--,6,154956,中性盘
1535,11:12:20,258.26,0.25,1,25826,买盘
1536,11:12:15,258.01,--,2,51602,卖盘
1537,11:12:11,258.01,-0.25,4,117910,卖盘
1538,11:12:01,258.26,--,2,51652,中性盘
1539,11:11:55,258.26,0.26,1,25826,买盘
1540,11:11:46,258.0,--,3,77400,卖盘
1541,11:11:40,258.0,-0.15,6,154800,卖盘
1542,11:11:35,258.15,0.14,1,25814,买盘
1543,11:11:30,258.01,--,4,103204,卖盘
1544,11:11:25,258.01,0.01,3,77403,中性盘
1545,11:11:16,258.0,--,0,0,卖盘
1546,11:11:10,258.0,0.26,3,77400,中性盘
1547,11:11:01,257.74,-0.55,5,128870,中性盘
1548,11:10:55,258.29,-0.01,3,77487,买盘
1549,11:10:45,258.3,--,0,0,买盘
1550,11:10:40,258.3,0.64,2,51660,买盘
1551,11:10:30,257.66,-0.64,4,103064,中性盘
1552,11:10:25,258.3,--,3,77490,买盘
1553,11:10:20,258.3,--,2,51660,买盘
1554,11:10:16,258.3,-0.01,1,25830,买盘
1555,11:10:10,258.31,--,0,0,买盘
1556,11:10:01,258.31,0.21,1,25831,买盘
1557,11:09:55,258.1,-0.15,10,258100,中性盘
1558,11:09:45,258.25,-0.06,6,154950,买盘
1559,11:09:40,258.31,--,0,0,买盘
1560,11:09:31,258.31,--,3,77493,买盘
1561,11:09:25,258.31,0.92,35,904085,买盘
1562,11:09:20,257.39,--,1,25739,买盘
1563,11:09:15,257.39,-0.99,3,90086,卖盘
1564,11:09:10,258.38,--,3,77514,买盘
1565,11:09:05,258.38,0.23,15,387570,买盘
1566,11:09:00,258.15,-0.23,2,51629,卖盘
1567,11:08:55,258.38,0.18,3,77514,买盘
1568,11:08:45,258.2,-0.2,1,25820,中性盘
1569,11:08:35,258.4,--,3,77520,买盘
1570,11:08:30,258.4,0.32,306,7917375,买盘
1571,11:08:25,258.08,--,0,0,卖盘
1572,11:08:20,258.08,--,0,0,卖盘
1573,11:08:15,258.08,-0.42,1,25808,卖盘
1574,11:08:10,258.5,0.35,102,2636700,买盘
1575,11:08:05,258.15,0.07,1,25814,买盘
1576,11:08:00,258.08,-0.05,2,51616,卖盘
1577,11:07:55,258.13,-0.02,4,103252,卖盘
1578,11:07:50,258.15,-0.34,3,77445,卖盘
1579,11:07:45,258.49,0.29,39,1016382,买盘
1580,11:07:40,258.2,-0.12,13,335660,卖盘
1581,11:07:35,258.32,-0.13,9,236621,卖盘
1582,11:07:30,258.45,0.18,18,486919,买盘
1583,11:07:25,258.27,-0.05,30,774810,卖盘
1584,11:07:20,258.32,--,21,542472,卖盘
1585,11:07:15,258.32,-0.14,16,413312,卖盘
1586,11:07:10,258.46,0.14,25,646150,买盘
1587,11:07:04,258.32,-0.14,3,77496,卖盘
1588,11:07:00,258.46,0.06,102,2636292,买盘
1589,11:06:55,258.4,--,61,1576239,买盘
1590,11:06:50,258.4,--,0,0,买盘
1591,11:06:45,258.4,0.14,64,1671331,买盘
1592,11:06:40,258.26,-0.09,11,284086,中性盘
1593,11:06:35,258.35,0.15,43,1110905,买盘
1594,11:06:25,258.2,--,129,3330780,买盘
1595,11:06:20,258.2,--,4,103280,买盘
1596,11:06:14,258.2,-0.06,1,25820,卖盘
1597,11:06:10,258.26,0.06,1,25826,买盘
1598,11:06:05,258.2,--,26,671320,买盘
1599,11:05:59,258.2,-0.06,1,25820,卖盘
1600,11:05:55,258.26,0.14,37,955562,买盘
1601,11:05:50,258.12,0.1,1,25812,中性盘
1602,11:05:44,258.02,-0.08,1,25802,中性盘
1603,11:05:40,258.1,0.1,22,567820,买盘
1604,11:05:35,258.0,-0.1,99,2554200,卖盘
1605,11:05:29,258.1,0.1,0,12905,买盘
1606,11:05:25,258.0,0.03,2,51600,中性盘
1607,11:05:20,257.97,--,8,206376,卖盘
1608,11:05:13,257.97,--,0,0,卖盘
1609,11:05:10,257.97,-0.03,11,283767,卖盘
1610,11:05:05,258.0,0.02,192,4971402,买盘
1611,11:04:59,257.98,0.01,1,25798,买盘
1612,11:04:54,257.97,--,5,128985,卖盘
1613,11:04:50,257.97,--,6,154782,卖盘
1614,11:04:44,257.97,--,7,180579,买盘
1615,11:04:40,257.97,--,16,412752,买盘
1616,11:04:35,257.97,--,1,25797,买盘
1617,11:04:29,257.97,0.1,1,25797,买盘
1618,11:04:24,257.87,-0.11,3,77361,卖盘
1619,11:04:19,257.98,--,1,25798,买盘
1620,11:04:14,257.98,--,0,0,买盘
1621,11:04:09,257.98,0.12,54,1393092,买盘
1622,11:04:04,257.86,--,2,51572,卖盘
1623,11:03:59,257.86,-0.13,3,77358,卖盘
1624,11:03:54,257.99,--,6,154794,买盘
1625,11:03:49,257.99,--,4,103196,买盘
1626,11:03:44,257.99,-0.01,3,77397,买盘
1627,11:03:40,258.0,--,0,0,买盘
1628,11:03:34,258.0,--,30,781998,卖盘
1629,11:03:29,258.0,-0.16,18,464400,卖盘
1630,11:03:25,258.16,0.04,7,180712,买盘
1631,11:03:19,258.12,0.12,5,129060,中性盘
1632,11:03:10,258.0,--,3,77400,卖盘
1633,11:03:04,258.0,--,5,129000,卖盘
1634,11:02:59,258.0,--,6,162024,卖盘
1635,11:02:55,258.0,-0.13,12,314760,卖盘
1636,11:02:49,258.13,0.17,158,4083874,买盘
1637,11:02:39,257.96,--,16,412735,卖盘
1638,11:02:34,257.96,-0.04,34,877063,卖盘
1639,11:02:24,258.0,0.05,30,774000,买盘
1640,11:02:19,257.95,-0.01,3,77385,买盘
1641,11:02:14,257.96,--,6,154776,卖盘
1642,11:02:09,257.96,--,37,954451,卖盘
1643,11:02:04,257.96,--,5,128979,卖盘
1644,11:01:59,257.96,--,3,77388,卖盘
1645,11:01:54,257.96,--,3,77388,卖盘
1646,11:01:49,257.96,0.12,18,464327,买盘
1647,11:01:39,257.84,--,2,51567,卖盘
1648,11:01:34,257.84,--,2,51567,卖盘
1649,11:01:24,257.84,--,4,103135,卖盘
1650,11:01:19,257.84,-0.05,51,1314983,卖盘
1651,11:01:14,257.89,--,3,77367,买盘
1652,11:01:09,257.89,--,3,77367,买盘
1653,11:00:59,257.89,--,1,25789,买盘
1654,11:00:54,257.89,0.07,87,2243643,买盘
1655,11:00:49,257.82,--,13,335166,卖盘
1656,11:00:43,257.82,--,3,77346,卖盘
1657,11:00:39,257.82,-0.02,3,77346,卖盘
1658,11:00:34,257.84,--,22,567248,买盘
1659,11:00:29,257.84,--,2,51567,买盘
1660,11:00:24,257.84,0.02,11,283624,买盘
1661,11:00:19,257.82,0.02,3,77346,卖盘
1662,11:00:14,257.8,0.01,8,206240,买盘
1663,11:00:09,257.79,0.02,3,77337,买盘
1664,11:00:04,257.77,--,7,180439,卖盘
1665,10:59:54,257.77,0.06,18,463985,买盘
1666,10:59:49,257.71,--,3,77313,卖盘
1667,10:59:44,257.71,--,0,0,卖盘
1668,10:59:39,257.71,-0.06,2,51541,卖盘
1669,10:59:34,257.77,0.06,1,25777,买盘
1670,10:59:29,257.71,--,2,51541,卖盘
1671,10:59:24,257.71,0.04,16,412335,买盘
1672,10:59:19,257.67,0.08,1,25767,买盘
1673,10:59:14,257.59,--,6,154553,卖盘
1674,10:59:09,257.59,--,4,103035,卖盘
1675,10:59:04,257.59,--,2,51517,卖盘
1676,10:58:59,257.59,--,8,206071,卖盘
1677,10:58:54,257.59,0.09,11,296228,买盘
1678,10:58:49,257.5,-0.09,4,103000,卖盘
1679,10:58:34,257.59,--,1,25758,买盘
1680,10:58:29,257.59,0.09,5,128794,买盘
1681,10:58:23,257.5,-0.03,31,798250,卖盘
1682,10:58:19,257.53,-0.06,6,154517,卖盘
1683,10:58:14,257.59,-0.06,11,283349,卖盘
1684,10:58:08,257.65,--,1,25764,买盘
1685,10:58:04,257.65,0.06,12,309180,买盘
1686,10:57:59,257.59,0.01,7,180312,买盘
1687,10:57:53,257.58,0.05,13,334854,买盘
1688,10:57:49,257.53,0.03,4,103011,卖盘
1689,10:57:44,257.5,-0.09,37,952750,卖盘
1690,10:57:38,257.59,0.06,1,25758,买盘
1691,10:57:34,257.53,--,0,0,卖盘
1692,10:57:23,257.53,--,14,360541,卖盘
1693,10:57:14,257.53,--,3,77258,卖盘
1694,10:57:03,257.53,0.22,14,363117,买盘
1695,10:56:59,257.31,0.01,3,77193,卖盘
1696,10:56:48,257.3,--,4,102920,买盘
1697,10:56:43,257.3,-0.2,12,308760,中性盘
1698,10:56:38,257.5,--,5,128750,买盘
1699,10:56:34,257.5,-0.01,74,1905500,卖盘
1700,10:56:28,257.51,-0.02,4,103004,卖盘
1701,10:56:23,257.53,0.03,1,25752,买盘
1702,10:56:18,257.5,-0.03,6,154500,卖盘
1703,10:56:13,257.53,0.03,18,463553,买盘
1704,10:56:04,257.5,--,9,231750,卖盘
1705,10:55:58,257.5,0.21,15,386250,买盘
1706,10:55:53,257.29,--,0,0,卖盘
1707,10:55:43,257.29,-0.01,0,7204,买盘
1708,10:55:34,257.3,-0.17,6,172905,卖盘
1709,10:55:28,257.47,--,12,328016,卖盘
1710,10:55:23,257.47,0.17,1,25747,中性盘
1711,10:55:19,257.3,--,3,77190,卖盘
1712,10:55:13,257.3,-0.18,15,385950,卖盘
1713,10:55:08,257.48,0.01,1,25748,买盘
1714,10:55:04,257.47,--,22,580337,买盘
1715,10:54:58,257.47,--,1,25747,买盘
1716,10:54:48,257.47,-0.01,1,25747,买盘
1717,10:54:34,257.48,-0.01,4,114836,卖盘
1718,10:54:28,257.49,--,11,283239,中性盘
1719,10:54:23,257.49,-0.01,8,205992,中性盘
1720,10:54:18,257.5,--,1,25750,买盘
1721,10:54:13,257.5,0.01,13,334750,买盘
1722,10:54:08,257.49,0.01,4,102996,买盘
1723,10:54:03,257.48,0.18,8,219887,买盘
1724,10:53:53,257.3,-0.01,1,25730,中性盘
1725,10:53:48,257.31,-0.16,5,140491,买盘
1726,10:53:43,257.47,--,0,0,中性盘
1727,10:53:33,257.47,0.17,2,51494,买盘
1728,10:53:28,257.3,-0.15,32,823360,卖盘
1729,10:53:23,257.45,0.08,1,25745,买盘
1730,10:53:18,257.37,--,0,0,中性盘
1731,10:53:13,257.37,-0.13,1,25737,中性盘
1732,10:53:08,257.5,0.03,29,746750,买盘
1733,10:53:03,257.47,0.17,3,77241,中性盘
1734,10:52:58,257.3,-0.1,5,128650,卖盘
1735,10:52:53,257.4,0.01,1,25739,中性盘
1736,10:52:48,257.39,-0.2,1,25739,中性盘
1737,10:52:43,257.59,0.11,39,1004600,买盘
1738,10:52:38,257.48,0.08,7,194139,买盘
1739,10:52:33,257.4,0.01,10,257399,买盘
1740,10:52:28,257.39,-0.08,28,720692,卖盘
1741,10:52:22,257.47,--,5,128735,买盘
1742,10:52:18,257.47,-0.07,32,842699,卖盘
1743,10:52:13,257.54,--,17,437818,卖盘
1744,10:52:08,257.54,0.07,5,128770,买盘
1745,10:52:03,257.47,-0.06,64,1647808,卖盘
1746,10:51:58,257.53,-0.01,10,264483,中性盘
1747,10:51:52,257.54,--,0,0,买盘
1748,10:51:48,257.54,--,20,515080,买盘
1749,10:51:43,257.54,--,4,103016,买盘
1750,10:51:38,257.54,-0.01,14,360556,买盘
1751,10:51:33,257.55,--,30,772650,买盘
1752,10:51:28,257.55,0.01,3,77265,买盘
1753,10:51:23,257.54,--,1,25754,卖盘
1754,10:51:18,257.54,--,0,0,中性盘
1755,10:51:13,257.54,0.14,5,128770,买盘
1756,10:51:08,257.4,-0.14,5,128699,卖盘
1757,10:50:58,257.54,-0.01,1,25754,中性盘
1758,10:50:53,257.55,0.15,10,257550,买盘
1759,10:50:47,257.4,-0.02,3,77220,卖盘
1760,10:50:43,257.42,--,7,180194,买盘
1761,10:50:38,257.42,0.02,4,102968,买盘
1762,10:50:32,257.4,-0.02,2,51479,卖盘
1763,10:50:28,257.42,0.02,6,154452,买盘
1764,10:50:17,257.4,0.01,2,51479,中性盘
1765,10:50:13,257.39,--,8,205912,买盘
1766,10:50:08,257.39,0.01,1,25739,买盘
1767,10:50:02,257.38,--,21,564949,卖盘
1768,10:49:58,257.38,0.1,15,386070,买盘
1769,10:49:53,257.28,-0.1,5,128639,卖盘
1770,10:49:46,257.38,--,1,25738,中性盘
1771,10:49:42,257.38,-0.01,1,25738,卖盘
1772,10:49:37,257.39,-0.04,56,1441384,卖盘
1773,10:49:27,257.43,0.05,1,25743,买盘
1774,10:49:22,257.38,--,10,257380,卖盘
1775,10:49:17,257.38,-0.02,40,1051397,卖盘
1776,10:49:12,257.4,0.01,25,665378,买盘
1777,10:49:07,257.39,0.01,5,128695,买盘
1778,10:49:02,257.38,-0.01,3,77214,卖盘
1779,10:48:57,257.39,--,15,386085,卖盘
1780,10:48:46,257.39,--,3,77217,买盘
1781,10:48:42,257.39,0.01,4,102956,买盘
1782,10:48:37,257.38,--,32,844978,卖盘
1783,10:48:32,257.38,-0.01,6,161892,买盘
1784,10:48:27,257.39,--,0,0,买盘
1785,10:48:21,257.39,0.12,5,128695,买盘
1786,10:48:12,257.27,-0.12,10,257269,卖盘
1787,10:48:07,257.39,0.19,5,128695,买盘
1788,10:47:57,257.2,--,9,244340,卖盘
1789,10:47:52,257.2,--,0,0,卖盘
1790,10:47:42,257.2,--,2,51440,卖盘
1791,10:47:37,257.2,0.04,43,1128850,买盘
1792,10:47:32,257.16,--,0,0,中性盘
1793,10:47:27,257.16,0.04,1,25716,买盘
1794,10:47:22,257.12,--,10,257120,卖盘
1795,10:47:16,257.12,--,40,1037993,买盘
1796,10:47:12,257.12,--,1,38568,买盘
1797,10:46:57,257.12,-0.11,3,77136,买盘
1798,10:46:52,257.23,0.05,3,77169,买盘
1799,10:46:42,257.18,-0.04,1,25718,买盘
1800,10:46:37,257.22,0.16,8,205776,买盘
1801,10:46:32,257.06,-0.17,5,128530,卖盘
1802,10:46:27,257.23,--,2,51446,买盘
1803,10:46:22,257.23,--,27,694521,买盘
1804,10:46:17,257.23,0.01,4,102892,买盘
1805,10:46:12,257.22,-0.01,1,25722,中性盘
1806,10:46:07,257.23,--,2,51446,买盘
1807,10:46:02,257.23,-0.17,3,77169,买盘
1808,10:45:52,257.4,0.17,11,283140,买盘
1809,10:45:46,257.23,--,2,51446,买盘
1810,10:45:42,257.23,--,5,128615,卖盘
1811,10:45:37,257.23,--,3,89258,卖盘
1812,10:45:32,257.23,--,1,25723,卖盘
1813,10:45:27,257.23,0.05,11,282953,买盘
1814,10:45:22,257.18,--,18,462924,买盘
1815,10:45:17,257.18,--,22,565796,买盘
1816,10:45:07,257.18,0.13,3,77154,买盘
1817,10:45:02,257.05,-0.01,22,565510,卖盘
1818,10:44:57,257.06,-0.12,2,51412,卖盘
1819,10:44:52,257.18,-0.04,1,25718,买盘
1820,10:44:46,257.22,--,0,0,买盘
1821,10:44:37,257.22,--,7,180054,买盘
1822,10:44:27,257.22,0.17,1,25722,买盘
1823,10:44:22,257.05,--,15,402026,卖盘
1824,10:44:12,257.05,--,0,0,中性盘
1825,10:44:07,257.05,--,6,154230,买盘
1826,10:44:02,257.05,--,4,102820,买盘
1827,10:43:57,257.05,0.04,4,102820,买盘
1828,10:43:52,257.01,0.01,3,77103,中性盘
1829,10:43:47,257.0,--,1,25700,卖盘
1830,10:43:42,257.0,-0.05,1,25700,卖盘
1831,10:43:37,257.05,--,1,25705,买盘
1832,10:43:31,257.05,0.05,11,282755,买盘
1833,10:43:26,257.0,-0.05,3,77100,卖盘
1834,10:43:22,257.05,--,3,77115,买盘
1835,10:43:17,257.05,0.05,6,155515,买盘
1836,10:43:12,257.0,--,4,102800,买盘
1837,10:43:07,257.0,--,3,77100,买盘
1838,10:43:02,257.0,--,12,308400,买盘
1839,10:42:56,257.0,--,8,205600,买盘
1840,10:42:52,257.0,--,0,0,买盘
1841,10:42:47,257.0,0.03,17,436900,买盘
1842,10:42:41,256.97,0.01,19,488243,买盘
1843,10:42:37,256.96,0.21,3,77088,买盘
1844,10:42:32,256.75,0.02,2,51350,卖盘
1845,10:42:26,256.73,-0.07,1,25673,买盘
1846,10:42:22,256.8,0.3,2,51360,买盘
1847,10:42:17,256.5,0.02,1,25650,买盘
1848,10:42:11,256.48,-0.07,2,51296,卖盘
1849,10:42:07,256.55,0.07,96,2462880,买盘
1850,10:42:02,256.48,--,0,0,卖盘
1851,10:41:56,256.48,--,0,0,中性盘
1852,10:41:52,256.48,0.05,26,666848,买盘
1853,10:41:47,256.43,--,3,76929,卖盘
1854,10:41:41,256.43,--,2,51286,卖盘
1855,10:41:31,256.43,--,6,153858,卖盘
1856,10:41:26,256.43,0.09,1,25643,买盘
1857,10:41:16,256.34,-0.09,2,51267,卖盘
1858,10:41:06,256.43,0.1,1,25643,买盘
1859,10:41:01,256.33,--,3,76899,卖盘
1860,10:40:51,256.33,--,40,1025319,买盘
1861,10:40:46,256.33,--,5,128164,买盘
1862,10:40:36,256.33,0.01,3,76899,买盘
1863,10:40:31,256.32,0.09,4,102528,卖盘
1864,10:40:25,256.23,--,0,0,卖盘
1865,10:40:21,256.23,-0.09,2,51246,卖盘
1866,10:40:11,256.32,--,0,0,中性盘
1867,10:40:06,256.32,0.12,5,128160,买盘
1868,10:40:01,256.2,-0.03,34,871080,卖盘
1869,10:39:56,256.23,--,10,256230,买盘
1870,10:39:51,256.23,--,1,25623,买盘
1871,10:39:36,256.23,--,7,179361,卖盘
1872,10:39:31,256.23,0.03,25,640575,买盘
1873,10:39:25,256.2,-0.03,2,51240,卖盘
1874,10:39:21,256.23,0.03,3,76869,买盘
1875,10:39:16,256.2,--,1,25620,卖盘
1876,10:39:11,256.2,--,1,25620,卖盘
1877,10:39:06,256.2,-0.03,4,102480,卖盘
1878,10:39:01,256.23,--,0,0,中性盘
1879,10:38:56,256.23,-0.05,1,25623,卖盘
1880,10:38:51,256.28,--,3,76883,买盘
1881,10:38:46,256.28,--,3,76883,买盘
1882,10:38:41,256.28,--,2,51255,卖盘
1883,10:38:36,256.28,-0.04,3,76883,卖盘
1884,10:38:31,256.32,0.02,29,743328,买盘
1885,10:38:26,256.3,--,1,25630,买盘
1886,10:38:21,256.3,-0.02,1,25630,买盘
1887,10:38:16,256.32,--,3,76896,买盘
1888,10:38:11,256.32,--,1,25632,买盘
1889,10:38:06,256.32,-0.01,8,205056,卖盘
1890,10:38:01,256.33,--,6,153798,买盘
1891,10:37:55,256.33,--,5,128164,买盘
1892,10:37:51,256.33,--,1,25633,买盘
1893,10:37:46,256.33,--,28,717724,卖盘
1894,10:37:36,256.33,--,0,0,卖盘
1895,10:37:31,256.33,--,6,153798,卖盘
1896,10:37:26,256.33,--,5,128164,卖盘
1897,10:37:21,256.33,0.03,2,51266,卖盘
1898,10:37:16,256.3,-0.02,12,307560,卖盘
1899,10:37:10,256.32,--,1,25632,中性盘
1900,10:37:06,256.32,-0.01,1,25632,买盘
1901,10:37:01,256.33,--,7,179431,卖盘
1902,10:36:56,256.33,-0.02,5,128164,卖盘
1903,10:36:46,256.35,-0.15,12,307620,卖盘
1904,10:36:41,256.5,0.01,2,51300,买盘
1905,10:36:36,256.49,-0.01,3,76947,买盘
1906,10:36:31,256.5,--,2,51300,买盘
1907,10:36:21,256.5,--,2,51300,买盘
1908,10:36:16,256.5,--,1,25650,买盘
1909,10:36:11,256.5,0.2,9,230850,买盘
1910,10:36:01,256.3,-0.43,9,230670,卖盘
1911,10:35:56,256.73,-0.03,3,77019,卖盘
1912,10:35:50,256.76,0.03,1,25676,买盘
1913,10:35:46,256.73,--,4,102692,卖盘
1914,10:35:40,256.73,--,7,179711,卖盘
1915,10:35:36,256.73,0.43,18,462114,买盘
1916,10:35:31,256.3,-0.43,6,153780,卖盘
1917,10:35:26,256.73,--,1,25673,买盘
1918,10:35:21,256.73,0.36,2,51346,买盘
1919,10:35:16,256.37,0.07,3,76911,中性盘
1920,10:35:11,256.3,-0.46,3,76890,卖盘
1921,10:35:06,256.76,0.49,6,154056,买盘
1922,10:35:01,256.27,-0.49,4,102508,卖盘
1923,10:34:56,256.76,--,1,25676,买盘
1924,10:34:46,256.76,-0.04,4,102704,卖盘
1925,10:34:41,256.8,--,32,821760,买盘
1926,10:34:35,256.8,--,0,0,买盘
1927,10:34:31,256.8,--,1,25680,买盘
1928,10:34:26,256.8,0.57,2,51360,买盘
1929,10:34:20,256.23,--,0,0,中性盘
1930,10:34:16,256.23,-0.65,1,25623,卖盘
1931,10:34:10,256.88,--,1,25688,买盘
1932,10:34:05,256.88,0.73,1,25688,买盘
1933,10:34:01,256.15,-0.05,5,128074,卖盘
1934,10:33:55,256.2,--,4,102480,买盘
1935,10:33:50,256.2,--,1,25620,买盘
1936,10:33:46,256.2,--,3,76860,买盘
1937,10:33:40,256.2,-0.13,6,153720,卖盘
1938,10:33:30,256.33,--,10,256329,买盘
1939,10:33:25,256.33,--,4,102532,买盘
1940,10:33:20,256.33,0.03,6,153798,买盘
1941,10:33:15,256.3,0.1,4,102520,买盘
1942,10:33:10,256.2,--,3,76860,买盘
1943,10:33:05,256.2,0.08,1,25620,买盘
1944,10:33:00,256.12,--,25,640300,卖盘
1945,10:32:55,256.12,0.06,8,212579,买盘
1946,10:32:50,256.06,--,10,256060,买盘
1947,10:32:45,256.06,--,22,581256,卖盘
1948,10:32:40,256.06,-0.04,5,128030,卖盘
1949,10:32:35,256.1,0.04,1,25610,中性盘
1950,10:32:30,256.06,-0.06,22,563332,卖盘
1951,10:32:25,256.12,--,4,102448,卖盘
1952,10:32:20,256.12,0.02,4,102448,中性盘
1953,10:32:15,256.1,-0.1,2,51220,中性盘
1954,10:32:10,256.2,--,4,102480,买盘
1955,10:32:05,256.2,-0.8,2,51240,中性盘
1956,10:32:00,257.0,--,2,51400,买盘
1957,10:31:55,257.0,0.8,1,25700,买盘
1958,10:31:50,256.2,-0.8,7,179340,卖盘
1959,10:31:45,257.0,-0.17,171,4400868,卖盘
1960,10:31:40,257.17,-0.32,34,874378,卖盘
1961,10:31:35,257.49,0.05,15,388037,买盘
1962,10:31:30,257.44,0.32,6,154464,买盘
1963,10:31:25,257.12,-0.34,294,7559328,卖盘
1964,10:31:20,257.46,--,1,25745,买盘
1965,10:31:15,257.46,-0.04,8,228109,卖盘
1966,10:31:10,257.5,-0.21,5,128750,卖盘
1967,10:31:05,257.71,0.11,14,360794,买盘
1968,10:31:00,257.6,-0.18,53,1365280,卖盘
1969,10:30:55,257.78,0.03,7,180445,买盘
1970,10:30:50,257.75,-0.02,2,51550,卖盘
1971,10:30:45,257.77,-0.1,6,159817,卖盘
1972,10:30:40,257.87,-0.02,24,618888,卖盘
1973,10:30:35,257.89,-0.02,6,154734,卖盘
1974,10:30:30,257.91,0.01,17,444121,买盘
1975,10:30:25,257.9,0.01,15,386849,买盘
1976,10:30:20,257.89,--,24,618936,卖盘
1977,10:30:15,257.89,-0.03,13,335257,卖盘
1978,10:30:10,257.92,0.03,41,1077589,买盘
1979,10:30:05,257.89,--,3,77367,卖盘
1980,10:30:00,257.89,0.01,20,515780,买盘
1981,10:29:55,257.88,--,3,77364,买盘
1982,10:29:50,257.88,-0.01,8,211461,中性盘
1983,10:29:45,257.89,0.04,1,25789,买盘
1984,10:29:40,257.85,-0.07,11,283635,卖盘
1985,10:29:35,257.92,0.07,22,567424,买盘
1986,10:29:30,257.85,--,2,51570,卖盘
1987,10:29:24,257.85,-0.08,9,232065,卖盘
1988,10:29:20,257.93,--,4,123806,买盘
1989,10:29:15,257.93,--,1,25793,买盘
1990,10:29:09,257.93,0.08,48,1238064,买盘
1991,10:29:05,257.85,0.04,4,103140,买盘
1992,10:29:00,257.81,-0.04,2,51562,卖盘
1993,10:28:55,257.85,-0.09,1,25785,中性盘
1994,10:28:50,257.94,--,4,103176,买盘
1995,10:28:45,257.94,--,0,0,买盘
1996,10:28:40,257.94,--,4,103176,买盘
1997,10:28:35,257.94,0.13,1,25794,买盘
1998,10:28:30,257.81,-0.04,13,335153,卖盘
1999,10:28:24,257.85,-0.03,1,25785,卖盘
2000,10:28:20,257.88,0.07,5,134097,买盘
2001,10:28:15,257.81,--,1,25781,买盘
2002,10:28:04,257.81,--,2,51562,买盘
2003,10:27:59,257.81,--,5,149529,卖盘
2004,10:27:54,257.81,-0.07,17,443433,卖盘
2005,10:27:50,257.88,--,9,232092,买盘
2006,10:27:45,257.88,--,2,51576,买盘
2007,10:27:39,257.88,--,1,25788,买盘
2008,10:27:35,257.88,0.07,5,128940,买盘
2009,10:27:25,257.81,--,17,458901,买盘
2010,10:27:20,257.81,0.01,19,489839,买盘
2011,10:27:15,257.8,-0.01,3,77340,卖盘
2012,10:27:10,257.81,0.01,10,257810,买盘
2013,10:27:05,257.8,--,5,128900,卖盘
2014,10:27:00,257.8,0.02,48,1237440,买盘
2015,10:26:54,257.78,--,21,541338,卖盘
2016,10:26:49,257.78,--,4,103111,卖盘
2017,10:26:44,257.78,0.03,17,438225,买盘
2018,10:26:39,257.75,-0.02,4,103100,卖盘
2019,10:26:33,257.77,0.02,11,283547,买盘
2020,10:26:29,257.75,--,32,844646,卖盘
2021,10:26:25,257.75,--,10,257750,卖盘
2022,10:26:19,257.75,0.05,9,231975,买盘
2023,10:26:14,257.7,--,1,25770,卖盘
2024,10:26:09,257.7,-0.05,13,335010,卖盘
2025,10:26:04,257.75,0.05,11,283525,买盘
2026,10:25:55,257.7,0.01,30,773100,卖盘
2027,10:25:49,257.69,-0.01,3,77307,卖盘
2028,10:25:44,257.7,--,1,25770,买盘
2029,10:25:39,257.7,--,9,231930,买盘
2030,10:25:34,257.7,0.01,3,77310,买盘
2031,10:25:29,257.69,--,10,257690,卖盘
2032,10:25:24,257.69,0.09,11,283459,买盘
2033,10:25:19,257.6,-0.05,1,25760,卖盘
2034,10:25:09,257.65,--,1,25764,买盘
2035,10:25:04,257.65,-0.03,9,231884,中性盘
2036,10:24:59,257.68,0.03,5,128840,买盘
2037,10:24:54,257.65,--,11,283415,买盘
2038,10:24:49,257.65,-0.05,2,51529,买盘
2039,10:24:43,257.7,--,0,0,买盘
2040,10:24:39,257.7,--,2,51540,买盘
2041,10:24:33,257.7,0.11,2,51540,买盘
2042,10:24:29,257.59,-0.01,1,25758,卖盘
2043,10:24:24,257.6,--,7,193200,买盘
2044,10:24:19,257.6,--,3,77280,买盘
2045,10:24:13,257.6,--,1,25760,买盘
2046,10:24:09,257.6,0.01,11,283360,买盘
2047,10:24:04,257.59,--,10,257589,卖盘
2048,10:23:58,257.59,-0.01,2,51517,卖盘
2049,10:23:54,257.6,0.01,3,77280,买盘
2050,10:23:49,257.59,0.01,14,360625,买盘
2051,10:23:44,257.58,-0.01,4,103032,卖盘
2052,10:23:39,257.59,--,1,25758,买盘
2053,10:23:34,257.59,0.01,31,798528,买盘
2054,10:23:29,257.58,--,2,51516,买盘
2055,10:23:24,257.58,0.03,1,25758,买盘
2056,10:23:19,257.55,-0.03,0,5151,卖盘
2057,10:23:14,257.58,-0.01,1,25758,中性盘
2058,10:23:04,257.59,0.04,6,154553,买盘
2059,10:22:58,257.55,--,4,103020,买盘
2060,10:22:54,257.55,-0.04,4,103020,卖盘
2061,10:22:49,257.59,0.03,1,25758,买盘
2062,10:22:44,257.56,-0.04,2,51512,卖盘
2063,10:22:33,257.6,0.04,9,231840,买盘
2064,10:22:29,257.56,--,1,25756,买盘
2065,10:22:19,257.56,--,3,77268,买盘
2066,10:22:13,257.56,0.01,1,25756,买盘
2067,10:22:04,257.55,0.05,6,154530,买盘
2068,10:21:59,257.5,--,0,0,卖盘
2069,10:21:54,257.5,-0.01,2,51500,卖盘
2070,10:21:49,257.51,0.01,11,283261,买盘
2071,10:21:43,257.5,--,3,77250,卖盘
2072,10:21:34,257.5,0.17,68,1772115,买盘
2073,10:21:29,257.33,-0.14,4,102932,卖盘
2074,10:21:19,257.47,0.17,4,102988,买盘
2075,10:21:13,257.3,-0.03,20,514600,卖盘
2076,10:21:08,257.33,0.02,3,95984,买盘
2077,10:21:04,257.31,-0.02,38,981123,卖盘
2078,10:20:59,257.33,-0.02,11,283063,买盘
2079,10:20:54,257.35,0.04,2,51470,中性盘
2080,10:20:48,257.31,-0.05,11,283041,卖盘
2081,10:20:44,257.36,0.05,2,51472,中性盘
2082,10:20:38,257.31,-0.02,15,408350,卖盘
2083,10:20:33,257.33,-0.02,14,360262,卖盘
2084,10:20:29,257.35,0.05,22,566170,买盘
2085,10:20:23,257.3,0.01,15,388265,卖盘
2086,10:20:18,257.29,-0.02,1,25729,卖盘
2087,10:20:14,257.31,0.01,4,102924,买盘
2088,10:20:08,257.3,0.01,31,797630,买盘
2089,10:20:03,257.29,0.02,2,51458,买盘
2090,10:19:59,257.27,--,3,77181,卖盘
2091,10:19:54,257.27,0.06,101,2598427,买盘
2092,10:19:44,257.21,-0.05,11,282931,卖盘
2093,10:19:39,257.26,-0.01,2,51452,买盘
2094,10:19:33,257.27,0.07,9,231542,买盘
2095,10:19:29,257.2,-0.09,20,514400,卖盘
2096,10:19:24,257.29,--,0,0,买盘
2097,10:19:18,257.29,--,10,257290,买盘
2098,10:19:14,257.29,0.02,8,205832,买盘
2099,10:19:03,257.27,--,3,77181,买盘
2100,10:18:58,257.27,-0.02,5,128634,买盘
2101,10:18:53,257.29,--,6,154374,卖盘
2102,10:18:48,257.29,--,5,128645,卖盘
2103,10:18:43,257.29,-0.01,35,900515,卖盘
2104,10:18:33,257.3,0.01,6,154380,买盘
2105,10:18:27,257.29,0.14,45,1157805,买盘
2106,10:18:22,257.15,-0.01,3,77145,卖盘
2107,10:18:18,257.16,--,2,51432,卖盘
2108,10:18:13,257.16,-0.01,3,77148,中性盘
2109,10:18:07,257.17,0.02,1,25717,卖盘
2110,10:18:03,257.15,--,66,1697189,卖盘
2111,10:17:58,257.15,--,7,180004,卖盘
2112,10:17:52,257.15,--,1,25714,卖盘
2113,10:17:48,257.15,-0.01,7,184890,卖盘
2114,10:17:43,257.16,0.01,41,1054356,中性盘
2115,10:17:38,257.15,-0.01,51,1311465,卖盘
2116,10:17:33,257.16,0.01,7,183612,买盘
2117,10:17:28,257.15,-0.01,5,128574,卖盘
2118,10:17:22,257.16,0.01,3,77148,买盘
2119,10:17:18,257.15,0.03,58,1502527,买盘
2120,10:17:13,257.12,-0.03,297,7636464,卖盘
2121,10:17:07,257.15,--,2,51429,买盘
2122,10:17:03,257.15,0.01,13,334294,买盘
2123,10:16:58,257.14,-0.01,13,348938,卖盘
2124,10:16:52,257.15,--,10,257149,卖盘
2125,10:16:48,257.15,--,10,257149,卖盘
2126,10:16:43,257.15,-0.01,11,282865,卖盘
2127,10:16:38,257.16,--,15,398598,买盘
2128,10:16:33,257.16,--,12,308592,买盘
2129,10:16:28,257.16,0.01,4,102864,买盘
2130,10:16:23,257.15,--,8,205719,卖盘
2131,10:16:18,257.15,-0.01,3,77145,卖盘
2132,10:16:13,257.16,--,14,360024,买盘
2133,10:16:08,257.16,-0.18,4,102864,卖盘
2134,10:16:03,257.34,0.19,18,463211,买盘
2135,10:15:58,257.15,--,13,338923,卖盘
2136,10:15:53,257.15,--,15,385724,卖盘
2137,10:15:48,257.15,--,15,385724,卖盘
2138,10:15:43,257.15,--,54,1388609,卖盘
2139,10:15:37,257.15,--,8,205719,卖盘
2140,10:15:33,257.15,--,14,360009,卖盘
2141,10:15:28,257.15,0.14,118,3053656,买盘
2142,10:15:23,257.01,-0.11,35,899535,卖盘
2143,10:15:18,257.12,--,14,359968,买盘
2144,10:15:13,257.12,0.11,4,102848,买盘
2145,10:15:08,257.01,-0.11,5,149322,卖盘
2146,10:15:03,257.12,--,2,51424,卖盘
2147,10:14:58,257.12,--,56,1439872,卖盘
2148,10:14:53,257.12,-0.04,405,10413360,卖盘
2149,10:14:48,257.16,0.01,1,25716,买盘
2150,10:14:43,257.15,-0.02,13,334294,卖盘
2151,10:14:38,257.17,0.04,50,1290736,买盘
2152,10:14:33,257.13,-0.03,4,102852,卖盘
2153,10:14:28,257.16,--,10,257160,买盘
2154,10:14:23,257.16,--,2,51432,买盘
2155,10:14:13,257.16,-0.26,16,432285,卖盘
2156,10:14:08,257.42,-0.06,7,180194,中性盘
2157,10:14:02,257.48,0.03,2,51496,买盘
2158,10:13:58,257.45,-0.04,5,128725,中性盘
2159,10:13:52,257.49,-0.01,1,25749,中性盘
2160,10:13:48,257.5,--,2,51500,买盘
2161,10:13:43,257.5,--,3,77250,卖盘
2162,10:13:38,257.5,-0.05,17,437750,卖盘
2163,10:13:33,257.55,--,1,31421,卖盘
2164,10:13:28,257.55,--,6,154530,卖盘
2165,10:13:23,257.55,--,5,128775,卖盘
2166,10:13:17,257.55,--,11,283305,卖盘
2167,10:13:12,257.55,0.05,40,1050288,卖盘
2168,10:13:07,257.5,0.15,15,386250,卖盘
2169,10:13:02,257.35,-0.15,9,231615,卖盘
2170,10:12:57,257.5,--,64,1648000,卖盘
2171,10:12:53,257.5,-0.05,7,180250,卖盘
2172,10:12:47,257.55,0.05,2,51510,卖盘
2173,10:12:42,257.5,-0.31,3,77250,卖盘
2174,10:12:37,257.81,0.31,1,25781,买盘
2175,10:12:32,257.5,-0.31,4,103000,卖盘
2176,10:12:27,257.81,--,2,51562,买盘
2177,10:12:23,257.81,0.01,214,5517134,中性盘
2178,10:12:17,257.8,-0.08,7,180460,卖盘
2179,10:12:12,257.88,-0.11,4,103152,卖盘
2180,10:12:08,257.99,0.01,55,1423846,买盘
2181,10:12:02,257.98,0.18,33,851334,买盘
2182,10:11:57,257.8,-0.18,5,128900,卖盘
2183,10:11:53,257.98,--,11,283778,卖盘
2184,10:11:47,257.98,0.18,19,490162,买盘
2185,10:11:42,257.8,-0.1,4,103120,卖盘
2186,10:11:36,257.9,-0.09,2,51579,买盘
2187,10:11:32,257.99,--,0,0,买盘
2188,10:11:27,257.99,--,22,567578,买盘
2189,10:11:21,257.99,--,0,0,买盘
2190,10:11:17,257.99,0.29,2,51598,买盘
2191,10:11:12,257.7,-0.1,10,257700,卖盘
2192,10:11:07,257.8,--,53,1366340,买盘
2193,10:11:02,257.8,--,1,25780,买盘
2194,10:10:57,257.8,-0.1,34,895081,卖盘
2195,10:10:52,257.9,0.1,1,25789,买盘
2196,10:10:47,257.8,-0.26,2,51560,卖盘
2197,10:10:42,258.06,0.07,10,258060,买盘
2198,10:10:37,257.99,0.19,17,438583,买盘
2199,10:10:32,257.8,-0.3,11,283580,卖盘
2200,10:10:27,258.1,0.1,169,4361890,买盘
2201,10:10:22,258.0,0.1,25,645000,中性盘
2202,10:10:16,257.9,--,13,335269,卖盘
2203,10:10:12,257.9,-0.1,219,5648009,卖盘
2204,10:10:07,258.0,0.1,452,11674500,买盘
2205,10:10:01,257.9,--,11,283690,卖盘
2206,10:09:57,257.9,--,2,51579,卖盘
2207,10:09:51,257.9,--,14,361059,卖盘
2208,10:09:46,257.9,0.08,27,696329,买盘
2209,10:09:42,257.82,0.02,22,573649,买盘
2210,10:09:37,257.8,--,22,567160,卖盘
2211,10:09:31,257.8,-0.1,42,1082760,卖盘
2212,10:09:27,257.9,0.07,42,1083180,买盘
2213,10:09:22,257.83,-0.07,22,567226,卖盘
2214,10:09:16,257.9,--,1,25789,买盘
2215,10:09:12,257.9,-0.05,102,2630580,卖盘
2216,10:09:07,257.95,-0.04,4,103180,卖盘
2217,10:09:02,257.99,-0.11,4,103196,卖盘
2218,10:08:57,258.1,-0.05,123,3187535,中性盘
2219,10:08:51,258.15,0.15,45,1161675,中性盘
2220,10:08:46,258.0,--,56,1444800,卖盘
2221,10:08:42,258.0,-0.17,9,232200,卖盘
2222,10:08:37,258.17,0.17,10,258170,买盘
2223,10:08:31,258.0,--,2,64500,卖盘
2224,10:08:27,258.0,-0.2,43,1109400,卖盘
2225,10:08:22,258.2,0.2,118,3046760,买盘
2226,10:08:16,258.0,-0.1,21,541800,卖盘
2227,10:08:12,258.1,-0.15,14,361340,卖盘
2228,10:08:07,258.25,0.05,16,413200,买盘
2229,10:08:02,258.2,-0.03,51,1316820,卖盘
2230,10:07:57,258.23,0.02,23,593929,买盘
2231,10:07:52,258.21,0.21,96,2478816,买盘
2232,10:07:46,258.0,-0.1,149,3844200,卖盘
2233,10:07:42,258.1,0.1,8,206480,买盘
2234,10:07:37,258.0,--,159,4120518,买盘
2235,10:07:31,258.0,--,5,129000,买盘
2236,10:07:27,258.0,0.02,21,541800,买盘
2237,10:07:22,257.98,0.08,310,7997380,买盘
2238,10:07:16,257.9,0.07,114,2940059,买盘
2239,10:07:11,257.83,-0.04,30,773490,卖盘
2240,10:07:07,257.87,-0.02,1,25787,中性盘
2241,10:07:01,257.89,0.08,402,10367178,买盘
2242,10:06:56,257.81,0.01,15,386715,买盘
2243,10:06:52,257.8,--,18,464040,卖盘
2244,10:06:47,257.8,0.02,31,799180,买盘
2245,10:06:42,257.78,--,6,154667,买盘
2246,10:06:37,257.78,-0.05,9,232001,中性盘
2247,10:06:31,257.83,0.05,131,3377573,买盘
2248,10:06:27,257.78,--,21,541338,卖盘
2249,10:06:22,257.78,0.27,90,2333682,买盘
2250,10:06:16,257.51,-0.07,9,231759,买盘
2251,10:06:12,257.58,-0.18,1,25758,买盘
2252,10:06:06,257.76,0.16,395,10181520,买盘
2253,10:06:01,257.6,0.09,10,257600,买盘
2254,10:05:57,257.51,-0.14,7,180257,卖盘
2255,10:05:51,257.65,--,0,0,中性盘
2256,10:05:47,257.65,0.05,77,1983904,买盘
2257,10:05:42,257.6,-0.05,1,25760,中性盘
2258,10:05:36,257.65,0.05,9,252496,中性盘
2259,10:05:31,257.6,--,24,618240,卖盘
2260,10:05:26,257.6,--,1,25760,卖盘
2261,10:05:21,257.6,0.12,56,1447712,买盘
2262,10:05:16,257.48,0.04,3,77244,中性盘
2263,10:05:06,257.44,-0.05,1,25744,卖盘
2264,10:05:01,257.49,-0.01,111,2878738,卖盘
2265,10:04:56,257.5,--,51,1318400,买盘
2266,10:04:51,257.5,0.04,8,206000,买盘
2267,10:04:46,257.46,-0.03,1,25745,中性盘
2268,10:04:41,257.49,0.2,15,386235,买盘
2269,10:04:36,257.29,-0.21,11,303602,卖盘
2270,10:04:31,257.5,0.01,43,1112400,买盘
2271,10:04:26,257.49,--,46,1184454,买盘
2272,10:04:21,257.49,--,71,1828179,买盘
2273,10:04:16,257.49,-0.01,3,77247,买盘
2274,10:04:06,257.5,0.01,9,231750,买盘
2275,10:04:01,257.49,0.22,5,128745,中性盘
2276,10:03:56,257.27,--,5,128634,卖盘
2277,10:03:51,257.27,0.05,4,102908,中性盘
2278,10:03:46,257.22,0.1,72,1851984,买盘
2279,10:03:41,257.12,--,23,591376,买盘
2280,10:03:36,257.12,-0.15,78,2005536,卖盘
2281,10:03:31,257.27,0.07,4,102908,买盘
2282,10:03:21,257.2,0.03,9,231480,中性盘
2283,10:03:16,257.17,--,7,180019,卖盘
2284,10:03:11,257.17,0.02,3,77151,买盘
2285,10:03:06,257.15,--,7,180004,卖盘
2286,10:03:01,257.15,0.03,102,2622930,中性盘
2287,10:02:51,257.12,0.12,14,359968,买盘
2288,10:02:46,257.0,--,8,205600,卖盘
2289,10:02:36,257.0,--,106,2724200,卖盘
2290,10:02:31,257.0,--,0,0,卖盘
2291,10:02:26,257.0,--,2,51400,卖盘
2292,10:02:21,257.0,--,7,179900,卖盘
2293,10:02:16,257.0,--,10,268308,买盘
2294,10:02:11,257.0,--,1,25700,买盘
2295,10:02:06,257.0,--,25,642500,买盘
2296,10:02:01,257.0,--,18,462600,卖盘
2297,10:01:55,257.0,-0.01,2,51400,卖盘
2298,10:01:51,257.01,--,12,308412,买盘
2299,10:01:46,257.01,-0.09,12,308412,买盘
2300,10:01:40,257.1,--,325,8355750,买盘
2301,10:01:36,257.1,0.1,4,102840,买盘
2302,10:01:31,257.0,-0.01,94,2415800,卖盘
2303,10:01:25,257.01,-0.03,3,77103,卖盘
2304,10:01:21,257.04,-0.06,3,77112,卖盘
2305,10:01:16,257.1,-0.28,5,128550,卖盘
2306,10:01:10,257.38,--,4,102952,卖盘
2307,10:01:06,257.38,--,2,51476,卖盘
2308,10:01:01,257.38,--,5,128690,卖盘
2309,10:00:55,257.38,-0.02,4,102952,中性盘
2310,10:00:50,257.4,0.24,25,643500,买盘
2311,10:00:46,257.16,-0.33,2,51432,中性盘
2312,10:00:40,257.49,0.45,4,102996,买盘
2313,10:00:36,257.04,--,1,25704,卖盘
2314,10:00:31,257.04,0.04,8,205632,中性盘
2315,10:00:25,257.0,-0.38,50,1285000,卖盘
2316,10:00:20,257.38,-0.12,2,51476,买盘
2317,10:00:16,257.5,-0.01,4,103000,卖盘
2318,10:00:10,257.51,--,43,1107293,买盘
2319,10:00:06,257.51,--,7,180257,买盘
2320,10:00:01,257.51,0.01,32,824032,买盘
2321,09:59:55,257.5,-0.01,14,360500,买盘
2322,09:59:50,257.51,--,0,0,买盘
2323,09:59:46,257.51,0.13,102,2626602,买盘
2324,09:59:40,257.38,0.36,213,5482194,买盘
2325,09:59:35,257.02,-0.11,3,77106,卖盘
2326,09:59:31,257.13,0.13,4,102852,买盘
2327,09:59:25,257.0,--,9,231300,卖盘
2328,09:59:20,257.0,--,25,642500,买盘
2329,09:59:16,257.0,0.01,13,334100,买盘
2330,09:59:10,256.99,--,4,102796,中性盘
2331,09:59:05,256.99,0.01,14,359786,买盘
2332,09:59:01,256.98,-0.01,79,2030142,卖盘
2333,09:58:55,256.99,0.01,27,693873,买盘
2334,09:58:50,256.98,--,3,77094,卖盘
2335,09:58:45,256.98,--,3,77094,卖盘
2336,09:58:40,256.98,0.1,14,359772,买盘
2337,09:58:35,256.88,0.32,1,25688,买盘
2338,09:58:30,256.56,-0.42,4,102624,卖盘
2339,09:58:25,256.98,0.02,2,51396,中性盘
2340,09:58:20,256.96,--,2,51391,买盘
2341,09:58:15,256.96,-0.04,1,25695,买盘
2342,09:58:10,257.0,--,0,0,买盘
2343,09:58:05,257.0,--,3,77100,买盘
2344,09:57:55,257.0,--,1,25700,买盘
2345,09:57:50,257.0,-0.14,6,154200,中性盘
2346,09:57:45,257.14,-0.26,5,128570,卖盘
2347,09:57:40,257.4,0.26,36,926639,买盘
2348,09:57:35,257.14,--,16,411424,卖盘
2349,09:57:30,257.14,--,5,128570,卖盘
2350,09:57:25,257.14,--,10,257140,卖盘
2351,09:57:20,257.14,--,15,385710,卖盘
2352,09:57:15,257.14,0.1,18,462852,买盘
2353,09:57:10,257.04,0.04,5,128520,中性盘
2354,09:57:05,257.0,-0.1,118,3032600,买盘
2355,09:57:00,257.1,0.03,1,25710,买盘
2356,09:56:55,257.07,0.76,14,359898,买盘
2357,09:56:45,256.31,-0.79,10,256310,卖盘
2358,09:56:39,257.1,--,43,1105530,卖盘
2359,09:56:35,257.1,-0.26,15,385650,卖盘
2360,09:56:30,257.36,-0.24,9,231624,卖盘
2361,09:56:24,257.6,-0.13,14,360640,卖盘
2362,09:56:20,257.73,0.12,24,618552,买盘
2363,09:56:15,257.61,-0.08,29,747069,卖盘
2364,09:56:10,257.69,--,22,566918,卖盘
2365,09:56:05,257.69,0.09,9,231921,中性盘
2366,09:56:00,257.6,--,189,4868640,卖盘
2367,09:55:54,257.6,--,32,837200,卖盘
2368,09:55:50,257.6,-0.06,23,592480,卖盘
2369,09:55:45,257.66,0.15,40,1043523,买盘
2370,09:55:39,257.51,0.01,61,1583686,中性盘
2371,09:55:35,257.5,--,12,309000,卖盘
2372,09:55:30,257.5,--,36,927000,卖盘
2373,09:55:24,257.5,--,10,257500,卖盘
2374,09:55:20,257.5,0.48,109,2819625,买盘
2375,09:55:15,257.02,-0.35,25,642550,卖盘
2376,09:55:10,257.37,0.34,12,308844,买盘
2377,09:55:05,257.03,--,9,231326,卖盘
2378,09:55:00,257.03,-0.35,56,1439367,中性盘
2379,09:54:55,257.38,0.2,69,1775922,买盘
2380,09:54:50,257.18,--,2,51436,卖盘
2381,09:54:45,257.18,0.22,225,5786550,买盘
2382,09:54:39,256.96,0.06,33,847967,中性盘
2383,09:54:35,256.9,-0.09,52,1335879,卖盘
2384,09:54:30,256.99,0.01,167,4291733,买盘
2385,09:54:25,256.98,0.58,16,411168,买盘
2386,09:54:20,256.4,--,36,923039,卖盘
2387,09:54:15,256.4,0.15,4,102559,中性盘
2388,09:54:10,256.25,0.1,126,3228750,买盘
2389,09:54:05,256.15,--,7,179304,买盘
2390,09:54:00,256.15,-0.01,163,4175244,中性盘
2391,09:53:55,256.16,0.01,111,2851060,买盘
2392,09:53:45,256.15,0.06,69,1767434,买盘
2393,09:53:40,256.09,--,5,140849,卖盘
2394,09:53:34,256.09,0.14,53,1378788,买盘
2395,09:53:30,255.95,--,5,127975,买盘
2396,09:53:24,255.95,0.11,84,2149980,买盘
2397,09:53:19,255.84,-0.05,48,1232125,卖盘
2398,09:53:15,255.89,-0.06,9,230301,卖盘
2399,09:53:10,255.95,--,3,76785,卖盘
2400,09:53:04,255.95,0.06,51,1326844,买盘
2401,09:53:00,255.89,--,4,102356,买盘
2402,09:52:55,255.89,-0.01,27,690903,卖盘
2403,09:52:49,255.9,--,60,1535400,卖盘
2404,09:52:44,255.9,0.06,34,870060,买盘
2405,09:52:40,255.84,--,3,76752,中性盘
2406,09:52:34,255.84,0.04,6,153504,买盘
2407,09:52:29,255.8,-0.04,0,12790,中性盘
2408,09:52:24,255.84,0.1,1,25584,买盘
2409,09:52:19,255.74,--,5,127870,买盘
2410,09:52:14,255.74,-0.05,9,230166,中性盘
2411,09:52:10,255.79,0.04,8,204632,买盘
2412,09:52:04,255.75,0.48,12,306900,买盘
2413,09:51:59,255.27,-0.47,1,25527,卖盘
2414,09:51:55,255.74,0.19,3,76722,买盘
2415,09:51:49,255.55,--,0,0,中性盘
2416,09:51:44,255.55,--,2,51110,买盘
2417,09:51:39,255.55,0.33,1,25555,买盘
2418,09:51:34,255.22,--,0,0,卖盘
2419,09:51:24,255.22,0.22,20,510440,买盘
2420,09:51:19,255.0,--,55,1402500,买盘
2421,09:51:14,255.0,0.18,9,229500,买盘
2422,09:51:09,254.82,-0.01,16,407712,卖盘
2423,09:51:04,254.83,-0.15,7,178381,卖盘
2424,09:50:59,254.98,0.03,2,50996,买盘
2425,09:50:54,254.95,-0.03,5,127475,中性盘
2426,09:50:49,254.98,0.03,11,280478,买盘
2427,09:50:39,254.95,-0.03,3,76485,卖盘
2428,09:50:34,254.98,--,9,229482,买盘
2429,09:50:29,254.98,-0.02,3,76494,买盘
2430,09:50:24,255.0,--,22,561000,买盘
2431,09:50:19,255.0,0.02,7,178500,买盘
2432,09:50:14,254.98,-0.02,2,50996,卖盘
2433,09:50:09,255.0,--,52,1326000,买盘
2434,09:50:04,255.0,--,35,892500,买盘
2435,09:49:59,255.0,--,11,280500,买盘
2436,09:49:54,255.0,--,3,76500,买盘
2437,09:49:49,255.0,--,1,25500,买盘
2438,09:49:44,255.0,--,1,25500,买盘
2439,09:49:39,255.0,-0.8,452,11538750,卖盘
2440,09:49:34,255.8,0.58,6,166270,买盘
2441,09:49:29,255.22,0.01,4,102088,中性盘
2442,09:49:24,255.21,-0.69,13,344533,卖盘
2443,09:49:18,255.9,0.41,14,371055,买盘
2444,09:49:09,255.49,-0.01,136,3474664,中性盘
2445,09:49:03,255.5,-0.44,13,332150,中性盘
2446,09:48:59,255.94,--,0,0,买盘
2447,09:48:54,255.94,0.01,11,281534,买盘
2448,09:48:48,255.93,--,1,25593,买盘
2449,09:48:44,255.93,0.43,45,1151685,买盘
2450,09:48:39,255.5,0.1,4,102200,买盘
2451,09:48:33,255.4,-0.55,1,25540,卖盘
2452,09:48:29,255.95,0.65,39,998205,买盘
2453,09:48:24,255.3,-0.64,32,816960,卖盘
2454,09:48:18,255.94,0.54,14,358316,买盘
2455,09:48:14,255.4,0.38,1,25540,买盘
2456,09:48:09,255.02,-0.93,16,408032,卖盘
2457,09:48:03,255.95,0.94,56,1433320,买盘
2458,09:47:58,255.01,--,4,102004,卖盘
2459,09:47:54,255.01,0.01,8,204008,卖盘
2460,09:47:49,255.0,-0.3,23,586500,卖盘
2461,09:47:44,255.3,-0.57,2,51060,卖盘
2462,09:47:39,255.87,0.16,24,614088,买盘
2463,09:47:34,255.71,-0.24,7,178997,中性盘
2464,09:47:29,255.95,--,10,260045,买盘
2465,09:47:24,255.95,-0.05,18,460710,买盘
2466,09:47:18,256.0,--,185,4757504,买盘
2467,09:47:14,256.0,--,6,153600,买盘
2468,09:47:09,256.0,--,46,1177600,买盘
2469,09:47:03,256.0,-0.15,147,3767296,卖盘
2470,09:46:59,256.15,-0.01,12,307380,买盘
2471,09:46:54,256.16,0.16,24,614784,买盘
2472,09:46:48,256.0,--,29,742400,卖盘
2473,09:46:44,256.0,--,108,2764800,卖盘
2474,09:46:39,256.0,-0.03,66,1689600,卖盘
2475,09:46:33,256.03,0.06,209,5372533,买盘
2476,09:46:29,255.97,0.09,53,1356641,中性盘
2477,09:46:24,255.88,--,159,4068492,卖盘
2478,09:46:19,255.88,0.1,23,588524,卖盘
2479,09:46:14,255.78,-0.2,181,4629618,卖盘
2480,09:46:09,255.98,0.18,7,179186,买盘
2481,09:46:03,255.8,0.1,217,5572858,卖盘
2482,09:45:59,255.7,--,15,387129,卖盘
2483,09:45:54,255.7,--,10,255700,卖盘
2484,09:45:49,255.7,--,12,306840,买盘
2485,09:45:43,255.7,0.04,3,76710,买盘
2486,09:45:39,255.66,--,6,153396,卖盘
2487,09:45:34,255.66,0.06,26,677499,买盘
2488,09:45:28,255.6,0.07,7,178920,中性盘
2489,09:45:24,255.53,--,7,178871,卖盘
2490,09:45:18,255.53,-0.05,11,281083,中性盘
2491,09:45:13,255.58,0.08,10,270403,买盘
2492,09:45:09,255.5,--,29,740950,卖盘
2493,09:45:04,255.5,0.15,24,624697,买盘
2494,09:44:58,255.35,--,7,178745,买盘
2495,09:44:54,255.35,0.05,2,51070,买盘
2496,09:44:48,255.3,0.02,14,357420,买盘
2497,09:44:43,255.28,0.25,4,102112,买盘
2498,09:44:38,255.03,--,2,51006,卖盘
2499,09:44:34,255.03,--,34,869652,买盘
2500,09:44:28,255.03,0.03,3,77784,买盘
2501,09:44:23,255.0,--,1,25500,卖盘
2502,09:44:18,255.0,0.05,241,6145500,买盘
2503,09:44:13,254.95,--,9,229455,卖盘
2504,09:44:08,254.95,-0.03,12,318687,卖盘
2505,09:44:04,254.98,0.08,24,611952,买盘
2506,09:43:58,254.9,--,13,331370,卖盘
2507,09:43:53,254.9,--,23,586270,卖盘
2508,09:43:48,254.9,--,32,815680,卖盘
2509,09:43:43,254.9,0.42,130,3313700,买盘
2510,09:43:38,254.48,--,3,76344,买盘
2511,09:43:33,254.48,0.07,73,1857704,买盘
2512,09:43:28,254.41,-0.01,17,432497,中性盘
2513,09:43:23,254.42,-0.07,2,50884,买盘
2514,09:43:18,254.49,0.01,3,76347,买盘
2515,09:43:13,254.48,0.13,1,25448,买盘
2516,09:43:08,254.35,--,1,25435,卖盘
2517,09:43:03,254.35,--,21,534135,中性盘
2518,09:42:58,254.35,0.09,10,254350,买盘
2519,09:42:48,254.26,-0.09,3,76278,中性盘
2520,09:42:43,254.35,0.22,9,228915,买盘
2521,09:42:38,254.13,--,9,228717,卖盘
2522,09:42:33,254.13,0.02,82,2083866,买盘
2523,09:42:28,254.11,0.02,4,101644,买盘
2524,09:42:23,254.09,--,1,25409,卖盘
2525,09:42:18,254.09,0.01,1,25409,卖盘
2526,09:42:13,254.08,0.11,97,2464576,买盘
2527,09:42:08,253.97,0.08,53,1346041,买盘
2528,09:42:03,253.89,-0.08,6,152334,卖盘
2529,09:41:58,253.97,0.09,9,228573,买盘
2530,09:41:53,253.88,-0.09,14,355432,卖盘
2531,09:41:48,253.97,0.09,11,279367,买盘
2532,09:41:42,253.88,--,24,609312,卖盘
2533,09:41:38,253.88,0.01,52,1320176,买盘
2534,09:41:33,253.87,--,87,2208669,买盘
2535,09:41:28,253.87,0.01,11,279257,买盘
2536,09:41:18,253.86,0.36,3,76158,买盘
2537,09:41:13,253.5,--,2,55263,卖盘
2538,09:41:08,253.5,-0.2,2,50700,卖盘
2539,09:41:03,253.7,0.23,13,329810,买盘
2540,09:40:58,253.47,--,2,50694,卖盘
2541,09:40:53,253.47,--,3,76041,卖盘
2542,09:40:48,253.47,-0.02,202,5120094,中性盘
2543,09:40:42,253.49,0.09,7,179977,买盘
2544,09:40:38,253.4,--,0,0,买盘
2545,09:40:33,253.4,--,3,78807,中性盘
2546,09:40:27,253.4,-0.05,1,25340,买盘
2547,09:40:23,253.45,0.06,1,25345,中性盘
2548,09:40:18,253.39,-0.01,89,2255171,中性盘
2549,09:40:13,253.4,0.2,31,785540,买盘
2550,09:40:08,253.2,-0.2,1,25320,中性盘
2551,09:40:03,253.4,0.4,6,152040,买盘
2552,09:39:57,253.0,-0.52,342,8652600,卖盘
2553,09:39:48,253.52,0.32,16,405632,买盘
2554,09:39:42,253.2,-0.28,10,253200,卖盘
2555,09:39:38,253.48,--,0,0,买盘
2556,09:39:33,253.48,0.04,3,76044,买盘
2557,09:39:28,253.44,-0.05,112,2838528,买盘
2558,09:39:23,253.49,--,0,0,买盘
2559,09:39:18,253.49,0.02,195,4943055,买盘
2560,09:39:12,253.47,-0.01,8,202776,卖盘
2561,09:39:08,253.48,--,1,25348,卖盘
2562,09:39:02,253.48,0.1,17,434211,买盘
2563,09:38:57,253.38,--,1,25338,买盘
2564,09:38:53,253.38,--,11,278718,买盘
2565,09:38:48,253.38,-0.08,33,836154,中性盘
2566,09:38:43,253.46,-0.03,2,50692,卖盘
2567,09:38:38,253.49,0.01,20,506980,买盘
2568,09:38:27,253.48,--,21,532308,买盘
2569,09:38:23,253.48,0.01,49,1242052,买盘
2570,09:38:17,253.47,0.17,7,177429,卖盘
2571,09:38:12,253.3,-0.18,22,557260,卖盘
2572,09:38:08,253.48,0.47,6,152088,买盘
2573,09:38:02,253.01,0.01,12,303612,卖盘
2574,09:37:57,253.0,-0.08,7,177100,卖盘
2575,09:37:52,253.08,-0.37,2,50616,卖盘
2576,09:37:48,253.45,0.37,10,253450,买盘
2577,09:37:42,253.08,-0.4,4,101232,卖盘
2578,09:37:37,253.48,0.48,6,152088,买盘
2579,09:37:33,253.0,-0.08,200,5060000,卖盘
2580,09:37:27,253.08,-0.12,4,101232,卖盘
2581,09:37:22,253.2,-0.3,10,262568,卖盘
2582,09:37:17,253.5,--,8,202800,卖盘
2583,09:37:12,253.5,0.42,44,1122244,买盘
2584,09:37:07,253.08,0.12,10,265734,买盘
2585,09:37:03,252.96,0.01,50,1264800,中性盘
2586,09:36:57,252.95,-0.28,176,4464567,卖盘
2587,09:36:52,253.23,-0.26,107,2709561,卖盘
2588,09:36:48,253.49,--,0,0,买盘
2589,09:36:42,253.49,0.26,4,101396,中性盘
2590,09:36:37,253.23,-0.27,1,25323,中性盘
2591,09:36:32,253.5,0.27,31,785850,买盘
2592,09:36:27,253.23,0.01,202,5115246,买盘
2593,09:36:22,253.22,-0.01,4,101288,卖盘
2594,09:36:17,253.23,--,0,0,买盘
2595,09:36:12,253.23,0.18,2,50646,买盘
2596,09:36:07,253.05,--,26,657930,卖盘
2597,09:36:02,253.05,--,52,1315860,卖盘
2598,09:35:57,253.05,-0.17,1,37957,中性盘
2599,09:35:52,253.22,0.22,2,50644,买盘
2600,09:35:47,253.0,--,14,354200,卖盘
2601,09:35:42,253.0,--,137,3466100,买盘
2602,09:35:37,253.0,0.05,56,1416800,买盘
2603,09:35:32,252.95,-0.05,5,126475,卖盘
2604,09:35:26,253.0,--,44,1113200,买盘
2605,09:35:22,253.0,--,2,50600,买盘
2606,09:35:17,253.0,-0.18,52,1315600,卖盘
2607,09:35:11,253.18,0.17,63,1610477,中性盘
2608,09:35:07,253.01,--,12,303612,卖盘
2609,09:35:02,253.01,--,0,0,卖盘
2610,09:34:57,253.01,0.01,2,50602,中性盘
2611,09:34:52,253.0,--,23,593538,买盘
2612,09:34:47,253.0,--,33,834900,买盘
2613,09:34:42,253.0,0.01,30,759000,买盘
2614,09:34:37,252.99,0.09,5,126495,中性盘
2615,09:34:32,252.9,-0.1,9,227610,卖盘
2616,09:34:27,253.0,--,32,809600,买盘
2617,09:34:22,253.0,0.4,13,328900,买盘
2618,09:34:17,252.6,--,0,0,卖盘
2619,09:34:12,252.6,-0.4,4,101040,卖盘
2620,09:34:06,253.0,0.11,136,3440800,买盘
2621,09:34:02,252.89,--,14,354046,买盘
2622,09:33:57,252.89,-0.01,7,180057,卖盘
2623,09:33:52,252.9,--,6,168937,卖盘
2624,09:33:42,252.9,--,1,25290,卖盘
2625,09:33:36,252.9,--,4,101160,卖盘
2626,09:33:32,252.9,--,0,5058,买盘
2627,09:33:27,252.9,--,11,278190,买盘
2628,09:33:21,252.9,--,8,202320,买盘
2629,09:33:17,252.9,0.02,4,101160,买盘
2630,09:33:12,252.88,--,3,75864,卖盘
2631,09:33:06,252.88,0.27,11,278168,买盘
2632,09:32:57,252.61,-0.05,4,101044,卖盘
2633,09:32:51,252.66,0.06,7,176862,买盘
2634,09:32:47,252.6,-0.06,7,176820,卖盘
2635,09:32:42,252.66,0.06,8,202128,买盘
2636,09:32:37,252.6,--,5,126300,卖盘
2637,09:32:31,252.6,0.09,13,328380,买盘
2638,09:32:26,252.51,-0.09,4,101004,卖盘
2639,09:32:21,252.6,0.08,4,101040,买盘
2640,09:32:16,252.52,-0.1,2,50504,卖盘
2641,09:32:11,252.62,-0.28,21,530502,中性盘
2642,09:32:07,252.9,0.3,4,101160,中性盘
2643,09:32:02,252.6,-0.1,8,202080,卖盘
2644,09:31:56,252.7,-0.28,4,101080,卖盘
2645,09:31:52,252.98,0.38,7,182651,买盘
2646,09:31:47,252.6,-0.4,2,50520,卖盘
2647,09:31:41,253.0,--,0,0,买盘
2648,09:31:37,253.0,--,0,0,买盘
2649,09:31:31,253.0,--,2,50600,买盘
2650,09:31:26,253.0,0.49,1,25300,买盘
2651,09:31:22,252.51,-0.09,1,25251,卖盘
2652,09:31:16,252.6,0.05,2,50520,中性盘
2653,09:31:11,252.55,-0.45,1,25255,卖盘
2654,09:31:06,253.0,--,5,126500,买盘
2655,09:31:02,253.0,0.49,4,101200,买盘
2656,09:30:56,252.51,-0.49,3,92923,卖盘
2657,09:30:51,253.0,-0.23,2,50600,买盘
2658,09:30:47,253.23,0.23,7,177261,买盘
2659,09:30:36,253.0,--,8,202400,买盘
2660,09:30:32,253.0,--,32,809600,买盘
2661,09:30:26,253.0,0.5,1,25300,买盘
2662,09:30:17,252.5,--,5,126250,卖盘
2663,09:30:06,252.5,0.14,44,1111000,卖盘
2664,09:30:01,252.36,0.01,2,50472,买盘
2665,09:28:55,252.35,--,0,0,卖盘
2666,09:25:04,252.35,252.35,69,1756860,买盘
