,time,price,change,volume,amount,type
0,15:00:00,17.15,--,0,0,卖盘
1,15:00:00,17.15,--,116,198939,买盘
2,14:59:59,17.15,--,2,3429,买盘
3,14:59:48,17.15,--,82,140630,卖盘
4,14:59:39,17.15,--,142,243529,卖盘
5,14:59:33,17.15,0.01,124,212659,买盘
6,14:59:24,17.14,--,49,83986,卖盘
7,14:59:18,17.14,0.01,15,25710,买盘
8,14:59:14,17.13,-0.01,16,27408,卖盘
9,14:59:09,17.14,0.01,18,30852,买盘
10,14:58:59,17.13,--,3,5139,卖盘
11,14:58:54,17.13,--,16,27408,卖盘
12,14:58:44,17.13,--,6,10278,卖盘
13,14:58:39,17.13,--,26,44538,卖盘
14,14:58:33,17.13,--,426,729738,卖盘
15,14:58:24,17.13,--,11,18843,买盘
16,14:58:18,17.13,-0.01,36,61668,卖盘
17,14:58:14,17.14,--,0,0,买盘
18,14:58:09,17.14,--,19,32566,买盘
19,14:58:03,17.14,0.01,161,275954,买盘
20,14:57:59,17.13,--,52,89076,买盘
21,14:57:54,17.13,-0.01,322,551586,卖盘
22,14:57:48,17.14,--,60,102840,买盘
23,14:57:44,17.14,0.01,23,39422,买盘
24,14:57:38,17.13,--,67,114771,卖盘
25,14:57:33,17.13,--,14,23982,卖盘
26,14:57:24,17.13,--,10,17130,卖盘
27,14:57:18,17.13,0.01,15,25695,买盘
28,14:57:14,17.12,-0.01,6,10272,卖盘
29,14:57:09,17.13,0.01,40,68520,买盘
30,14:57:03,17.12,--,13,22256,卖盘
31,14:56:58,17.12,--,3,5136,卖盘
32,14:56:54,17.12,--,50,85788,卖盘
33,14:56:48,17.12,--,21,35952,卖盘
34,14:56:43,17.12,0.01,56,95872,买盘
35,14:56:38,17.11,--,106,181366,卖盘
36,14:56:33,17.11,-0.01,124,212164,卖盘
37,14:56:28,17.12,--,5,8560,卖盘
38,14:56:23,17.12,--,57,97584,卖盘
39,14:56:18,17.12,--,72,123264,买盘
40,14:56:13,17.12,--,48,82176,买盘
41,14:56:08,17.12,--,66,112992,卖盘
42,14:56:03,17.12,0.01,74,126688,中性盘
43,14:55:58,17.11,--,0,0,卖盘
44,14:55:53,17.11,--,66,112926,卖盘
45,14:55:48,17.11,--,178,304558,卖盘
46,14:55:43,17.11,-0.01,36,61596,卖盘
47,14:55:38,17.12,--,60,102720,买盘
48,14:55:33,17.12,--,53,90736,买盘
49,14:55:28,17.12,--,77,131824,买盘
50,14:55:23,17.12,0.01,11,18832,买盘
51,14:55:18,17.11,--,121,207031,卖盘
52,14:55:13,17.11,--,8,13688,卖盘
53,14:55:08,17.11,-0.01,44,75284,卖盘
54,14:55:03,17.12,0.01,94,160928,买盘
55,14:54:58,17.11,-0.01,4,6844,卖盘
56,14:54:53,17.12,--,9,15836,卖盘
57,14:54:48,17.12,-0.01,62,106144,卖盘
58,14:54:43,17.13,--,39,66807,买盘
59,14:54:38,17.13,--,759,1301845,卖盘
60,14:54:33,17.13,--,176,301488,卖盘
61,14:54:28,17.13,--,8,13704,卖盘
62,14:54:23,17.13,-0.01,41,70233,卖盘
63,14:54:18,17.14,0.01,52,89128,买盘
64,14:54:08,17.13,-0.01,192,328896,卖盘
65,14:54:03,17.14,0.01,155,265670,买盘
66,14:53:58,17.13,--,17,29121,卖盘
67,14:53:53,17.13,--,7,11991,卖盘
68,14:53:48,17.13,--,29,49677,卖盘
69,14:53:43,17.13,--,64,109632,卖盘
70,14:53:38,17.13,-0.01,63,107919,卖盘
71,14:53:33,17.14,0.01,90,154260,买盘
72,14:53:28,17.13,--,5,8565,卖盘
73,14:53:23,17.13,--,19,32546,卖盘
74,14:53:18,17.13,--,107,183291,卖盘
75,14:53:12,17.13,--,25,42825,卖盘
76,14:53:08,17.13,--,80,137040,卖盘
77,14:53:03,17.13,--,102,174726,卖盘
78,14:52:57,17.13,-0.01,3,5139,卖盘
79,14:52:53,17.14,--,250,428500,买盘
80,14:52:48,17.14,0.01,31,53134,买盘
81,14:52:42,17.13,--,135,231255,卖盘
82,14:52:38,17.13,--,25,42825,卖盘
83,14:52:33,17.13,--,93,159309,卖盘
84,14:52:27,17.13,-0.01,52,89076,卖盘
85,14:52:23,17.14,0.01,7,11998,买盘
86,14:52:12,17.13,--,132,226116,卖盘
87,14:52:08,17.13,-0.01,261,447093,卖盘
88,14:52:03,17.14,--,97,166258,卖盘
89,14:51:57,17.14,-0.01,6,10284,卖盘
90,14:51:48,17.15,0.01,146,250389,买盘
91,14:51:42,17.14,-0.01,110,188540,卖盘
92,14:51:38,17.15,--,4,6859,卖盘
93,14:51:33,17.15,--,116,198939,卖盘
94,14:51:27,17.15,--,9,15434,卖盘
95,14:51:23,17.15,--,1,1714,卖盘
96,14:51:18,17.15,-0.01,3,5145,卖盘
97,14:51:12,17.16,--,128,219648,买盘
98,14:51:08,17.16,--,3,5148,买盘
99,14:51:03,17.16,0.01,131,224796,买盘
100,14:50:57,17.15,-0.01,7,12004,卖盘
101,14:50:53,17.16,0.01,51,87516,买盘
102,14:50:48,17.15,-0.01,77,132055,卖盘
103,14:50:42,17.16,0.01,33,56628,买盘
104,14:50:38,17.15,--,24,41160,卖盘
105,14:50:33,17.15,-0.01,64,109759,卖盘
106,14:50:27,17.16,0.01,20,34320,买盘
107,14:50:23,17.15,-0.01,3,5145,卖盘
108,14:50:18,17.16,0.01,17,29172,买盘
109,14:50:12,17.15,--,7,12004,卖盘
110,14:50:08,17.15,-0.01,3,5145,卖盘
111,14:50:03,17.16,0.01,90,154440,买盘
112,14:49:57,17.15,-0.01,27,46304,卖盘
113,14:49:48,17.16,-0.02,19,33273,卖盘
114,14:49:42,17.18,--,66,113388,买盘
115,14:49:37,17.18,0.02,119,204442,买盘
116,14:49:33,17.16,--,103,177794,卖盘
117,14:49:27,17.16,-0.01,117,200772,卖盘
118,14:49:17,17.17,0.01,9,15453,买盘
119,14:49:12,17.16,-0.02,7,12012,卖盘
120,14:49:08,17.18,0.03,6,10308,买盘
121,14:49:02,17.15,-0.01,82,140630,卖盘
122,14:48:57,17.16,-0.02,15,25740,卖盘
123,14:48:52,17.18,--,0,0,买盘
124,14:48:47,17.18,--,64,109952,买盘
125,14:48:42,17.18,0.03,123,212138,买盘
126,14:48:37,17.15,-0.02,15,25724,卖盘
127,14:48:32,17.17,0.02,218,375782,买盘
128,14:48:27,17.15,-0.01,27,46304,卖盘
129,14:48:22,17.16,0.01,2,3432,买盘
130,14:48:17,17.15,--,14,24009,卖盘
131,14:48:12,17.15,0.01,142,244027,买盘
132,14:48:07,17.14,--,22,37708,卖盘
133,14:48:02,17.14,-0.01,101,173114,卖盘
134,14:47:57,17.15,0.01,18,30869,买盘
135,14:47:47,17.14,-0.01,1,1714,卖盘
136,14:47:42,17.15,0.02,57,97754,买盘
137,14:47:37,17.13,-0.01,157,268941,卖盘
138,14:47:32,17.14,--,65,111410,卖盘
139,14:47:27,17.14,--,42,71988,卖盘
140,14:47:22,17.14,--,20,34280,卖盘
141,14:47:17,17.14,--,4,7318,卖盘
142,14:47:12,17.14,--,16,27424,卖盘
143,14:47:07,17.14,0.01,5,8570,中性盘
144,14:47:02,17.13,-0.02,134,229542,卖盘
145,14:46:57,17.15,0.01,18,30869,买盘
146,14:46:52,17.14,--,2,3428,买盘
147,14:46:47,17.14,--,27,46278,买盘
148,14:46:42,17.14,-0.01,85,145690,卖盘
149,14:46:37,17.15,0.01,1378,2363270,买盘
150,14:46:32,17.14,--,90,154260,买盘
151,14:46:27,17.14,0.01,49,83986,买盘
152,14:46:22,17.13,--,3,5139,卖盘
153,14:46:17,17.13,-0.02,387,662931,卖盘
154,14:46:12,17.15,--,211,361864,买盘
155,14:46:07,17.15,--,6,10290,买盘
156,14:46:02,17.15,0.01,144,246959,买盘
157,14:45:56,17.14,-0.01,3,5142,卖盘
158,14:45:52,17.15,0.01,63,108044,买盘
159,14:45:47,17.14,-0.01,659,1129526,卖盘
160,14:45:36,17.15,0.01,21,36015,买盘
161,14:45:32,17.14,-0.01,132,226248,卖盘
162,14:45:26,17.15,--,1065,1826474,买盘
163,14:45:17,17.15,0.02,206,353289,买盘
164,14:45:12,17.13,-0.01,32,54816,卖盘
165,14:45:06,17.14,0.01,32,54848,买盘
166,14:45:02,17.13,-0.01,132,226116,卖盘
167,14:44:57,17.14,0.01,24,41136,买盘
168,14:44:51,17.13,--,28,47964,卖盘
169,14:44:47,17.13,--,9,15417,卖盘
170,14:44:41,17.13,-0.01,53,90789,卖盘
171,14:44:36,17.14,0.01,2,3428,买盘
172,14:44:32,17.13,--,96,164448,卖盘
173,14:44:27,17.13,-0.01,328,561864,卖盘
174,14:44:21,17.14,0.01,5,8570,买盘
175,14:44:17,17.13,--,41,70233,卖盘
176,14:44:11,17.13,-0.01,1,1713,卖盘
177,14:44:06,17.14,0.01,327,560649,买盘
178,14:44:02,17.13,-0.01,328,561864,卖盘
179,14:43:56,17.14,--,42,71988,买盘
180,14:43:51,17.14,-0.01,249,427694,卖盘
181,14:43:46,17.15,0.01,99,169785,买盘
182,14:43:41,17.14,-0.01,2,3428,卖盘
183,14:43:36,17.15,0.01,114,195509,买盘
184,14:43:32,17.14,-0.01,50,85700,卖盘
185,14:43:26,17.15,0.01,2,3429,买盘
186,14:43:21,17.14,-0.01,27,46278,卖盘
187,14:43:17,17.15,0.01,13,22294,买盘
188,14:43:12,17.14,-0.01,50,85700,卖盘
189,14:43:06,17.15,--,195,334425,买盘
190,14:43:02,17.15,--,40,68600,买盘
191,14:42:56,17.15,--,23,39445,买盘
192,14:42:51,17.15,--,82,140630,买盘
193,14:42:47,17.15,0.01,2,3429,买盘
194,14:42:41,17.14,-0.01,47,80558,卖盘
195,14:42:36,17.15,0.01,75,128624,买盘
196,14:42:32,17.14,--,4,6856,卖盘
197,14:42:26,17.14,-0.01,35,59990,卖盘
198,14:42:21,17.15,0.01,26,44589,买盘
199,14:42:17,17.14,-0.01,31,53134,卖盘
200,14:42:11,17.15,--,29,49734,买盘
201,14:42:06,17.15,0.01,133,228901,买盘
202,14:42:02,17.14,--,41,70274,卖盘
203,14:41:56,17.14,-0.01,376,644464,卖盘
204,14:41:51,17.15,--,168,288120,买盘
205,14:41:47,17.15,-0.01,401,688126,卖盘
206,14:41:41,17.16,--,47,80652,买盘
207,14:41:36,17.16,0.01,120,205920,买盘
208,14:41:32,17.15,-0.01,29,49734,卖盘
209,14:41:26,17.16,0.01,2,3432,买盘
210,14:41:21,17.15,-0.01,49,84035,卖盘
211,14:41:17,17.16,--,2,3432,买盘
212,14:41:11,17.16,--,60,104555,买盘
213,14:41:06,17.16,0.01,78,133848,买盘
214,14:41:02,17.15,--,49,84035,卖盘
215,14:40:56,17.15,-0.01,85,145775,卖盘
216,14:40:51,17.16,--,32,54912,买盘
217,14:40:46,17.16,0.01,10,17160,买盘
218,14:40:41,17.15,--,10,17150,卖盘
219,14:40:36,17.15,--,154,264110,卖盘
220,14:40:31,17.15,--,5,8575,卖盘
221,14:40:26,17.15,-0.01,89,152635,卖盘
222,14:40:16,17.16,--,439,753324,买盘
223,14:40:06,17.16,-0.01,304,521664,卖盘
224,14:39:56,17.17,0.01,62,106454,买盘
225,14:39:51,17.16,-0.01,187,320892,卖盘
226,14:39:46,17.17,0.01,56,96152,买盘
227,14:39:41,17.16,-0.01,34,58344,卖盘
228,14:39:36,17.17,0.01,91,156247,中性盘
229,14:39:31,17.16,--,285,489060,卖盘
230,14:39:26,17.16,-0.02,56,96096,卖盘
231,14:39:20,17.18,--,47,80746,买盘
232,14:39:16,17.18,0.02,1,1718,买盘
233,14:39:11,17.16,--,29,49764,卖盘
234,14:39:05,17.16,-0.02,79,135564,卖盘
235,14:38:56,17.18,--,43,73874,卖盘
236,14:38:50,17.18,--,10,17180,卖盘
237,14:38:45,17.18,--,29,49822,卖盘
238,14:38:41,17.18,--,62,106516,卖盘
239,14:38:35,17.18,0.02,128,219904,中性盘
240,14:38:30,17.16,-0.03,54,92664,卖盘
241,14:38:26,17.19,--,33,56727,买盘
242,14:38:20,17.19,--,0,0,买盘
243,14:38:15,17.19,--,11,18909,买盘
244,14:38:11,17.19,-0.01,66,113454,中性盘
245,14:38:05,17.2,0.01,101,173720,买盘
246,14:38:00,17.19,--,11,18909,卖盘
247,14:37:56,17.19,--,14,24066,卖盘
248,14:37:50,17.19,--,40,68760,卖盘
249,14:37:41,17.19,0.03,413,711545,买盘
250,14:37:35,17.16,--,111,190476,卖盘
251,14:37:30,17.16,--,32,54912,卖盘
252,14:37:26,17.16,--,45,77220,卖盘
253,14:37:20,17.16,-0.01,25,42900,卖盘
254,14:37:15,17.17,0.01,24,41208,买盘
255,14:37:11,17.16,--,2,3432,卖盘
256,14:37:05,17.16,-0.01,136,233376,卖盘
257,14:37:00,17.17,--,8,13736,买盘
258,14:36:56,17.17,0.01,97,166549,买盘
259,14:36:50,17.16,-0.01,34,58344,卖盘
260,14:36:45,17.17,0.01,27,46359,买盘
261,14:36:41,17.16,--,65,111540,卖盘
262,14:36:35,17.16,--,120,205920,卖盘
263,14:36:30,17.16,-0.02,29,49764,卖盘
264,14:36:25,17.18,0.02,133,228494,买盘
265,14:36:20,17.16,-0.01,39,66924,卖盘
266,14:36:15,17.17,0.01,94,161398,买盘
267,14:36:11,17.16,-0.01,59,101244,卖盘
268,14:36:05,17.17,0.01,89,152813,买盘
269,14:36:00,17.16,--,26,44616,卖盘
270,14:35:56,17.16,--,26,44616,卖盘
271,14:35:50,17.16,-0.01,84,144144,卖盘
272,14:35:45,17.17,--,40,68680,卖盘
273,14:35:40,17.17,-0.01,27,46359,卖盘
274,14:35:35,17.18,0.01,102,175236,买盘
275,14:35:30,17.17,-0.01,49,84133,中性盘
276,14:35:25,17.18,--,156,268008,买盘
277,14:35:20,17.18,0.01,81,139158,买盘
278,14:35:15,17.17,0.01,175,300475,中性盘
279,14:35:10,17.16,-0.02,3,5148,卖盘
280,14:35:05,17.18,0.01,235,403730,买盘
281,14:35:00,17.17,-0.01,39,68576,卖盘
282,14:34:55,17.18,0.01,33,56694,买盘
283,14:34:50,17.17,-0.01,36,61812,中性盘
284,14:34:45,17.18,0.01,56,96208,买盘
285,14:34:40,17.17,0.01,50,85850,买盘
286,14:34:35,17.16,--,108,185328,卖盘
287,14:34:30,17.16,-0.02,28,48048,卖盘
288,14:34:25,17.18,--,139,238922,卖盘
289,14:34:20,17.18,--,100,171800,卖盘
290,14:34:15,17.18,--,26,44668,卖盘
291,14:34:10,17.18,--,185,317830,卖盘
292,14:34:05,17.18,0.01,184,317709,卖盘
293,14:34:00,17.17,-0.02,61,104737,卖盘
294,14:33:55,17.19,0.02,4,6876,买盘
295,14:33:50,17.17,0.01,38,65246,中性盘
296,14:33:45,17.16,--,28,48048,卖盘
297,14:33:40,17.16,-0.01,27,46332,卖盘
298,14:33:35,17.17,--,149,255833,卖盘
299,14:33:30,17.17,-0.01,29,49793,卖盘
300,14:33:25,17.18,0.01,39,67002,买盘
301,14:33:20,17.17,--,93,159681,卖盘
302,14:33:15,17.17,-0.03,68,116756,卖盘
303,14:33:10,17.2,-0.01,2,3440,卖盘
304,14:33:05,17.21,0.03,110,189310,买盘
305,14:33:00,17.18,-0.03,26,44668,卖盘
306,14:32:55,17.21,0.01,72,123912,买盘
307,14:32:50,17.2,-0.01,32,55040,卖盘
308,14:32:45,17.21,0.03,69,118749,买盘
309,14:32:40,17.18,-0.03,25,42950,卖盘
310,14:32:35,17.21,0.03,113,194473,买盘
311,14:32:30,17.18,--,31,53258,卖盘
312,14:32:25,17.18,--,11,18898,卖盘
313,14:32:20,17.18,-0.01,82,142473,卖盘
314,14:32:15,17.19,0.01,7,12033,中性盘
315,14:32:10,17.18,-0.03,29,49822,卖盘
316,14:32:05,17.21,0.01,142,244382,买盘
317,14:32:00,17.2,--,63,108360,买盘
318,14:31:55,17.2,0.02,24,41280,中性盘
319,14:31:50,17.18,-0.02,80,137440,卖盘
320,14:31:45,17.2,0.02,81,139320,买盘
321,14:31:40,17.18,--,23,39926,卖盘
322,14:31:35,17.18,--,189,324702,卖盘
323,14:31:30,17.18,--,83,142765,卖盘
324,14:31:25,17.18,--,16,28931,卖盘
325,14:31:20,17.18,-0.02,23,39514,卖盘
326,14:31:14,17.2,0.02,106,182320,买盘
327,14:31:10,17.18,-0.03,13,22334,卖盘
328,14:31:05,17.21,0.01,123,211683,买盘
329,14:30:59,17.2,--,64,110080,卖盘
330,14:30:54,17.2,0.02,34,58480,买盘
331,14:30:50,17.18,-0.02,79,135722,卖盘
332,14:30:44,17.2,0.02,32,55040,买盘
333,14:30:39,17.18,-0.02,144,247392,卖盘
334,14:30:35,17.2,0.02,81,139320,买盘
335,14:30:29,17.18,-0.02,51,87618,卖盘
336,14:30:24,17.2,--,21,36120,买盘
337,14:30:20,17.2,--,110,189200,买盘
338,14:30:14,17.2,0.02,4,6880,买盘
339,14:30:09,17.18,--,28,48104,卖盘
340,14:30:05,17.18,-0.01,105,180390,卖盘
341,14:29:59,17.19,-0.02,27,46413,卖盘
342,14:29:54,17.21,--,25,43025,买盘
343,14:29:50,17.21,--,30,51630,买盘
344,14:29:44,17.21,0.03,38,66155,买盘
345,14:29:39,17.18,-0.01,23,41111,卖盘
346,14:29:35,17.19,--,183,314577,卖盘
347,14:29:29,17.19,-0.01,20,34380,中性盘
348,14:29:24,17.2,0.02,34,58480,买盘
349,14:29:20,17.18,-0.02,81,139158,卖盘
350,14:29:14,17.2,0.02,31,53320,买盘
351,14:29:09,17.18,--,23,39514,卖盘
352,14:29:05,17.18,--,128,219904,卖盘
353,14:28:59,17.18,--,34,58412,卖盘
354,14:28:54,17.18,--,0,0,卖盘
355,14:28:50,17.18,--,58,99644,卖盘
356,14:28:44,17.18,0.01,27,47983,中性盘
357,14:28:39,17.17,-0.02,51,87567,卖盘
358,14:28:35,17.19,-0.03,89,153403,卖盘
359,14:28:29,17.22,--,170,292740,买盘
360,14:28:24,17.22,0.04,3,5166,买盘
361,14:28:20,17.18,-0.01,115,197570,卖盘
362,14:28:14,17.19,--,27,46413,卖盘
363,14:28:09,17.19,0.01,36,61884,中性盘
364,14:28:04,17.18,--,207,356450,卖盘
365,14:27:59,17.18,--,27,46386,卖盘
366,14:27:54,17.18,-0.02,60,104712,卖盘
367,14:27:49,17.2,0.02,10,17200,买盘
368,14:27:44,17.18,--,86,147748,卖盘
369,14:27:39,17.18,--,6,10308,卖盘
370,14:27:34,17.18,--,121,208290,卖盘
371,14:27:29,17.18,-0.03,104,178672,卖盘
372,14:27:24,17.21,0.03,169,290849,买盘
373,14:27:19,17.18,-0.01,1,1718,卖盘
374,14:27:14,17.19,0.01,114,195966,买盘
375,14:27:09,17.18,--,29,49822,卖盘
376,14:27:04,17.18,--,88,151184,卖盘
377,14:26:59,17.18,-0.03,68,118421,卖盘
378,14:26:54,17.21,0.03,28,48188,买盘
379,14:26:49,17.18,-0.01,46,79028,卖盘
380,14:26:44,17.19,0.01,106,182626,买盘
381,14:26:39,17.18,-0.01,76,130980,卖盘
382,14:26:34,17.19,0.01,110,189090,买盘
383,14:26:29,17.18,--,51,87618,卖盘
384,14:26:24,17.18,--,30,51540,卖盘
385,14:26:19,17.18,-0.01,56,96208,卖盘
386,14:26:14,17.19,--,28,48132,买盘
387,14:26:09,17.19,0.01,77,132655,买盘
388,14:26:04,17.18,--,112,192536,卖盘
389,14:25:59,17.18,--,8,13744,卖盘
390,14:25:54,17.18,--,62,106516,卖盘
391,14:25:49,17.18,--,3,5154,卖盘
392,14:25:44,17.18,--,63,108234,卖盘
393,14:25:39,17.18,-0.03,72,123696,卖盘
394,14:25:34,17.21,0.03,28,48188,买盘
395,14:25:29,17.18,-0.03,91,156338,卖盘
396,14:25:24,17.21,0.02,37,63677,买盘
397,14:25:19,17.19,--,22,37818,卖盘
398,14:25:14,17.19,0.01,55,96160,买盘
399,14:25:09,17.18,--,58,100468,卖盘
400,14:25:04,17.18,--,55,94490,卖盘
401,14:24:59,17.18,-0.01,64,109952,卖盘
402,14:24:54,17.19,0.01,21,36099,买盘
403,14:24:49,17.18,--,27,46386,卖盘
404,14:24:44,17.18,--,24,41232,卖盘
405,14:24:39,17.18,-0.01,116,199288,卖盘
406,14:24:34,17.19,0.01,6,10314,买盘
407,14:24:29,17.18,-0.01,53,91054,卖盘
408,14:24:24,17.19,0.01,29,49851,中性盘
409,14:24:19,17.18,--,25,44564,卖盘
410,14:24:14,17.18,--,59,101362,卖盘
411,14:24:08,17.18,--,50,86312,卖盘
412,14:24:04,17.18,--,80,137440,卖盘
413,14:23:59,17.18,--,34,58412,卖盘
414,14:23:53,17.18,0.01,74,127956,买盘
415,14:23:49,17.17,-0.01,2,3434,卖盘
416,14:23:44,17.18,0.01,38,65284,买盘
417,14:23:38,17.17,-0.04,82,140794,卖盘
418,14:23:33,17.21,0.01,27,46467,买盘
419,14:23:29,17.2,0.01,198,342056,买盘
420,14:23:23,17.19,0.02,58,99702,买盘
421,14:23:18,17.17,--,24,41208,卖盘
422,14:23:14,17.17,--,29,49793,卖盘
423,14:23:08,17.17,-0.01,162,278566,卖盘
424,14:23:03,17.18,--,3,5154,卖盘
425,14:22:59,17.18,--,54,92772,卖盘
426,14:22:53,17.18,--,11,18898,卖盘
427,14:22:48,17.18,--,30,51540,卖盘
428,14:22:44,17.18,--,31,53258,卖盘
429,14:22:38,17.18,--,115,197982,卖盘
430,14:22:33,17.18,--,88,151184,卖盘
431,14:22:29,17.18,--,29,49822,卖盘
432,14:22:23,17.18,-0.01,38,65284,卖盘
433,14:22:18,17.19,0.01,24,41256,买盘
434,14:22:14,17.18,-0.01,67,115106,卖盘
435,14:22:08,17.19,-0.03,137,235503,卖盘
436,14:22:03,17.22,0.04,40,70481,买盘
437,14:21:59,17.18,-0.02,24,41232,卖盘
438,14:21:53,17.2,0.02,59,101480,买盘
439,14:21:48,17.18,-0.03,70,120260,卖盘
440,14:21:44,17.21,-0.01,36,61956,中性盘
441,14:21:38,17.22,--,109,188111,买盘
442,14:21:33,17.22,0.01,2,3444,买盘
443,14:21:28,17.21,-0.01,32,55072,卖盘
444,14:21:23,17.22,0.01,1,1722,买盘
445,14:21:18,17.21,0.01,111,192648,买盘
446,14:21:14,17.2,-0.01,18,30960,卖盘
447,14:21:08,17.21,--,102,175955,买盘
448,14:21:03,17.21,0.01,2,3442,买盘
449,14:20:58,17.2,-0.01,79,135880,卖盘
450,14:20:53,17.21,0.01,3,5163,买盘
451,14:20:48,17.2,-0.01,24,42896,卖盘
452,14:20:43,17.21,0.01,44,75724,买盘
453,14:20:38,17.2,-0.01,76,131132,卖盘
454,14:20:33,17.21,0.01,24,41304,买盘
455,14:20:29,17.2,--,10,17200,卖盘
456,14:20:23,17.2,--,28,48160,卖盘
457,14:20:18,17.2,-0.01,3,5160,卖盘
458,14:20:14,17.21,0.01,34,58514,买盘
459,14:20:08,17.2,--,80,138012,买盘
460,14:20:03,17.2,0.02,6,10320,买盘
461,14:19:58,17.18,-0.02,37,63566,卖盘
462,14:19:53,17.2,0.02,26,46336,买盘
463,14:19:48,17.18,-0.02,23,39514,卖盘
464,14:19:44,17.2,0.01,29,49880,买盘
465,14:19:38,17.19,-0.01,110,189502,卖盘
466,14:19:33,17.2,0.02,45,77400,买盘
467,14:19:28,17.18,--,32,54976,卖盘
468,14:19:23,17.18,-0.01,13,22334,卖盘
469,14:19:18,17.19,-0.02,60,103140,卖盘
470,14:19:13,17.21,--,0,0,买盘
471,14:19:08,17.21,--,116,200255,买盘
472,14:19:03,17.21,--,26,46346,买盘
473,14:18:53,17.21,0.01,102,175542,买盘
474,14:18:48,17.2,0.01,6,10320,中性盘
475,14:18:43,17.19,--,42,72198,卖盘
476,14:18:38,17.19,-0.01,64,110016,卖盘
477,14:18:33,17.2,0.01,45,77400,买盘
478,14:18:28,17.19,-0.01,2,3438,卖盘
479,14:18:23,17.2,0.01,45,77400,买盘
480,14:18:18,17.19,--,49,84231,卖盘
481,14:18:13,17.19,--,3,5157,卖盘
482,14:18:08,17.19,-0.01,113,195845,卖盘
483,14:18:03,17.2,0.02,24,41280,买盘
484,14:17:58,17.18,--,1,1718,卖盘
485,14:17:53,17.18,-0.01,41,70438,卖盘
486,14:17:48,17.19,--,229,393651,买盘
487,14:17:38,17.19,0.01,79,135801,买盘
488,14:17:33,17.18,--,24,41232,卖盘
489,14:17:28,17.18,--,24,41232,卖盘
490,14:17:23,17.18,-0.01,9,15462,卖盘
491,14:17:18,17.19,--,34,58549,卖盘
492,14:17:13,17.19,-0.01,45,77355,卖盘
493,14:17:08,17.2,0.01,58,99760,买盘
494,14:17:03,17.19,-0.01,153,263007,卖盘
495,14:16:58,17.2,0.01,11,18920,买盘
496,14:16:53,17.19,-0.01,40,68760,卖盘
497,14:16:48,17.2,0.01,29,49880,买盘
498,14:16:43,17.19,--,24,41256,卖盘
499,14:16:38,17.19,--,58,99702,卖盘
500,14:16:33,17.19,-0.01,38,65425,卖盘
501,14:16:28,17.2,--,44,75680,卖盘
502,14:16:23,17.2,--,71,123736,买盘
503,14:16:18,17.2,--,3,5160,买盘
504,14:16:13,17.2,--,12,20640,买盘
505,14:16:08,17.2,--,108,185760,买盘
506,14:16:03,17.2,0.01,35,60200,买盘
507,14:15:58,17.19,-0.01,24,41256,卖盘
508,14:15:53,17.2,--,21,36120,买盘
509,14:15:48,17.2,--,74,128896,中性盘
510,14:15:43,17.2,--,20,35105,卖盘
511,14:15:38,17.2,--,135,232200,卖盘
512,14:15:32,17.2,0.01,43,74974,买盘
513,14:15:27,17.19,--,130,223470,卖盘
514,14:15:23,17.19,-0.02,79,136385,卖盘
515,14:15:17,17.21,0.01,98,168658,中性盘
516,14:15:12,17.2,-0.02,101,173720,卖盘
517,14:15:08,17.22,0.02,58,101133,买盘
518,14:15:02,17.2,-0.01,37,63640,卖盘
519,14:14:57,17.21,--,1,1721,卖盘
520,14:14:53,17.21,-0.01,30,51630,卖盘
521,14:14:47,17.22,0.01,7,12054,买盘
522,14:14:42,17.21,--,36,61956,卖盘
523,14:14:38,17.21,--,79,135959,卖盘
524,14:14:32,17.21,-0.01,133,228893,卖盘
525,14:14:27,17.22,0.01,3,5166,买盘
526,14:14:22,17.21,--,3,5163,卖盘
527,14:14:17,17.21,-0.01,27,46467,卖盘
528,14:14:12,17.22,--,13,22386,卖盘
529,14:14:07,17.22,0.02,108,185976,买盘
530,14:14:02,17.2,--,15,25800,卖盘
531,14:13:57,17.2,-0.02,27,46440,卖盘
532,14:13:52,17.22,--,5,8610,买盘
533,14:13:47,17.22,0.02,34,60149,买盘
534,14:13:42,17.2,--,99,170280,卖盘
535,14:13:37,17.2,--,175,301000,卖盘
536,14:13:32,17.2,0.01,21,36120,中性盘
537,14:13:27,17.19,--,48,82512,卖盘
538,14:13:22,17.19,-0.01,32,55008,卖盘
539,14:13:17,17.2,--,46,79120,卖盘
540,14:13:12,17.2,--,94,161680,卖盘
541,14:13:07,17.2,--,137,235640,卖盘
542,14:13:02,17.2,-0.01,92,158240,卖盘
543,14:12:52,17.21,-0.01,240,413470,卖盘
544,14:12:47,17.22,0.01,25,44668,卖盘
545,14:12:42,17.21,--,1,1721,卖盘
546,14:12:37,17.21,--,221,381958,卖盘
547,14:12:32,17.21,-0.02,39,67119,卖盘
548,14:12:27,17.23,--,5,8615,买盘
549,14:12:22,17.23,--,24,41352,买盘
550,14:12:17,17.23,--,39,67197,买盘
551,14:12:12,17.23,--,0,0,买盘
552,14:12:07,17.23,--,242,416966,买盘
553,14:12:02,17.23,0.01,28,48244,买盘
554,14:11:57,17.22,--,26,44772,卖盘
555,14:11:52,17.22,-0.02,56,96432,卖盘
556,14:11:47,17.24,0.02,52,89647,买盘
557,14:11:37,17.22,--,131,225581,卖盘
558,14:11:32,17.22,-0.03,99,170478,卖盘
559,14:11:27,17.25,--,806,1390470,卖盘
560,14:11:22,17.25,-0.01,28,48300,卖盘
561,14:11:17,17.26,0.01,25,43150,买盘
562,14:11:12,17.25,-0.01,24,41400,卖盘
563,14:11:07,17.26,0.01,62,107012,买盘
564,14:11:02,17.25,--,83,144779,卖盘
565,14:10:52,17.25,-0.01,24,41400,卖盘
566,14:10:47,17.26,0.01,17,29342,买盘
567,14:10:37,17.25,--,81,139725,卖盘
568,14:10:32,17.25,0.03,9,15525,中性盘
569,14:10:27,17.22,-0.05,21,36162,卖盘
570,14:10:22,17.27,0.02,24,41448,买盘
571,14:10:17,17.25,-0.02,36,62100,买盘
572,14:10:12,17.27,0.03,2,3454,买盘
573,14:10:07,17.24,-0.01,79,136196,卖盘
574,14:10:02,17.25,--,16,27600,卖盘
575,14:09:56,17.25,--,28,48300,卖盘
576,14:09:52,17.25,--,25,43125,卖盘
577,14:09:47,17.25,0.03,31,55096,买盘
578,14:09:42,17.22,--,28,48216,卖盘
579,14:09:37,17.22,--,55,94710,卖盘
580,14:09:32,17.22,-0.03,37,63713,卖盘
581,14:09:27,17.25,--,58,100050,买盘
582,14:09:22,17.25,--,7,12075,买盘
583,14:09:17,17.25,0.02,2,3450,中性盘
584,14:09:12,17.23,--,17,29291,卖盘
585,14:09:07,17.23,-0.04,56,96488,卖盘
586,14:09:02,17.27,--,16,27632,买盘
587,14:08:56,17.27,0.02,200,345400,买盘
588,14:08:52,17.25,-0.01,1,1725,卖盘
589,14:08:47,17.26,-0.01,15,27219,卖盘
590,14:08:41,17.27,--,33,56991,买盘
591,14:08:37,17.27,0.01,60,103620,买盘
592,14:08:32,17.26,-0.01,26,44876,卖盘
593,14:08:27,17.27,--,66,115605,买盘
594,14:08:22,17.27,--,20,34540,买盘
595,14:08:17,17.27,--,96,165792,买盘
596,14:08:11,17.27,0.01,2,3454,买盘
597,14:08:07,17.26,--,59,102697,卖盘
598,14:08:02,17.26,--,23,39698,卖盘
599,14:07:56,17.26,--,26,44876,卖盘
600,14:07:52,17.26,-0.01,29,50054,卖盘
601,14:07:47,17.27,0.01,45,77715,买盘
602,14:07:37,17.26,--,55,94930,卖盘
603,14:07:32,17.26,0.01,657,1135345,买盘
604,14:07:26,17.25,0.03,80,138000,买盘
605,14:07:22,17.22,-0.03,22,37884,卖盘
606,14:07:17,17.25,--,66,113850,买盘
607,14:07:11,17.25,0.03,55,94875,买盘
608,14:07:06,17.22,-0.03,56,96432,卖盘
609,14:07:02,17.25,--,36,62100,买盘
610,14:06:56,17.25,--,14,24150,买盘
611,14:06:51,17.25,0.03,122,210450,买盘
612,14:06:46,17.22,-0.02,28,48216,卖盘
613,14:06:41,17.24,0.02,31,53443,买盘
614,14:06:36,17.22,-0.02,77,134195,卖盘
615,14:06:31,17.24,0.02,3,5171,买盘
616,14:06:26,17.22,--,36,61991,卖盘
617,14:06:21,17.22,-0.02,13,22386,卖盘
618,14:06:16,17.24,0.02,26,44823,买盘
619,14:06:11,17.22,-0.01,32,55104,卖盘
620,14:06:06,17.23,-0.01,81,139563,卖盘
621,14:06:01,17.24,--,30,51719,卖盘
622,14:05:56,17.24,--,26,44823,卖盘
623,14:05:51,17.24,-0.01,8,13791,卖盘
624,14:05:46,17.25,0.01,3,5175,买盘
625,14:05:41,17.24,-0.02,146,252548,卖盘
626,14:05:36,17.26,0.01,81,139806,买盘
627,14:05:31,17.25,-0.01,25,43125,卖盘
628,14:05:26,17.26,0.01,4,6904,买盘
629,14:05:21,17.25,-0.01,67,115575,卖盘
630,14:05:16,17.26,0.01,178,307228,买盘
631,14:05:11,17.25,-0.01,1073,1852046,卖盘
632,14:05:06,17.26,-0.01,61,105286,卖盘
633,14:05:01,17.27,--,36,62172,买盘
634,14:04:56,17.27,0.01,15,25905,买盘
635,14:04:51,17.26,--,47,82727,卖盘
636,14:04:46,17.26,-0.01,86,148436,卖盘
637,14:04:41,17.27,0.01,10,17270,买盘
638,14:04:36,17.26,--,81,139806,卖盘
639,14:04:31,17.26,-0.01,12,20712,卖盘
640,14:04:26,17.27,0.01,42,72534,买盘
641,14:04:21,17.26,-0.01,43,74218,卖盘
642,14:04:16,17.27,--,26,44902,买盘
643,14:04:11,17.27,0.01,56,96712,买盘
644,14:04:06,17.26,-0.01,92,158792,卖盘
645,14:03:56,17.27,--,59,103499,买盘
646,14:03:51,17.27,--,5,8635,买盘
647,14:03:46,17.27,--,5,8635,买盘
648,14:03:41,17.27,0.01,42,72534,买盘
649,14:03:36,17.26,--,55,94930,卖盘
650,14:03:31,17.26,--,43,74218,卖盘
651,14:03:26,17.26,--,13,22438,卖盘
652,14:03:21,17.26,--,45,77670,卖盘
653,14:03:16,17.26,--,43,74218,卖盘
654,14:03:11,17.26,-0.01,136,234736,卖盘
655,14:03:06,17.27,0.01,105,181335,买盘
656,14:03:01,17.26,--,49,86196,卖盘
657,14:02:56,17.26,--,21,36246,卖盘
658,14:02:46,17.26,--,23,39698,卖盘
659,14:02:41,17.26,-0.01,14,24164,卖盘
660,14:02:36,17.27,0.01,83,143341,买盘
661,14:02:31,17.26,--,173,298598,卖盘
662,14:02:26,17.26,--,108,186408,卖盘
663,14:02:21,17.26,--,133,229558,卖盘
664,14:02:16,17.26,--,35,60410,卖盘
665,14:02:11,17.26,--,8,13808,卖盘
666,14:02:06,17.26,--,84,144984,卖盘
667,14:02:01,17.26,-0.01,394,680665,卖盘
668,14:01:56,17.27,--,47,81169,卖盘
669,14:01:51,17.27,--,27,46629,卖盘
670,14:01:41,17.27,--,30,51810,卖盘
671,14:01:36,17.27,--,57,98439,卖盘
672,14:01:31,17.27,--,29,50083,卖盘
673,14:01:26,17.27,--,114,196878,卖盘
674,14:01:20,17.27,--,25,43175,卖盘
675,14:01:16,17.27,--,8,13816,卖盘
676,14:01:11,17.27,--,23,39721,卖盘
677,14:01:05,17.27,-0.01,60,103620,卖盘
678,14:01:01,17.28,--,9,15552,卖盘
679,14:00:56,17.28,-0.02,25,43200,卖盘
680,14:00:50,17.3,0.02,4,6920,买盘
681,14:00:46,17.28,-0.02,30,51840,卖盘
682,14:00:41,17.3,0.02,6,10380,买盘
683,14:00:35,17.28,-0.02,83,143424,卖盘
684,14:00:31,17.3,0.02,16,27680,买盘
685,14:00:26,17.28,-0.02,82,143320,卖盘
686,14:00:20,17.3,0.02,15,25950,买盘
687,14:00:16,17.28,--,39,67392,卖盘
688,14:00:11,17.28,-0.02,1,1728,卖盘
689,14:00:05,17.3,0.02,86,148780,买盘
690,14:00:01,17.28,-0.02,14,24192,卖盘
691,13:59:56,17.3,0.03,30,51900,买盘
692,13:59:50,17.27,-0.01,31,53537,卖盘
693,13:59:46,17.28,--,3,5512,卖盘
694,13:59:41,17.28,-0.02,29,50112,卖盘
695,13:59:35,17.3,0.02,66,114180,买盘
696,13:59:31,17.28,-0.02,107,186503,卖盘
697,13:59:26,17.3,0.02,74,129646,买盘
698,13:59:20,17.28,--,33,57024,卖盘
699,13:59:16,17.28,--,3,5184,卖盘
700,13:59:11,17.28,--,1,1728,卖盘
701,13:59:05,17.28,--,98,169344,卖盘
702,13:59:01,17.28,--,2,3456,卖盘
703,13:58:56,17.28,-0.01,22,38016,卖盘
704,13:58:50,17.29,0.01,13,22477,买盘
705,13:58:46,17.28,--,43,74304,卖盘
706,13:58:35,17.28,--,91,157248,卖盘
707,13:58:30,17.28,--,0,0,卖盘
708,13:58:26,17.28,-0.01,25,43200,卖盘
709,13:58:20,17.29,-0.01,13,22477,卖盘
710,13:58:15,17.3,--,48,83040,买盘
711,13:58:10,17.3,0.02,36,62280,买盘
712,13:58:05,17.28,--,121,209088,卖盘
713,13:58:00,17.28,--,24,41472,卖盘
714,13:57:55,17.28,--,19,32832,卖盘
715,13:57:50,17.28,--,22,38016,卖盘
716,13:57:45,17.28,--,24,43096,卖盘
717,13:57:40,17.28,--,46,79488,卖盘
718,13:57:35,17.28,-0.02,209,361152,卖盘
719,13:57:30,17.3,0.03,117,202410,买盘
720,13:57:25,17.27,--,9,15543,卖盘
721,13:57:20,17.27,--,0,0,卖盘
722,13:57:15,17.27,--,21,36267,卖盘
723,13:57:10,17.27,--,35,60445,卖盘
724,13:57:05,17.27,--,227,392029,卖盘
725,13:56:55,17.27,--,40,69080,卖盘
726,13:56:50,17.27,--,26,46508,卖盘
727,13:56:45,17.27,--,22,37994,卖盘
728,13:56:40,17.27,--,6,10362,卖盘
729,13:56:35,17.27,--,227,392029,卖盘
730,13:56:30,17.27,-0.02,20,34540,卖盘
731,13:56:25,17.29,--,15,25935,买盘
732,13:56:20,17.29,0.01,153,264537,买盘
733,13:56:15,17.28,-0.01,7,12096,买盘
734,13:56:10,17.29,0.02,28,48412,买盘
735,13:56:05,17.27,--,202,348854,卖盘
736,13:56:00,17.27,--,27,46629,卖盘
737,13:55:55,17.27,--,66,113982,卖盘
738,13:55:50,17.27,--,70,122219,卖盘
739,13:55:40,17.27,--,109,188243,卖盘
740,13:55:35,17.27,--,273,471471,卖盘
741,13:55:30,17.27,--,4,6908,卖盘
742,13:55:25,17.27,--,33,56991,卖盘
743,13:55:20,17.27,0.01,11,18997,买盘
744,13:55:15,17.26,--,26,44876,卖盘
745,13:55:10,17.26,--,14,24164,卖盘
746,13:55:05,17.26,-0.03,226,390076,卖盘
747,13:55:00,17.29,0.03,303,523887,买盘
748,13:54:55,17.26,--,69,119094,卖盘
749,13:54:50,17.26,-0.02,1,1726,卖盘
750,13:54:40,17.28,-0.01,51,89061,卖盘
751,13:54:35,17.29,--,234,404586,买盘
752,13:54:30,17.29,0.01,30,51870,买盘
753,13:54:25,17.28,--,9,15552,卖盘
754,13:54:20,17.28,--,24,41472,卖盘
755,13:54:10,17.28,-0.01,51,88128,卖盘
756,13:54:05,17.29,--,262,454346,买盘
757,13:54:00,17.29,0.01,6,10374,买盘
758,13:53:55,17.28,--,33,57024,卖盘
759,13:53:50,17.28,0.02,1005,1737815,买盘
760,13:53:45,17.26,--,13,22438,卖盘
761,13:53:40,17.26,--,1,1726,卖盘
762,13:53:35,17.26,--,225,388350,卖盘
763,13:53:29,17.26,--,28,48328,卖盘
764,13:53:25,17.26,-0.02,21,36246,卖盘
765,13:53:20,17.28,0.02,4,6912,买盘
766,13:53:14,17.26,--,37,64500,卖盘
767,13:53:09,17.26,--,20,35210,卖盘
768,13:53:05,17.26,-0.02,249,429774,卖盘
769,13:52:59,17.28,0.02,12,20736,买盘
770,13:52:50,17.26,--,21,36246,卖盘
771,13:52:44,17.26,-0.02,45,77670,卖盘
772,13:52:35,17.28,0.02,221,381888,买盘
773,13:52:29,17.26,--,31,53506,卖盘
774,13:52:25,17.26,0.01,96,167042,买盘
775,13:52:20,17.25,--,24,41400,卖盘
776,13:52:14,17.25,--,34,58650,卖盘
777,13:52:10,17.25,--,0,0,卖盘
778,13:52:05,17.25,-0.01,207,357075,卖盘
779,13:51:59,17.26,--,95,163970,卖盘
780,13:51:49,17.26,--,3,5178,卖盘
781,13:51:44,17.26,0.01,961,1658686,中性盘
782,13:51:40,17.25,-0.03,1,1725,卖盘
783,13:51:34,17.28,0.02,256,442368,买盘
784,13:51:29,17.26,--,26,44876,卖盘
785,13:51:25,17.26,--,46,80725,卖盘
786,13:51:19,17.26,-0.02,1,1726,卖盘
787,13:51:14,17.28,--,31,53568,买盘
788,13:51:10,17.28,0.02,11,19008,买盘
789,13:51:04,17.26,--,255,440130,卖盘
790,13:50:59,17.26,--,130,224380,卖盘
791,13:50:49,17.26,-0.02,43,74218,卖盘
792,13:50:44,17.28,0.02,417,720576,买盘
793,13:50:40,17.26,--,24,41424,卖盘
794,13:50:34,17.26,--,252,435642,卖盘
795,13:50:29,17.26,--,107,185320,卖盘
796,13:50:25,17.26,--,5,8630,卖盘
797,13:50:19,17.26,--,37,63862,卖盘
798,13:50:14,17.26,--,9,15534,卖盘
799,13:50:04,17.26,--,236,407336,卖盘
800,13:49:59,17.26,-0.01,39,67314,卖盘
801,13:49:54,17.27,0.01,4,6908,买盘
802,13:49:49,17.26,--,13,22438,卖盘
803,13:49:44,17.26,0.01,276,477705,买盘
804,13:49:39,17.25,-0.01,32,56528,卖盘
805,13:49:34,17.26,--,298,514348,买盘
806,13:49:29,17.26,0.01,68,117368,买盘
807,13:49:24,17.25,--,32,55200,卖盘
808,13:49:19,17.25,--,10,17250,卖盘
809,13:49:14,17.25,--,24,41400,卖盘
810,13:49:09,17.25,--,10,17250,卖盘
811,13:49:04,17.25,--,232,400200,卖盘
812,13:48:59,17.25,--,40,69000,卖盘
813,13:48:49,17.25,--,54,93150,卖盘
814,13:48:44,17.25,--,18,31050,卖盘
815,13:48:39,17.25,--,51,87975,卖盘
816,13:48:34,17.25,-0.02,216,372600,卖盘
817,13:48:29,17.27,--,40,69080,买盘
818,13:48:24,17.27,0.01,24,41448,买盘
819,13:48:19,17.26,--,38,66623,卖盘
820,13:48:14,17.26,--,24,41424,卖盘
821,13:48:09,17.26,--,1,1726,卖盘
822,13:48:04,17.26,--,287,495362,卖盘
823,13:47:59,17.26,--,18,31068,卖盘
824,13:47:54,17.26,--,22,37972,卖盘
825,13:47:49,17.26,--,131,227452,卖盘
826,13:47:44,17.26,--,35,60410,卖盘
827,13:47:39,17.26,--,12,20712,卖盘
828,13:47:34,17.26,--,263,453938,卖盘
829,13:47:29,17.26,--,23,39698,卖盘
830,13:47:24,17.26,--,4,6904,卖盘
831,13:47:19,17.26,--,206,355556,卖盘
832,13:47:14,17.26,--,27,46602,卖盘
833,13:47:09,17.26,--,50,86300,卖盘
834,13:47:04,17.26,--,215,371090,卖盘
835,13:46:59,17.26,--,233,403487,卖盘
836,13:46:54,17.26,-0.01,1,1726,卖盘
837,13:46:49,17.27,0.01,56,96712,买盘
838,13:46:44,17.26,-0.01,51,88026,卖盘
839,13:46:39,17.27,0.01,24,41448,买盘
840,13:46:34,17.26,-0.01,214,369364,卖盘
841,13:46:29,17.27,0.01,96,165792,买盘
842,13:46:24,17.26,-0.01,355,613472,卖盘
843,13:46:19,17.27,--,137,236599,买盘
844,13:46:14,17.27,0.01,503,868681,买盘
845,13:46:09,17.26,--,1,1726,卖盘
846,13:46:04,17.26,-0.01,306,528156,卖盘
847,13:45:59,17.27,0.01,29,50083,买盘
848,13:45:53,17.26,-0.01,23,39698,卖盘
849,13:45:49,17.27,0.01,510,880770,买盘
850,13:45:44,17.26,-0.01,140,241640,卖盘
851,13:45:38,17.27,--,40,69080,买盘
852,13:45:34,17.27,--,289,499103,买盘
853,13:45:28,17.27,0.01,34,59460,买盘
854,13:45:23,17.26,-0.01,107,184682,卖盘
855,13:45:18,17.27,--,38,65626,买盘
856,13:45:14,17.27,0.01,5,8635,买盘
857,13:45:08,17.26,-0.01,96,165696,卖盘
858,13:45:03,17.27,--,217,374759,买盘
859,13:44:59,17.27,--,57,98439,买盘
860,13:44:53,17.27,--,40,69080,买盘
861,13:44:48,17.27,--,506,873862,买盘
862,13:44:43,17.27,--,29,50083,买盘
863,13:44:38,17.27,0.01,820,1416140,买盘
864,13:44:33,17.26,--,169,291694,卖盘
865,13:44:29,17.26,--,361,623810,卖盘
866,13:44:23,17.26,-0.01,45,77670,卖盘
867,13:44:18,17.27,0.01,15,25905,买盘
868,13:44:13,17.26,--,55,94930,卖盘
869,13:44:08,17.26,--,90,155340,卖盘
870,13:44:03,17.26,--,171,295146,卖盘
871,13:43:58,17.26,--,18,31068,卖盘
872,13:43:53,17.26,-0.01,33,56958,卖盘
873,13:43:43,17.27,0.01,33,56991,买盘
874,13:43:38,17.26,-0.01,66,113916,卖盘
875,13:43:33,17.27,--,452,781191,卖盘
876,13:43:23,17.27,-0.01,85,146795,卖盘
877,13:43:18,17.28,--,241,416448,卖盘
878,13:43:13,17.28,--,1,1728,卖盘
879,13:43:08,17.28,--,526,908928,卖盘
880,13:43:03,17.28,--,151,260928,卖盘
881,13:42:58,17.28,--,53,91584,卖盘
882,13:42:53,17.28,--,37,63936,卖盘
883,13:42:48,17.28,--,28,48384,卖盘
884,13:42:43,17.28,--,297,513216,买盘
885,13:42:38,17.28,--,1089,1881792,买盘
886,13:42:33,17.28,--,175,303143,买盘
887,13:42:28,17.28,0.01,185,319680,买盘
888,13:42:23,17.27,--,66,113982,卖盘
889,13:42:18,17.27,--,2,3454,卖盘
890,13:42:13,17.27,--,54,93258,卖盘
891,13:42:08,17.27,-0.01,76,131252,卖盘
892,13:42:03,17.28,0.01,171,295488,买盘
893,13:41:58,17.27,-0.01,1,1727,卖盘
894,13:41:53,17.28,--,409,706752,卖盘
895,13:41:43,17.28,-0.02,720,1245404,卖盘
896,13:41:38,17.3,0.01,73,126290,买盘
897,13:41:33,17.29,--,166,287740,卖盘
898,13:41:28,17.29,--,22,38038,卖盘
899,13:41:23,17.29,--,9,15561,卖盘
900,13:41:18,17.29,--,44,76076,卖盘
901,13:41:13,17.29,-0.01,2,3458,卖盘
902,13:41:08,17.3,0.01,391,676430,买盘
903,13:41:03,17.29,--,5,8645,卖盘
904,13:40:58,17.29,--,34,58786,卖盘
905,13:40:53,17.29,--,17,29393,卖盘
906,13:40:48,17.29,--,6,10374,卖盘
907,13:40:43,17.29,--,175,302575,卖盘
908,13:40:38,17.29,-0.01,144,249719,卖盘
909,13:40:33,17.3,0.01,19,32870,买盘
910,13:40:28,17.29,--,3,5187,卖盘
911,13:40:23,17.29,--,36,62244,卖盘
912,13:40:18,17.29,--,4,6916,卖盘
913,13:40:13,17.29,--,50,86450,卖盘
914,13:40:08,17.29,-0.01,87,150423,卖盘
915,13:40:03,17.3,0.01,82,141860,买盘
916,13:39:58,17.29,--,34,58786,卖盘
917,13:39:53,17.29,-0.01,35,60515,卖盘
918,13:39:48,17.3,--,12,20760,买盘
919,13:39:43,17.3,0.01,3,5190,买盘
920,13:39:38,17.29,-0.01,541,935389,卖盘
921,13:39:33,17.3,--,108,186840,卖盘
922,13:39:28,17.3,-0.01,38,65740,卖盘
923,13:39:23,17.31,0.01,14,24234,买盘
924,13:39:18,17.3,--,10,17300,买盘
925,13:39:13,17.3,--,4,6920,卖盘
926,13:39:08,17.3,--,62,107260,卖盘
927,13:39:03,17.3,-0.01,12,20760,卖盘
928,13:38:58,17.31,--,52,90012,买盘
929,13:38:53,17.31,0.01,18,31157,买盘
930,13:38:48,17.3,--,1,1730,卖盘
931,13:38:43,17.3,0.01,97,167810,买盘
932,13:38:38,17.29,--,148,256635,卖盘
933,13:38:33,17.29,-0.01,1,1729,卖盘
934,13:38:28,17.3,0.02,17,29410,买盘
935,13:38:23,17.28,--,8,13824,卖盘
936,13:38:18,17.28,-0.02,52,89856,卖盘
937,13:38:13,17.3,--,713,1234493,卖盘
938,13:38:08,17.3,0.01,523,905516,买盘
939,13:38:02,17.29,--,10,17290,卖盘
940,13:37:53,17.29,-0.01,427,738283,卖盘
941,13:37:43,17.3,0.02,125,216976,买盘
942,13:37:38,17.28,--,236,407808,卖盘
943,13:37:33,17.28,--,30,51840,卖盘
944,13:37:28,17.28,--,137,236736,卖盘
945,13:37:23,17.28,--,59,101952,卖盘
946,13:37:13,17.28,--,2,3456,卖盘
947,13:37:08,17.28,--,64,110592,卖盘
948,13:36:58,17.28,-0.01,54,94815,卖盘
949,13:36:53,17.29,0.01,8,13832,卖盘
950,13:36:43,17.28,-0.02,18,31847,卖盘
951,13:36:37,17.3,0.01,154,266420,买盘
952,13:36:32,17.29,0.01,27,46683,买盘
953,13:36:27,17.28,--,10,17280,卖盘
954,13:36:22,17.28,--,347,600203,卖盘
955,13:36:17,17.28,--,62,107136,卖盘
956,13:36:13,17.28,--,40,69120,卖盘
957,13:36:07,17.28,--,63,108864,卖盘
958,13:35:57,17.28,-0.01,79,136512,卖盘
959,13:35:52,17.29,--,225,390027,卖盘
960,13:35:47,17.29,-0.01,60,104466,卖盘
961,13:35:42,17.3,0.01,47,81310,买盘
962,13:35:37,17.29,--,65,112385,卖盘
963,13:35:32,17.29,--,240,414960,卖盘
964,13:35:22,17.29,-0.01,218,376922,卖盘
965,13:35:17,17.3,0.01,8,13840,买盘
966,13:35:07,17.29,--,255,440895,卖盘
967,13:35:02,17.29,--,90,155610,卖盘
968,13:34:52,17.29,0.01,30,51870,中性盘
969,13:34:47,17.28,--,18,31847,卖盘
970,13:34:42,17.28,--,25,43200,卖盘
971,13:34:37,17.28,--,66,114048,卖盘
972,13:34:32,17.28,-0.02,97,167616,卖盘
973,13:34:27,17.3,0.02,17,29410,买盘
974,13:34:22,17.28,0.01,51,88128,中性盘
975,13:34:07,17.27,-0.01,99,172682,卖盘
976,13:33:57,17.28,-0.01,94,162432,卖盘
977,13:33:52,17.29,0.01,5,8645,买盘
978,13:33:47,17.28,--,98,169344,卖盘
979,13:33:42,17.28,--,29,50112,卖盘
980,13:33:37,17.28,-0.02,423,730944,卖盘
981,13:33:32,17.3,0.02,63,108990,买盘
982,13:33:22,17.28,--,34,58752,卖盘
983,13:33:17,17.28,-0.01,42,72576,卖盘
984,13:33:07,17.29,0.01,71,122759,买盘
985,13:33:02,17.28,--,22,38016,卖盘
986,13:32:52,17.28,-0.01,21,36288,卖盘
987,13:32:47,17.29,--,37,64716,卖盘
988,13:32:42,17.29,--,68,117572,卖盘
989,13:32:37,17.29,-0.01,114,197106,卖盘
990,13:32:32,17.3,0.01,32,55360,买盘
991,13:32:22,17.29,-0.01,48,82992,卖盘
992,13:32:07,17.3,-0.01,104,179920,卖盘
993,13:32:02,17.31,--,0,0,买盘
994,13:31:57,17.31,0.01,81,140211,买盘
995,13:31:52,17.3,-0.01,25,43250,中性盘
996,13:31:47,17.31,0.02,76,131556,买盘
997,13:31:42,17.29,-0.02,136,235144,卖盘
998,13:31:37,17.31,--,179,309849,买盘
999,13:31:32,17.31,0.01,15,25964,买盘
1000,13:31:27,17.3,--,184,318320,买盘
1001,13:31:22,17.3,--,34,58820,买盘
1002,13:31:17,17.3,0.01,21,36330,买盘
1003,13:31:12,17.29,--,30,51870,卖盘
1004,13:31:07,17.29,--,58,100282,卖盘
1005,13:31:02,17.29,-0.01,23,39767,卖盘
1006,13:30:57,17.3,0.01,48,83040,买盘
1007,13:30:52,17.29,--,43,75073,卖盘
1008,13:30:47,17.29,--,2,3458,卖盘
1009,13:30:42,17.29,-0.01,181,312949,卖盘
1010,13:30:37,17.3,0.01,405,700650,买盘
1011,13:30:32,17.29,--,7,12103,卖盘
1012,13:30:27,17.29,--,49,84721,卖盘
1013,13:30:22,17.29,--,1,1729,卖盘
1014,13:30:17,17.29,0.01,83,144976,买盘
1015,13:30:11,17.28,--,10,17280,卖盘
1016,13:30:06,17.28,--,80,138240,卖盘
1017,13:30:02,17.28,-0.01,15,25920,卖盘
1018,13:29:56,17.29,0.02,30,51870,买盘
1019,13:29:51,17.27,--,60,104362,卖盘
1020,13:29:47,17.27,--,28,48356,卖盘
1021,13:29:41,17.27,--,8,13816,卖盘
1022,13:29:37,17.27,--,56,96712,卖盘
1023,13:29:31,17.27,-0.03,61,105606,卖盘
1024,13:29:26,17.3,0.01,80,138400,买盘
1025,13:29:22,17.29,--,21,36309,卖盘
1026,13:29:16,17.29,--,1,1729,卖盘
1027,13:29:11,17.29,-0.01,26,44954,卖盘
1028,13:29:07,17.3,--,57,98610,卖盘
1029,13:29:01,17.3,--,253,438416,买盘
1030,13:28:56,17.3,0.01,28,48440,买盘
1031,13:28:52,17.29,0.02,520,899823,买盘
1032,13:28:46,17.27,--,34,58718,卖盘
1033,13:28:41,17.27,--,29,50083,卖盘
1034,13:28:37,17.27,-0.01,150,259050,卖盘
1035,13:28:31,17.28,-0.01,51,88128,卖盘
1036,13:28:26,17.29,0.01,14,24206,买盘
1037,13:28:22,17.28,--,105,181440,卖盘
1038,13:28:16,17.28,-0.02,51,88128,卖盘
1039,13:28:11,17.3,--,39,67470,买盘
1040,13:28:07,17.3,0.01,127,219710,买盘
1041,13:28:01,17.29,-0.01,1,1729,卖盘
1042,13:27:56,17.3,0.02,74,128763,买盘
1043,13:27:51,17.28,-0.02,1,1728,卖盘
1044,13:27:46,17.3,0.02,2,3460,买盘
1045,13:27:41,17.28,-0.02,38,65664,卖盘
1046,13:27:36,17.3,--,155,268150,买盘
1047,13:27:31,17.3,0.01,121,209330,买盘
1048,13:27:26,17.29,0.01,85,146965,买盘
1049,13:27:21,17.28,--,84,145152,卖盘
1050,13:27:16,17.28,-0.01,11,19008,卖盘
1051,13:27:11,17.29,0.01,36,62244,买盘
1052,13:27:06,17.28,--,56,96768,卖盘
1053,13:27:01,17.28,-0.02,148,255744,卖盘
1054,13:26:56,17.3,0.02,31,53630,买盘
1055,13:26:46,17.28,-0.01,144,249402,卖盘
1056,13:26:41,17.29,--,55,95095,卖盘
1057,13:26:36,17.29,-0.01,80,138320,卖盘
1058,13:26:31,17.3,-0.01,2,3460,中性盘
1059,13:26:26,17.31,0.01,50,86550,买盘
1060,13:26:21,17.3,-0.01,11,19030,卖盘
1061,13:26:16,17.31,0.01,36,62315,买盘
1062,13:26:11,17.3,--,149,257770,买盘
1063,13:26:06,17.3,0.02,92,159160,买盘
1064,13:26:01,17.28,-0.02,19,33557,卖盘
1065,13:25:56,17.3,0.02,70,121100,买盘
1066,13:25:51,17.28,--,0,0,卖盘
1067,13:25:46,17.28,-0.03,5,8640,卖盘
1068,13:25:41,17.31,0.01,56,96936,买盘
1069,13:25:36,17.3,--,62,107260,买盘
1070,13:25:31,17.3,--,336,581280,买盘
1071,13:25:26,17.3,0.01,24,41520,买盘
1072,13:25:21,17.29,0.02,31,53599,买盘
1073,13:25:16,17.27,--,41,70807,卖盘
1074,13:25:11,17.27,-0.01,92,158884,卖盘
1075,13:25:06,17.28,--,55,95040,卖盘
1076,13:25:01,17.28,--,54,94055,卖盘
1077,13:24:56,17.28,--,10,17280,卖盘
1078,13:24:51,17.28,0.01,16,27648,卖盘
1079,13:24:46,17.27,-0.01,28,48356,卖盘
1080,13:24:41,17.28,0.01,25,43200,中性盘
1081,13:24:36,17.27,-0.01,75,129525,卖盘
1082,13:24:31,17.28,0.01,6,10368,中性盘
1083,13:24:26,17.27,--,44,75988,卖盘
1084,13:24:21,17.27,--,1,1727,卖盘
1085,13:24:16,17.27,-0.03,24,41448,卖盘
1086,13:24:11,17.3,0.03,82,141860,买盘
1087,13:24:06,17.27,--,55,94985,卖盘
1088,13:24:01,17.27,-0.01,43,75003,卖盘
1089,13:23:56,17.28,--,9,15552,卖盘
1090,13:23:51,17.28,--,89,153792,卖盘
1091,13:23:46,17.28,--,11,19388,卖盘
1092,13:23:41,17.28,--,48,82944,卖盘
1093,13:23:36,17.28,--,56,96768,卖盘
1094,13:23:31,17.28,--,25,43200,卖盘
1095,13:23:26,17.28,-0.01,10,17280,卖盘
1096,13:23:21,17.29,0.01,27,46683,买盘
1097,13:23:16,17.28,--,1,1728,卖盘
1098,13:23:11,17.28,--,76,131345,卖盘
1099,13:23:06,17.28,--,122,211524,卖盘
1100,13:23:01,17.28,--,6,10368,卖盘
1101,13:22:56,17.28,-0.01,56,96768,卖盘
1102,13:22:51,17.29,0.02,17,29393,买盘
1103,13:22:46,17.27,--,27,46629,卖盘
1104,13:22:41,17.27,--,30,51810,卖盘
1105,13:22:36,17.27,--,86,148522,卖盘
1106,13:22:31,17.27,--,1,1727,卖盘
1107,13:22:26,17.27,--,38,65626,卖盘
1108,13:22:20,17.27,--,4,6908,卖盘
1109,13:22:11,17.27,--,57,98439,卖盘
1110,13:22:05,17.27,--,73,126813,卖盘
1111,13:22:00,17.27,--,73,126071,卖盘
1112,13:21:56,17.27,--,33,56991,卖盘
1113,13:21:50,17.27,--,22,37994,卖盘
1114,13:21:45,17.27,--,2,3454,卖盘
1115,13:21:40,17.27,--,48,82896,卖盘
1116,13:21:35,17.27,-0.01,56,96712,卖盘
1117,13:21:30,17.28,0.01,77,133056,买盘
1118,13:21:25,17.27,--,71,122617,卖盘
1119,13:21:15,17.27,--,36,62172,卖盘
1120,13:21:10,17.27,0.01,50,87092,买盘
1121,13:21:05,17.26,--,78,135163,卖盘
1122,13:21:00,17.26,-0.01,49,84574,卖盘
1123,13:20:55,17.27,0.01,81,139887,中性盘
1124,13:20:50,17.26,--,14,24164,卖盘
1125,13:20:45,17.26,--,25,43150,卖盘
1126,13:20:40,17.26,--,51,88026,卖盘
1127,13:20:35,17.26,--,55,94930,卖盘
1128,13:20:30,17.26,0.01,47,82071,买盘
1129,13:20:25,17.25,--,29,50025,卖盘
1130,13:20:20,17.25,-0.03,17,30101,卖盘
1131,13:20:15,17.28,0.01,156,269568,买盘
1132,13:20:10,17.27,--,107,185807,卖盘
1133,13:20:05,17.27,--,55,94985,卖盘
1134,13:20:00,17.27,--,25,43175,卖盘
1135,13:19:55,17.27,-0.02,17,29359,卖盘
1136,13:19:50,17.29,--,26,44954,买盘
1137,13:19:45,17.29,0.01,3,5187,买盘
1138,13:19:40,17.28,0.02,322,557124,买盘
1139,13:19:35,17.26,--,55,94930,卖盘
1140,13:19:30,17.26,-0.01,26,44876,卖盘
1141,13:19:25,17.27,0.01,13,22451,买盘
1142,13:19:15,17.26,--,23,39698,卖盘
1143,13:19:10,17.26,--,95,163970,卖盘
1144,13:19:05,17.26,-0.03,80,138080,卖盘
1145,13:19:00,17.29,0.03,30,51870,买盘
1146,13:18:55,17.26,-0.03,33,56958,卖盘
1147,13:18:50,17.29,0.03,49,84721,买盘
1148,13:18:45,17.26,--,22,37972,卖盘
1149,13:18:40,17.26,--,25,43150,卖盘
1150,13:18:35,17.26,-0.02,79,136354,卖盘
1151,13:18:30,17.28,0.02,46,80231,买盘
1152,13:18:25,17.26,--,8,13808,卖盘
1153,13:18:20,17.26,--,34,58684,卖盘
1154,13:18:15,17.26,-0.02,9,15534,卖盘
1155,13:18:10,17.28,0.02,45,77760,买盘
1156,13:18:05,17.26,--,66,113916,卖盘
1157,13:18:00,17.26,-0.01,74,127724,卖盘
1158,13:17:55,17.27,-0.01,15,25905,卖盘
1159,13:17:50,17.28,--,55,95040,买盘
1160,13:17:45,17.28,--,19,32832,买盘
1161,13:17:40,17.28,0.02,40,69120,买盘
1162,13:17:35,17.26,-0.01,255,440130,卖盘
1163,13:17:30,17.27,--,8,13816,卖盘
1164,13:17:25,17.27,-0.01,58,100166,卖盘
1165,13:17:20,17.28,0.01,45,77760,买盘
1166,13:17:15,17.27,0.01,48,83638,中性盘
1167,13:17:10,17.26,--,63,108738,卖盘
1168,13:17:05,17.26,--,129,222654,卖盘
1169,13:17:00,17.26,--,9,15534,卖盘
1170,13:16:55,17.26,-0.01,24,41424,卖盘
1171,13:16:50,17.27,--,59,101893,卖盘
1172,13:16:40,17.27,-0.02,22,37994,中性盘
1173,13:16:35,17.29,--,100,172900,买盘
1174,13:16:25,17.29,0.03,51,88179,买盘
1175,13:16:20,17.26,--,112,194054,卖盘
1176,13:16:15,17.26,--,0,0,卖盘
1177,13:16:10,17.26,--,22,37972,卖盘
1178,13:16:05,17.26,-0.01,79,136354,卖盘
1179,13:16:00,17.27,0.01,252,435653,买盘
1180,13:15:55,17.26,--,1,1726,卖盘
1181,13:15:50,17.26,-0.01,31,53506,中性盘
1182,13:15:45,17.27,0.02,200,345400,买盘
1183,13:15:40,17.25,-0.02,343,592675,卖盘
1184,13:15:35,17.27,0.01,105,181335,买盘
1185,13:15:25,17.26,-0.01,24,41424,卖盘
1186,13:15:20,17.27,0.01,24,41448,买盘
1187,13:15:15,17.26,-0.01,79,136354,卖盘
1188,13:15:10,17.27,0.01,9,15543,买盘
1189,13:15:05,17.26,-0.01,76,131176,卖盘
1190,13:15:00,17.27,-0.02,1,2728,卖盘
1191,13:14:55,17.29,0.02,32,55328,买盘
1192,13:14:50,17.27,--,38,65626,卖盘
1193,13:14:39,17.27,--,24,41448,卖盘
1194,13:14:35,17.27,--,80,138160,卖盘
1195,13:14:29,17.27,--,24,41448,卖盘
1196,13:14:24,17.27,--,7,12089,卖盘
1197,13:14:20,17.27,--,59,102618,卖盘
1198,13:14:14,17.27,--,1,1727,卖盘
1199,13:14:09,17.27,--,28,48356,卖盘
1200,13:14:04,17.27,--,63,108801,卖盘
1201,13:13:54,17.27,--,31,53537,卖盘
1202,13:13:49,17.27,-0.01,32,55264,卖盘
1203,13:13:39,17.28,--,10,17280,卖盘
1204,13:13:34,17.28,-0.01,334,577152,卖盘
1205,13:13:29,17.29,--,7,12103,买盘
1206,13:13:24,17.29,0.02,57,98553,买盘
1207,13:13:19,17.27,--,19,32813,卖盘
1208,13:13:14,17.27,--,19,32813,卖盘
1209,13:13:09,17.27,--,36,62172,卖盘
1210,13:13:04,17.27,--,98,169246,卖盘
1211,13:12:59,17.27,0.01,2,3454,卖盘
1212,13:12:54,17.26,--,0,0,卖盘
1213,13:12:49,17.26,--,42,72492,卖盘
1214,13:12:39,17.26,--,32,55232,卖盘
1215,13:12:34,17.26,-0.04,68,117368,卖盘
1216,13:12:29,17.3,0.01,157,271610,买盘
1217,13:12:24,17.29,--,71,123485,卖盘
1218,13:12:19,17.29,--,36,62244,卖盘
1219,13:12:14,17.29,--,7,12103,卖盘
1220,13:12:09,17.29,--,70,121030,卖盘
1221,13:12:04,17.29,-0.01,81,140049,卖盘
1222,13:11:59,17.3,0.01,50,86500,买盘
1223,13:11:54,17.29,--,57,98553,卖盘
1224,13:11:49,17.29,--,384,663936,卖盘
1225,13:11:44,17.29,--,24,41496,卖盘
1226,13:11:39,17.29,--,20,34580,卖盘
1227,13:11:34,17.29,--,100,172900,卖盘
1228,13:11:29,17.29,-0.01,2,3458,卖盘
1229,13:11:24,17.3,0.01,78,134940,买盘
1230,13:11:19,17.29,-0.02,76,131404,卖盘
1231,13:11:14,17.31,0.01,24,41544,买盘
1232,13:11:09,17.3,--,47,81310,卖盘
1233,13:11:04,17.3,--,127,219710,卖盘
1234,13:10:59,17.3,-0.02,49,84770,卖盘
1235,13:10:54,17.32,0.01,417,722244,买盘
1236,13:10:49,17.31,0.02,135,233684,买盘
1237,13:10:44,17.29,-0.02,13,22477,卖盘
1238,13:10:39,17.31,0.02,123,212912,买盘
1239,13:10:34,17.29,--,54,93366,卖盘
1240,13:10:29,17.29,0.02,88,152152,买盘
1241,13:10:24,17.27,-0.01,103,178623,卖盘
1242,13:10:19,17.28,0.02,37,63936,买盘
1243,13:10:14,17.26,-0.02,17,29342,卖盘
1244,13:10:09,17.28,0.04,100,172800,买盘
1245,13:10:04,17.24,--,174,300734,买盘
1246,13:09:59,17.24,0.01,105,181019,买盘
1247,13:09:54,17.23,-0.04,274,473066,卖盘
1248,13:09:49,17.27,0.03,355,613085,中性盘
1249,13:09:44,17.24,--,39,67236,卖盘
1250,13:09:34,17.24,-0.01,118,203431,卖盘
1251,13:09:29,17.25,-0.04,12,20700,中性盘
1252,13:09:24,17.29,-0.01,121,209209,中性盘
1253,13:09:19,17.3,--,34,58820,买盘
1254,13:09:14,17.3,0.02,328,568443,买盘
1255,13:09:09,17.28,--,45,77760,卖盘
1256,13:09:04,17.28,-0.01,75,129600,卖盘
1257,13:08:59,17.29,--,39,67431,卖盘
1258,13:08:54,17.29,-0.01,2,3458,卖盘
1259,13:08:49,17.3,0.02,30,51900,买盘
1260,13:08:44,17.28,--,17,29376,卖盘
1261,13:08:39,17.28,--,24,41472,卖盘
1262,13:08:34,17.28,-0.02,114,196992,卖盘
1263,13:08:29,17.3,--,110,191286,买盘
1264,13:08:24,17.3,--,3,5190,买盘
1265,13:08:19,17.3,0.02,20,34600,买盘
1266,13:08:14,17.28,-0.02,21,36288,卖盘
1267,13:08:09,17.3,0.02,1,1730,买盘
1268,13:08:04,17.28,-0.02,81,139968,卖盘
1269,13:07:59,17.3,--,8,14203,卖盘
1270,13:07:54,17.3,--,516,894046,买盘
1271,13:07:49,17.3,0.02,42,72660,买盘
1272,13:07:44,17.28,--,468,808704,卖盘
1273,13:07:34,17.28,--,114,197735,卖盘
1274,13:07:29,17.28,-0.01,12,20736,卖盘
1275,13:07:24,17.29,--,239,413231,买盘
1276,13:07:19,17.29,0.01,184,318136,买盘
1277,13:07:14,17.28,--,12,20736,卖盘
1278,13:07:09,17.28,--,92,158976,卖盘
1279,13:07:04,17.28,0.03,197,341141,买盘
1280,13:06:59,17.25,-0.03,23,39675,卖盘
1281,13:06:49,17.28,--,29,50112,买盘
1282,13:06:44,17.28,0.03,55,95040,买盘
1283,13:06:38,17.25,--,9,15525,卖盘
1284,13:06:34,17.25,0.01,89,154284,买盘
1285,13:06:29,17.24,-0.01,4,6895,卖盘
1286,13:06:23,17.25,--,3,5175,买盘
1287,13:06:18,17.25,0.01,19,32775,买盘
1288,13:06:13,17.24,0.01,16,27583,卖盘
1289,13:06:08,17.23,--,0,0,卖盘
1290,13:06:03,17.23,-0.02,55,94765,卖盘
1291,13:05:58,17.25,--,40,69000,买盘
1292,13:05:53,17.25,--,5,8625,买盘
1293,13:05:48,17.25,0.01,16,27600,买盘
1294,13:05:43,17.24,--,7,12067,卖盘
1295,13:05:33,17.24,-0.01,73,126593,卖盘
1296,13:05:28,17.25,0.01,16,27600,中性盘
1297,13:05:23,17.24,-0.04,32,55167,卖盘
1298,13:05:18,17.28,0.04,21,36288,买盘
1299,13:05:13,17.24,--,12,20687,卖盘
1300,13:05:08,17.24,--,8,13791,卖盘
1301,13:05:03,17.24,--,57,98267,卖盘
1302,13:04:58,17.24,-0.01,38,65511,卖盘
1303,13:04:53,17.25,--,0,0,买盘
1304,13:04:48,17.25,0.02,24,41400,买盘
1305,13:04:43,17.23,--,52,89596,卖盘
1306,13:04:38,17.23,0.01,3,5169,中性盘
1307,13:04:33,17.22,-0.03,55,94710,卖盘
1308,13:04:28,17.25,-0.02,67,115575,卖盘
1309,13:04:18,17.27,--,17,29359,买盘
1310,13:04:13,17.27,0.05,59,101893,买盘
1311,13:04:08,17.22,--,0,0,卖盘
1312,13:04:03,17.22,-0.05,66,113651,卖盘
1313,13:03:58,17.27,-0.01,9,15543,卖盘
1314,13:03:48,17.28,0.01,266,459648,买盘
1315,13:03:43,17.27,-0.01,351,606177,卖盘
1316,13:03:38,17.28,0.01,47,81959,买盘
1317,13:03:33,17.27,-0.01,61,105347,卖盘
1318,13:03:28,17.28,--,44,76032,买盘
1319,13:03:23,17.28,0.01,2,3456,买盘
1320,13:03:18,17.27,-0.01,26,44902,卖盘
1321,13:03:13,17.28,--,4,6912,买盘
1322,13:03:08,17.28,0.01,1,1728,买盘
1323,13:03:03,17.27,-0.02,128,222023,卖盘
1324,13:02:58,17.29,0.01,27,46683,买盘
1325,13:02:53,17.28,0.01,40,69880,买盘
1326,13:02:48,17.27,-0.01,25,43175,卖盘
1327,13:02:43,17.28,--,2,3456,买盘
1328,13:02:38,17.28,--,2,3456,卖盘
1329,13:02:33,17.28,--,75,129600,卖盘
1330,13:02:28,17.28,--,4,6912,卖盘
1331,13:02:23,17.28,--,11,19008,卖盘
1332,13:02:18,17.28,--,30,51840,卖盘
1333,13:02:13,17.28,-0.01,1,1728,卖盘
1334,13:02:07,17.29,0.01,220,380380,买盘
1335,13:02:03,17.28,-0.01,71,122688,中性盘
1336,13:01:58,17.29,0.01,98,169442,买盘
1337,13:01:53,17.28,--,59,101952,卖盘
1338,13:01:48,17.28,--,127,219456,卖盘
1339,13:01:43,17.28,0.01,102,176999,卖盘
1340,13:01:38,17.27,--,0,0,卖盘
1341,13:01:33,17.27,-0.02,111,191697,卖盘
1342,13:01:28,17.29,0.02,400,691600,买盘
1343,13:01:23,17.27,-0.02,162,279774,卖盘
1344,13:01:18,17.29,0.01,14,24206,买盘
1345,13:01:13,17.28,--,285,492480,买盘
1346,13:01:08,17.28,0.01,67,115776,买盘
1347,13:01:03,17.27,--,14,24178,卖盘
1348,13:00:58,17.27,-0.01,146,252142,卖盘
1349,13:00:53,17.28,--,33,57024,买盘
1350,13:00:48,17.28,--,13,22464,买盘
1351,13:00:43,17.28,--,79,136512,买盘
1352,13:00:38,17.28,--,76,131328,买盘
1353,13:00:33,17.28,0.01,4,6912,买盘
1354,13:00:23,17.27,-0.01,17,29359,卖盘
1355,13:00:18,17.28,0.01,9,15552,买盘
1356,13:00:13,17.27,--,589,1017203,卖盘
1357,13:00:08,17.27,-0.01,1288,2225135,卖盘
1358,13:00:03,17.28,0.01,76,131328,买盘
1359,11:30:00,17.27,--,0,0,卖盘
1360,11:29:59,17.27,0.02,249,430023,买盘
1361,11:29:58,17.25,--,2007,3462075,卖盘
1362,11:29:48,17.25,-0.01,11,18975,卖盘
1363,11:29:43,17.26,--,42,73234,买盘
1364,11:29:38,17.26,--,211,364186,买盘
1365,11:29:33,17.26,0.01,37,63862,买盘
1366,11:29:23,17.25,-0.01,14,24150,卖盘
1367,11:29:18,17.26,--,25,43150,买盘
1368,11:29:13,17.26,0.01,18,31068,买盘
1369,11:29:08,17.25,-0.01,21,36225,卖盘
1370,11:28:58,17.26,--,104,179504,买盘
1371,11:28:53,17.26,--,209,360734,买盘
1372,11:28:48,17.26,--,121,209588,买盘
1373,11:28:43,17.26,0.01,30,51780,买盘
1374,11:28:38,17.25,--,13,22425,卖盘
1375,11:28:33,17.25,--,243,420348,买盘
1376,11:28:28,17.25,0.01,360,621000,买盘
1377,11:28:23,17.24,--,13,22411,卖盘
1378,11:28:18,17.24,--,4,6895,卖盘
1379,11:28:08,17.24,0.01,264,455135,买盘
1380,11:27:53,17.23,0.01,18,31014,中性盘
1381,11:27:48,17.22,--,35,61010,卖盘
1382,11:27:43,17.22,--,27,46494,卖盘
1383,11:27:38,17.22,--,9,15497,卖盘
1384,11:27:28,17.22,0.01,53,91266,买盘
1385,11:27:23,17.21,-0.01,18,30978,卖盘
1386,11:27:13,17.22,--,40,68880,卖盘
1387,11:27:08,17.22,-0.01,13,22386,卖盘
1388,11:26:58,17.23,--,25,44039,卖盘
1389,11:26:53,17.23,-0.01,18,31772,卖盘
1390,11:26:43,17.24,0.01,29,49995,买盘
1391,11:26:38,17.23,-0.01,18,31014,卖盘
1392,11:26:32,17.24,0.01,5,8620,买盘
1393,11:26:28,17.23,--,5,8615,卖盘
1394,11:26:23,17.23,--,8,13784,卖盘
1395,11:26:17,17.23,--,5,8615,卖盘
1396,11:26:08,17.23,0.02,67,115441,买盘
1397,11:26:02,17.21,--,0,0,卖盘
1398,11:25:58,17.21,--,8,13768,卖盘
1399,11:25:53,17.21,-0.01,19,33439,卖盘
1400,11:25:47,17.22,0.01,1,1722,中性盘
1401,11:25:43,17.21,-0.02,16,27536,卖盘
1402,11:25:38,17.23,0.02,4,6892,买盘
1403,11:25:23,17.21,-0.01,7,12047,卖盘
1404,11:25:17,17.22,0.01,14,24848,买盘
1405,11:25:13,17.21,--,17,29257,卖盘
1406,11:25:02,17.21,-0.01,4,6884,卖盘
1407,11:24:53,17.22,--,14,24108,卖盘
1408,11:24:47,17.22,--,0,0,卖盘
1409,11:24:43,17.22,--,7,12054,卖盘
1410,11:24:32,17.22,--,6,10332,卖盘
1411,11:24:28,17.22,--,26,44772,卖盘
1412,11:24:23,17.22,-0.02,58,99876,卖盘
1413,11:24:17,17.24,0.03,13,22411,买盘
1414,11:24:08,17.21,--,0,0,卖盘
1415,11:24:02,17.21,--,14,24094,卖盘
1416,11:23:58,17.21,--,1,1721,卖盘
1417,11:23:53,17.21,-0.01,18,31700,卖盘
1418,11:23:47,17.22,0.01,2,3444,卖盘
1419,11:23:42,17.21,--,0,0,卖盘
1420,11:23:38,17.21,--,0,0,卖盘
1421,11:23:32,17.21,-0.04,13,22373,卖盘
1422,11:23:27,17.25,0.04,20,34500,买盘
1423,11:23:17,17.21,-0.04,9,15489,卖盘
1424,11:23:08,17.25,0.04,3,5175,买盘
1425,11:23:02,17.21,--,8,13768,卖盘
1426,11:22:57,17.21,--,18,31735,卖盘
1427,11:22:47,17.21,-0.04,19,32699,卖盘
1428,11:22:42,17.25,--,0,0,买盘
1429,11:22:37,17.25,0.04,103,177675,买盘
1430,11:22:32,17.21,--,1,1721,卖盘
1431,11:22:22,17.21,--,2,3442,卖盘
1432,11:22:17,17.21,-0.04,9,15489,卖盘
1433,11:22:07,17.25,0.05,173,298425,买盘
1434,11:22:02,17.2,-0.04,8,13760,卖盘
1435,11:21:52,17.24,0.03,3,5171,买盘
1436,11:21:47,17.21,-0.04,10,17210,中性盘
1437,11:21:42,17.25,--,0,0,买盘
1438,11:21:37,17.25,0.05,173,298425,买盘
1439,11:21:32,17.2,--,11,18920,卖盘
1440,11:21:27,17.2,-0.03,1,1720,卖盘
1441,11:21:17,17.23,-0.02,14,24122,卖盘
1442,11:21:12,17.25,--,0,0,买盘
1443,11:21:07,17.25,0.01,224,387193,买盘
1444,11:21:02,17.24,--,29,50737,卖盘
1445,11:20:57,17.24,--,18,31031,卖盘
1446,11:20:52,17.24,--,3,5171,卖盘
1447,11:20:47,17.24,--,19,32755,卖盘
1448,11:20:37,17.24,0.04,98,169141,买盘
1449,11:20:32,17.2,--,9,15480,卖盘
1450,11:20:17,17.2,-0.04,8,13760,卖盘
1451,11:20:07,17.24,0.05,172,296528,买盘
1452,11:20:02,17.19,-0.04,30,52326,卖盘
1453,11:19:56,17.23,--,0,0,买盘
1454,11:19:52,17.23,0.04,7,12061,买盘
1455,11:19:47,17.19,-0.04,7,12033,卖盘
1456,11:19:37,17.23,--,220,379818,买盘
1457,11:19:26,17.23,0.04,2,3446,买盘
1458,11:19:22,17.19,-0.04,5,8595,卖盘
1459,11:19:17,17.23,--,0,0,买盘
1460,11:19:07,17.23,0.01,200,344600,买盘
1461,11:19:02,17.22,-0.01,8,13776,中性盘
1462,11:18:56,17.23,0.01,5,8615,买盘
1463,11:18:52,17.22,-0.01,2,3444,卖盘
1464,11:18:41,17.23,0.04,173,298079,买盘
1465,11:18:37,17.19,-0.01,2,3438,卖盘
1466,11:18:22,17.2,--,3,5160,卖盘
1467,11:18:16,17.2,-0.03,4,6880,卖盘
1468,11:18:11,17.23,0.04,171,294633,买盘
1469,11:18:07,17.19,--,59,102744,卖盘
1470,11:17:56,17.19,--,25,42975,卖盘
1471,11:17:52,17.19,-0.04,6,10314,卖盘
1472,11:17:46,17.23,0.04,8,13784,买盘
1473,11:17:41,17.19,--,359,617121,卖盘
1474,11:17:37,17.19,-0.03,32,55592,卖盘
1475,11:17:31,17.22,0.03,100,172200,中性盘
1476,11:17:26,17.19,--,21,36099,卖盘
1477,11:17:22,17.19,0.02,16,28105,卖盘
1478,11:17:17,17.17,--,0,0,卖盘
1479,11:17:11,17.17,--,175,300475,卖盘
1480,11:17:06,17.17,-0.02,32,55527,卖盘
1481,11:17:01,17.19,0.02,61,104859,买盘
1482,11:16:56,17.17,-0.02,31,53810,卖盘
1483,11:16:52,17.19,-0.04,952,1637038,卖盘
1484,11:16:41,17.23,0.04,173,298079,买盘
1485,11:16:37,17.19,--,32,55592,卖盘
1486,11:16:31,17.19,-0.01,20,34380,卖盘
1487,11:16:26,17.2,--,0,0,买盘
1488,11:16:11,17.2,0.01,173,297560,买盘
1489,11:16:07,17.19,0.03,51,88253,买盘
1490,11:16:01,17.16,-0.01,43,73788,卖盘
1491,11:15:51,17.17,--,3,5151,卖盘
1492,11:15:46,17.17,-0.03,9,15453,中性盘
1493,11:15:41,17.2,0.04,173,297560,买盘
1494,11:15:37,17.16,-0.01,35,60060,卖盘
1495,11:15:31,17.17,-0.01,62,106454,卖盘
1496,11:15:26,17.18,-0.01,78,134004,卖盘
1497,11:15:22,17.19,--,239,411683,卖盘
1498,11:15:16,17.19,-0.01,24,41256,卖盘
1499,11:15:11,17.2,0.01,262,451379,买盘
1500,11:15:06,17.19,--,32,55592,卖盘
1501,11:15:01,17.19,--,7,12033,卖盘
1502,11:14:56,17.19,--,0,0,卖盘
1503,11:14:51,17.19,--,7,12033,卖盘
1504,11:14:41,17.19,--,182,312858,卖盘
1505,11:14:36,17.19,--,0,0,卖盘
1506,11:14:31,17.19,--,4,6876,卖盘
1507,11:14:26,17.19,-0.04,47,80793,卖盘
1508,11:14:16,17.23,0.04,21,36923,买盘
1509,11:14:11,17.19,--,175,300825,卖盘
1510,11:14:06,17.19,--,32,55592,卖盘
1511,11:14:01,17.19,--,54,92826,卖盘
1512,11:13:56,17.19,-0.03,9,15471,卖盘
1513,11:13:51,17.22,0.03,2,3444,买盘
1514,11:13:46,17.19,--,19,32661,卖盘
1515,11:13:41,17.19,--,181,311139,卖盘
1516,11:13:36,17.19,-0.03,32,55592,卖盘
1517,11:13:31,17.22,0.03,2,3444,买盘
1518,11:13:26,17.19,--,12,20628,卖盘
1519,11:13:16,17.19,-0.03,18,31698,卖盘
1520,11:13:11,17.22,0.02,170,293015,买盘
1521,11:13:06,17.2,--,8,13760,买盘
1522,11:12:56,17.2,0.01,10,17200,买盘
1523,11:12:46,17.19,--,7,12033,卖盘
1524,11:12:41,17.19,--,277,476163,卖盘
1525,11:12:31,17.19,--,8,13752,卖盘
1526,11:12:16,17.19,-0.01,15,25785,卖盘
1527,11:12:11,17.2,0.01,178,306160,中性盘
1528,11:12:05,17.19,-0.01,5,8595,卖盘
1529,11:12:01,17.2,--,8,13760,卖盘
1530,11:11:46,17.2,-0.02,8,13760,卖盘
1531,11:11:41,17.22,0.02,173,297906,买盘
1532,11:11:31,17.2,-0.02,9,15480,卖盘
1533,11:11:26,17.22,0.02,3,5166,买盘
1534,11:11:20,17.2,--,6,10320,卖盘
1535,11:11:16,17.2,--,18,31699,卖盘
1536,11:11:10,17.2,--,180,309600,卖盘
1537,11:11:05,17.2,0.01,44,75680,买盘
1538,11:11:01,17.19,--,62,106578,卖盘
1539,11:10:55,17.19,-0.01,8,13752,卖盘
1540,11:10:50,17.2,0.01,2,3440,卖盘
1541,11:10:40,17.19,--,182,312858,卖盘
1542,11:10:35,17.19,-0.01,16,27504,卖盘
1543,11:10:25,17.2,0.01,8,13760,中性盘
1544,11:10:20,17.19,--,19,33382,卖盘
1545,11:10:10,17.19,--,181,311139,卖盘
1546,11:10:05,17.19,--,4,6876,卖盘
1547,11:09:55,17.19,--,8,13752,卖盘
1548,11:09:40,17.19,0.01,413,710256,买盘
1549,11:09:35,17.18,--,7,12026,卖盘
1550,11:09:25,17.18,--,8,13744,卖盘
1551,11:09:20,17.18,--,18,31679,卖盘
1552,11:09:10,17.18,--,179,307522,卖盘
1553,11:09:05,17.18,--,10,18039,卖盘
1554,11:09:00,17.18,--,19,32642,卖盘
1555,11:08:55,17.18,--,5,8590,卖盘
1556,11:08:45,17.18,-0.01,11,18898,卖盘
1557,11:08:40,17.19,0.01,173,297387,买盘
1558,11:08:35,17.18,0.01,6,10308,买盘
1559,11:08:25,17.17,-0.01,23,40229,卖盘
1560,11:08:20,17.18,0.01,131,225058,买盘
1561,11:08:15,17.17,--,9,15453,卖盘
1562,11:08:10,17.17,--,36,61812,卖盘
1563,11:08:00,17.17,0.02,218,374306,买盘
1564,11:07:55,17.15,--,71,121764,卖盘
1565,11:07:50,17.15,-0.02,626,1074979,卖盘
1566,11:07:45,17.17,0.01,145,248965,买盘
1567,11:07:40,17.16,--,54,92664,卖盘
1568,11:07:35,17.16,-0.01,285,489060,卖盘
1569,11:07:30,17.17,--,35,60095,卖盘
1570,11:07:25,17.17,-0.02,18,30906,卖盘
1571,11:07:20,17.19,-0.02,1383,2378339,卖盘
1572,11:07:15,17.21,--,92,158332,卖盘
1573,11:07:05,17.21,-0.01,230,395830,卖盘
1574,11:06:55,17.22,0.01,30,51660,买盘
1575,11:06:50,17.21,-0.01,8,13768,卖盘
1576,11:06:35,17.22,0.01,18,30995,买盘
1577,11:06:30,17.21,-0.01,18,30978,卖盘
1578,11:06:20,17.22,--,92,158424,卖盘
1579,11:06:10,17.22,--,0,0,卖盘
1580,11:06:05,17.22,--,14,24108,卖盘
1581,11:06:00,17.22,-0.03,12,20664,卖盘
1582,11:05:50,17.25,--,64,110831,卖盘
1583,11:05:45,17.25,-0.01,364,627900,卖盘
1584,11:05:40,17.26,0.04,175,303344,买盘
1585,11:05:35,17.22,-0.03,8,13776,卖盘
1586,11:05:29,17.25,--,62,108105,卖盘
1587,11:05:25,17.25,0.03,2172,3747269,买盘
1588,11:05:20,17.22,--,9,15497,卖盘
1589,11:05:14,17.22,0.01,304,523487,买盘
1590,11:05:10,17.21,--,5,8605,卖盘
1591,11:05:05,17.21,--,138,237498,卖盘
1592,11:04:59,17.21,--,12,20652,卖盘
1593,11:04:55,17.21,0.01,133,228893,买盘
1594,11:04:50,17.2,-0.01,291,500520,卖盘
1595,11:04:44,17.21,--,10,17210,买盘
1596,11:04:35,17.21,0.01,28,48188,买盘
1597,11:04:29,17.2,0.02,104,179636,买盘
1598,11:04:25,17.18,-0.01,1,1718,卖盘
1599,11:04:20,17.19,-0.01,2,3438,卖盘
1600,11:04:10,17.2,0.02,22,37840,买盘
1601,11:03:55,17.18,-0.02,8,13744,卖盘
1602,11:03:50,17.2,--,7,12040,买盘
1603,11:03:44,17.2,0.02,3,5160,买盘
1604,11:03:40,17.18,--,7,12026,卖盘
1605,11:03:34,17.18,-0.02,21,36816,卖盘
1606,11:03:29,17.2,--,0,0,中性盘
1607,11:03:25,17.2,--,258,443760,买盘
1608,11:03:19,17.2,0.03,39,67080,买盘
1609,11:03:10,17.17,-0.03,46,78982,买盘
1610,11:03:04,17.2,--,191,328537,卖盘
1611,11:02:59,17.2,--,102,177142,卖盘
1612,11:02:55,17.2,0.03,923,1587886,买盘
1613,11:02:49,17.17,--,1000,1717000,买盘
1614,11:02:40,17.17,--,114,195995,卖盘
1615,11:02:34,17.17,-0.02,53,91001,卖盘
1616,11:02:29,17.19,--,0,0,卖盘
1617,11:02:25,17.19,-0.01,180,309420,卖盘
1618,11:02:19,17.2,--,2,3440,卖盘
1619,11:02:14,17.2,--,139,239080,卖盘
1620,11:02:10,17.2,--,173,297560,卖盘
1621,11:02:04,17.2,-0.01,14,24080,卖盘
1622,11:01:59,17.21,--,27,46467,买盘
1623,11:01:55,17.21,0.01,80,137680,买盘
1624,11:01:49,17.2,--,9,15480,卖盘
1625,11:01:44,17.2,-0.01,168,288960,卖盘
1626,11:01:39,17.21,0.01,16,27536,买盘
1627,11:01:34,17.2,--,19,33402,卖盘
1628,11:01:29,17.2,--,20,34400,卖盘
1629,11:01:24,17.2,-0.01,58,100568,卖盘
1630,11:01:19,17.21,--,28,48188,买盘
1631,11:01:14,17.21,0.01,50,86050,买盘
1632,11:01:04,17.2,-0.01,9,15480,卖盘
1633,11:00:59,17.21,--,18,30978,买盘
1634,11:00:54,17.21,--,7,12047,买盘
1635,11:00:49,17.21,0.01,24,41304,买盘
1636,11:00:44,17.2,-0.01,7,12040,卖盘
1637,11:00:39,17.21,--,5,8605,买盘
1638,11:00:34,17.21,-0.01,153,263313,卖盘
1639,11:00:29,17.22,0.01,20,34440,买盘
1640,11:00:19,17.21,-0.01,67,115307,卖盘
1641,11:00:14,17.22,--,5,8610,买盘
1642,11:00:09,17.22,--,8,13776,买盘
1643,11:00:04,17.22,--,16,27552,买盘
1644,10:59:59,17.22,--,15,25830,买盘
1645,10:59:49,17.22,0.01,360,620384,买盘
1646,10:59:44,17.21,--,25,43025,卖盘
1647,10:59:39,17.21,-0.01,19,33456,卖盘
1648,10:59:34,17.22,0.01,24,41328,买盘
1649,10:59:29,17.21,-0.01,18,30978,卖盘
1650,10:59:24,17.22,--,6,10332,买盘
1651,10:59:19,17.22,0.01,13,22386,买盘
1652,10:59:14,17.21,0.01,12,21151,买盘
1653,10:59:09,17.2,-0.01,41,70520,卖盘
1654,10:59:04,17.21,--,21,36141,买盘
1655,10:58:59,17.21,--,10,17210,买盘
1656,10:58:49,17.21,0.01,10,17210,买盘
1657,10:58:44,17.2,--,109,187703,卖盘
1658,10:58:39,17.2,--,2,3440,卖盘
1659,10:58:34,17.2,0.01,265,457296,买盘
1660,10:58:29,17.19,0.02,195,335205,买盘
1661,10:58:24,17.17,--,2,3434,卖盘
1662,10:58:19,17.17,-0.02,156,267852,卖盘
1663,10:58:14,17.19,--,231,397089,卖盘
1664,10:58:08,17.19,0.01,1,1719,中性盘
1665,10:58:04,17.18,-0.02,139,238802,卖盘
1666,10:57:59,17.2,--,194,333680,买盘
1667,10:57:53,17.2,0.01,45,77400,买盘
1668,10:57:49,17.19,--,154,264726,卖盘
1669,10:57:44,17.19,-0.02,41,71441,卖盘
1670,10:57:39,17.21,0.01,20,34420,买盘
1671,10:57:34,17.2,-0.01,58,99760,卖盘
1672,10:57:29,17.21,-0.01,152,261592,卖盘
1673,10:57:23,17.22,--,24,41328,买盘
1674,10:57:19,17.22,0.02,85,147127,买盘
1675,10:57:14,17.2,-0.01,5,8600,卖盘
1676,10:57:08,17.21,0.01,10,17210,买盘
1677,10:57:04,17.2,-0.01,19,32680,卖盘
1678,10:56:59,17.21,0.01,11,18931,买盘
1679,10:56:53,17.2,--,8,13760,卖盘
1680,10:56:49,17.2,0.01,30,52511,中性盘
1681,10:56:44,17.19,-0.02,29,50590,卖盘
1682,10:56:34,17.21,--,19,32699,买盘
1683,10:56:29,17.21,0.02,31,53351,买盘
1684,10:56:23,17.19,--,0,0,卖盘
1685,10:56:19,17.19,--,6,10314,卖盘
1686,10:56:14,17.19,-0.02,18,30942,卖盘
1687,10:56:08,17.21,0.02,1,1721,买盘
1688,10:56:04,17.19,-0.02,6,10314,卖盘
1689,10:55:59,17.21,0.03,6,10326,买盘
1690,10:55:53,17.18,--,0,0,卖盘
1691,10:55:49,17.18,--,13,22334,卖盘
1692,10:55:43,17.18,-0.01,36,62569,卖盘
1693,10:55:34,17.19,-0.02,13,22347,中性盘
1694,10:55:28,17.21,0.03,24,41304,买盘
1695,10:55:19,17.18,--,10,17180,卖盘
1696,10:55:13,17.18,-0.03,10,17180,卖盘
1697,10:55:08,17.21,--,5,8605,买盘
1698,10:55:04,17.21,0.01,32,55072,买盘
1699,10:54:58,17.2,-0.01,9,15480,中性盘
1700,10:54:53,17.21,0.01,9,15489,买盘
1701,10:54:49,17.2,--,43,73960,买盘
1702,10:54:43,17.2,--,4,6880,买盘
1703,10:54:38,17.2,--,8,13760,买盘
1704,10:54:34,17.2,-0.01,50,86000,中性盘
1705,10:54:28,17.21,0.02,14,24094,买盘
1706,10:54:18,17.19,-0.02,12,20628,卖盘
1707,10:54:13,17.21,--,138,237498,买盘
1708,10:54:08,17.21,--,19,32699,买盘
1709,10:54:04,17.21,--,21,36141,买盘
1710,10:53:58,17.21,0.03,7,12047,买盘
1711,10:53:48,17.18,--,36,62586,卖盘
1712,10:53:43,17.18,--,2,3436,卖盘
1713,10:53:34,17.18,-0.03,8,13744,卖盘
1714,10:53:28,17.21,--,7,12047,买盘
1715,10:53:23,17.21,--,19,32699,买盘
1716,10:53:18,17.21,0.03,20,34420,买盘
1717,10:53:13,17.18,-0.02,36,62363,卖盘
1718,10:53:08,17.2,--,7,12040,买盘
1719,10:52:58,17.2,0.02,35,60200,买盘
1720,10:52:53,17.18,--,19,33363,卖盘
1721,10:52:48,17.18,--,0,0,中性盘
1722,10:52:43,17.18,-0.02,13,22334,卖盘
1723,10:52:38,17.2,0.02,30,51600,买盘
1724,10:52:33,17.18,0.01,4,6872,中性盘
1725,10:52:28,17.17,-0.01,43,74569,卖盘
1726,10:52:23,17.18,--,8,13744,买盘
1727,10:52:18,17.18,--,22,37796,买盘
1728,10:52:13,17.18,-0.01,86,148727,卖盘
1729,10:52:08,17.19,--,1,1719,买盘
1730,10:52:03,17.19,0.01,10,17190,中性盘
1731,10:51:58,17.18,--,21,36078,卖盘
1732,10:51:53,17.18,--,21,36816,卖盘
1733,10:51:48,17.18,--,9,15462,卖盘
1734,10:51:43,17.18,0.01,33,56694,买盘
1735,10:51:33,17.17,-0.01,14,24038,卖盘
1736,10:51:28,17.18,0.01,61,104798,买盘
1737,10:51:23,17.17,-0.02,93,160659,卖盘
1738,10:51:18,17.19,--,25,42975,买盘
1739,10:51:13,17.19,--,16,27504,买盘
1740,10:51:08,17.19,-0.01,9,15471,买盘
1741,10:50:58,17.2,0.01,23,40299,买盘
1742,10:50:53,17.19,0.01,120,206280,买盘
1743,10:50:43,17.18,-0.01,229,393422,卖盘
1744,10:50:38,17.19,--,16,27504,买盘
1745,10:50:28,17.19,--,2,3438,买盘
1746,10:50:23,17.19,--,81,139239,卖盘
1747,10:50:13,17.19,--,21,36099,卖盘
1748,10:50:08,17.19,-0.01,16,27504,卖盘
1749,10:50:02,17.2,--,49,84280,买盘
1750,10:49:58,17.2,--,377,649798,卖盘
1751,10:49:53,17.2,-0.01,64,110080,卖盘
1752,10:49:46,17.21,--,50,86050,买盘
1753,10:49:43,17.21,--,124,213404,买盘
1754,10:49:38,17.21,--,88,152446,卖盘
1755,10:49:28,17.21,-0.01,8,13768,卖盘
1756,10:49:23,17.22,-0.01,18,31237,卖盘
1757,10:49:17,17.23,--,92,158516,卖盘
1758,10:49:13,17.23,--,96,166148,买盘
1759,10:49:07,17.23,--,6,10338,买盘
1760,10:49:02,17.23,--,2,3446,买盘
1761,10:48:57,17.23,0.01,140,241960,买盘
1762,10:48:53,17.22,--,11,18942,卖盘
1763,10:48:47,17.22,0.01,83,142926,买盘
1764,10:48:42,17.21,-0.01,27,46467,卖盘
1765,10:48:38,17.22,0.01,110,189420,买盘
1766,10:48:27,17.21,--,7,12047,卖盘
1767,10:48:23,17.21,-0.01,8,13768,卖盘
1768,10:48:12,17.22,--,42,72324,买盘
1769,10:48:07,17.22,0.01,14,24108,买盘
1770,10:48:02,17.21,-0.01,9,15489,卖盘
1771,10:47:57,17.22,--,23,40329,买盘
1772,10:47:52,17.22,--,15,25830,买盘
1773,10:47:47,17.22,0.01,16,27552,买盘
1774,10:47:42,17.21,--,28,48188,卖盘
1775,10:47:32,17.21,-0.01,8,13768,卖盘
1776,10:47:27,17.22,0.01,5,8610,买盘
1777,10:47:22,17.21,-0.01,30,51630,中性盘
1778,10:47:17,17.22,--,12,20664,买盘
1779,10:47:12,17.22,0.01,48,82656,买盘
1780,10:47:07,17.21,--,32,55072,买盘
1781,10:47:02,17.21,--,31,53351,卖盘
1782,10:46:57,17.21,--,1,1721,卖盘
1783,10:46:52,17.21,--,14,24094,卖盘
1784,10:46:47,17.21,0.01,8,13768,卖盘
1785,10:46:42,17.2,--,26,44720,卖盘
1786,10:46:32,17.2,-0.02,81,139320,卖盘
1787,10:46:27,17.22,--,0,0,买盘
1788,10:46:22,17.22,--,34,58547,买盘
1789,10:46:17,17.22,--,70,120539,买盘
1790,10:46:12,17.22,0.02,16,27552,买盘
1791,10:46:07,17.2,-0.03,10,17200,卖盘
1792,10:45:57,17.23,--,5,8615,买盘
1793,10:45:52,17.23,--,71,123315,买盘
1794,10:45:47,17.23,-0.01,21,36183,买盘
1795,10:45:42,17.24,0.02,46,79304,买盘
1796,10:45:37,17.22,-0.02,95,163590,卖盘
1797,10:45:32,17.24,--,21,36204,买盘
1798,10:45:27,17.24,0.02,12,20687,买盘
1799,10:45:22,17.22,-0.02,85,146370,卖盘
1800,10:45:17,17.24,--,7,12067,买盘
1801,10:45:12,17.24,0.02,16,27583,买盘
1802,10:45:07,17.22,-0.01,77,133334,卖盘
1803,10:45:02,17.23,-0.01,13,22399,卖盘
1804,10:44:57,17.24,--,141,243083,卖盘
1805,10:44:52,17.24,--,14,24135,卖盘
1806,10:44:47,17.24,--,59,101715,买盘
1807,10:44:42,17.24,0.01,313,539612,买盘
1808,10:44:37,17.23,-0.01,304,523792,中性盘
1809,10:44:32,17.24,--,377,649947,买盘
1810,10:44:27,17.24,0.01,166,286184,买盘
1811,10:44:22,17.23,-0.01,47,81463,卖盘
1812,10:44:17,17.24,0.01,103,177571,卖盘
1813,10:44:12,17.23,-0.02,27,46521,卖盘
1814,10:44:07,17.25,0.02,523,902916,买盘
1815,10:44:02,17.23,--,52,89596,买盘
1816,10:43:52,17.23,0.01,210,361830,买盘
1817,10:43:47,17.22,-0.01,209,359898,卖盘
1818,10:43:42,17.23,--,17,29291,买盘
1819,10:43:37,17.23,0.01,169,291187,买盘
1820,10:43:32,17.22,--,30,51660,买盘
1821,10:43:27,17.22,--,158,272076,买盘
1822,10:43:22,17.22,0.01,301,518321,买盘
1823,10:43:17,17.21,--,63,108423,卖盘
1824,10:43:12,17.21,--,1,1721,卖盘
1825,10:43:07,17.21,0.01,587,1010863,买盘
1826,10:43:02,17.2,--,359,617480,买盘
1827,10:42:52,17.2,0.01,359,617480,买盘
1828,10:42:47,17.19,--,276,474444,买盘
1829,10:42:42,17.19,--,90,154710,买盘
1830,10:42:37,17.19,--,91,156429,买盘
1831,10:42:32,17.19,--,13,22347,买盘
1832,10:42:27,17.19,--,1,1719,买盘
1833,10:42:22,17.19,0.01,198,341582,买盘
1834,10:42:17,17.18,--,215,369868,买盘
1835,10:42:12,17.18,--,55,95228,买盘
1836,10:42:07,17.18,0.01,234,402012,买盘
1837,10:42:02,17.17,-0.01,22,37774,卖盘
1838,10:41:56,17.18,0.02,312,536016,买盘
1839,10:41:52,17.16,--,4,6864,卖盘
1840,10:41:47,17.16,-0.01,7,12012,卖盘
1841,10:41:41,17.17,--,16,27472,买盘
1842,10:41:37,17.17,0.01,193,331381,买盘
1843,10:41:32,17.16,--,331,567996,买盘
1844,10:41:26,17.16,0.01,5,8580,买盘
1845,10:41:22,17.15,--,10,17150,卖盘
1846,10:41:11,17.15,-0.01,18,31607,卖盘
1847,10:41:07,17.16,0.01,11,18876,买盘
1848,10:40:51,17.15,-0.01,7,12004,卖盘
1849,10:40:46,17.16,0.01,57,97812,买盘
1850,10:40:41,17.15,--,151,258964,卖盘
1851,10:40:37,17.15,-0.01,12,20580,卖盘
1852,10:40:31,17.16,0.01,62,106392,买盘
1853,10:40:21,17.15,-0.01,173,296695,卖盘
1854,10:40:16,17.16,0.01,53,91651,买盘
1855,10:40:11,17.15,-0.01,7,12004,卖盘
1856,10:40:06,17.16,0.01,1,1716,买盘
1857,10:40:01,17.15,-0.01,12,20580,卖盘
1858,10:39:56,17.16,--,32,54912,买盘
1859,10:39:51,17.16,0.01,15,25740,买盘
1860,10:39:46,17.15,-0.01,37,63454,卖盘
1861,10:39:36,17.16,-0.01,207,356190,卖盘
1862,10:39:31,17.17,--,2,3434,卖盘
1863,10:39:21,17.17,0.01,90,154530,买盘
1864,10:39:16,17.16,--,33,57365,卖盘
1865,10:39:11,17.16,-0.01,37,63492,卖盘
1866,10:39:06,17.17,0.01,120,206040,买盘
1867,10:39:01,17.16,--,54,92664,卖盘
1868,10:38:51,17.16,--,102,175032,卖盘
1869,10:38:41,17.16,0.01,19,33341,买盘
1870,10:38:36,17.15,--,134,229809,卖盘
1871,10:38:26,17.15,-0.01,9,15434,卖盘
1872,10:38:21,17.16,--,2,3432,买盘
1873,10:38:11,17.16,--,6,11771,卖盘
1874,10:38:06,17.16,--,81,138996,卖盘
1875,10:38:01,17.16,-0.02,9,15444,卖盘
1876,10:37:51,17.18,--,0,0,买盘
1877,10:37:46,17.18,0.02,81,139158,买盘
1878,10:37:41,17.16,-0.02,1,1716,卖盘
1879,10:37:31,17.18,0.01,17,29206,买盘
1880,10:37:21,17.17,-0.01,7,12019,卖盘
1881,10:37:16,17.18,--,10,17420,买盘
1882,10:37:11,17.18,0.02,14,24052,买盘
1883,10:37:06,17.16,0.01,5,8580,买盘
1884,10:37:01,17.15,-0.03,13,22294,卖盘
1885,10:36:51,17.18,0.01,187,321781,买盘
1886,10:36:46,17.17,--,13,22321,买盘
1887,10:36:41,17.17,--,2,3434,买盘
1888,10:36:36,17.17,--,28,48076,买盘
1889,10:36:31,17.17,0.01,90,154530,买盘
1890,10:36:26,17.16,--,9,16027,买盘
1891,10:36:21,17.16,--,714,1225224,买盘
1892,10:36:16,17.16,0.01,4,6864,买盘
1893,10:36:11,17.15,--,9,15434,卖盘
1894,10:36:01,17.15,--,8,13719,卖盘
1895,10:35:56,17.15,-0.01,1,1714,卖盘
1896,10:35:51,17.16,0.01,4,6864,买盘
1897,10:35:46,17.15,-0.01,41,70315,卖盘
1898,10:35:41,17.16,--,35,61192,卖盘
1899,10:35:36,17.16,--,51,87516,卖盘
1900,10:35:31,17.16,-0.01,1,1716,卖盘
1901,10:35:26,17.17,0.01,43,73831,买盘
1902,10:35:21,17.16,-0.01,9,15444,卖盘
1903,10:35:16,17.17,--,4,6868,买盘
1904,10:35:11,17.17,0.01,3,5151,买盘
1905,10:35:06,17.16,--,9,15444,卖盘
1906,10:35:01,17.16,0.01,284,487927,买盘
1907,10:34:56,17.15,--,80,137200,卖盘
1908,10:34:51,17.15,-0.01,24,41160,卖盘
1909,10:34:46,17.16,0.01,3,5148,买盘
1910,10:34:41,17.15,--,67,114904,卖盘
1911,10:34:36,17.15,--,7,12004,卖盘
1912,10:34:31,17.15,--,26,44589,卖盘
1913,10:34:26,17.15,--,18,30869,卖盘
1914,10:34:21,17.15,-0.01,22,37730,卖盘
1915,10:34:16,17.16,0.01,50,85800,买盘
1916,10:34:11,17.15,-0.01,55,94324,卖盘
1917,10:34:06,17.16,--,11,18876,买盘
1918,10:34:01,17.16,--,4,6864,买盘
1919,10:33:56,17.16,0.01,19,32604,买盘
1920,10:33:41,17.15,-0.01,9,15434,卖盘
1921,10:33:31,17.16,0.01,2,3432,买盘
1922,10:33:26,17.15,--,118,202369,卖盘
1923,10:33:16,17.15,--,9,15434,卖盘
1924,10:33:10,17.15,--,330,565950,卖盘
1925,10:33:01,17.15,-0.01,242,415029,卖盘
1926,10:32:50,17.16,0.01,46,78936,买盘
1927,10:32:45,17.15,-0.01,21,36015,卖盘
1928,10:32:31,17.16,--,411,705276,买盘
1929,10:32:20,17.16,--,15,26735,卖盘
1930,10:32:15,17.16,-0.01,28,48048,卖盘
1931,10:32:10,17.17,0.01,15,26476,买盘
1932,10:32:05,17.16,--,1,1716,买盘
1933,10:32:00,17.16,--,1,1716,买盘
1934,10:31:55,17.16,0.01,112,192192,买盘
1935,10:31:45,17.15,--,77,132055,卖盘
1936,10:31:40,17.15,-0.01,90,154350,卖盘
1937,10:31:30,17.16,0.01,295,506923,买盘
1938,10:31:25,17.15,--,19,32584,卖盘
1939,10:31:20,17.15,--,696,1193640,卖盘
1940,10:31:15,17.15,0.01,1190,2040849,买盘
1941,10:31:10,17.14,-0.01,182,311948,卖盘
1942,10:31:05,17.15,0.01,90,154350,买盘
1943,10:31:00,17.14,--,161,275954,卖盘
1944,10:30:55,17.14,-0.01,308,527912,卖盘
1945,10:30:50,17.15,0.01,1,1714,买盘
1946,10:30:45,17.14,-0.01,294,503916,卖盘
1947,10:30:40,17.15,--,108,185219,卖盘
1948,10:30:30,17.15,-0.01,9,15434,卖盘
1949,10:30:15,17.16,--,112,192192,卖盘
1950,10:30:10,17.16,--,116,199056,卖盘
1951,10:30:00,17.16,--,102,175032,买盘
1952,10:29:55,17.16,--,23,39468,买盘
1953,10:29:50,17.16,--,0,0,中性盘
1954,10:29:45,17.16,--,115,198163,卖盘
1955,10:29:40,17.16,-0.01,73,125268,卖盘
1956,10:29:35,17.17,--,7,12019,买盘
1957,10:29:30,17.17,0.01,32,55665,买盘
1958,10:29:20,17.16,-0.01,9,15444,卖盘
1959,10:29:10,17.17,--,2,3434,买盘
1960,10:29:05,17.17,--,32,54944,买盘
1961,10:29:00,17.17,--,4,6868,买盘
1962,10:28:55,17.17,0.01,3,5151,买盘
1963,10:28:50,17.16,-0.02,11,18876,卖盘
1964,10:28:40,17.18,0.02,80,137440,买盘
1965,10:28:35,17.16,-0.02,29,50484,卖盘
1966,10:28:30,17.18,--,0,0,中性盘
1967,10:28:25,17.18,0.02,9,15462,卖盘
1968,10:28:15,17.16,--,0,0,卖盘
1969,10:28:10,17.16,-0.03,9,15444,卖盘
1970,10:28:05,17.19,0.03,15,25785,买盘
1971,10:27:55,17.16,--,9,15444,卖盘
1972,10:27:50,17.16,--,9,15444,卖盘
1973,10:27:45,17.16,--,3,5148,卖盘
1974,10:27:40,17.16,--,9,15444,卖盘
1975,10:27:35,17.16,--,40,70081,卖盘
1976,10:27:30,17.16,--,12,20592,卖盘
1977,10:27:25,17.16,--,10,17160,卖盘
1978,10:27:10,17.16,-0.01,85,145860,卖盘
1979,10:27:00,17.17,--,4,6868,买盘
1980,10:26:54,17.17,--,92,157964,买盘
1981,10:26:50,17.17,--,10,17170,买盘
1982,10:26:40,17.17,--,52,89284,买盘
1983,10:26:35,17.17,--,22,37774,买盘
1984,10:26:30,17.17,-0.01,17,30184,卖盘
1985,10:26:25,17.18,--,1,1958,卖盘
1986,10:26:20,17.18,--,1,1718,卖盘
1987,10:26:10,17.18,0.01,27,47863,买盘
1988,10:25:59,17.17,0.01,15,26476,买盘
1989,10:25:55,17.16,-0.01,1,1716,卖盘
1990,10:25:49,17.17,0.01,21,36057,买盘
1991,10:25:40,17.16,--,0,0,卖盘
1992,10:25:34,17.16,-0.02,9,15444,卖盘
1993,10:25:19,17.18,--,171,294774,买盘
1994,10:25:14,17.18,--,2,3436,买盘
1995,10:25:09,17.18,--,10,17180,买盘
1996,10:25:04,17.18,0.01,14,24052,买盘
1997,10:24:54,17.17,-0.01,10,17170,卖盘
1998,10:24:44,17.18,0.01,4,6872,买盘
1999,10:24:39,17.17,-0.01,135,232516,卖盘
2000,10:24:34,17.18,0.01,5,8590,买盘
2001,10:24:29,17.17,--,7,12019,卖盘
2002,10:24:24,17.17,0.01,56,96152,买盘
2003,10:24:19,17.16,-0.01,7,12012,卖盘
2004,10:24:09,17.17,0.01,14,25222,买盘
2005,10:24:04,17.16,-0.02,19,32604,卖盘
2006,10:23:54,17.18,0.02,4,6872,买盘
2007,10:23:49,17.16,--,47,80652,卖盘
2008,10:23:39,17.16,--,30,52200,卖盘
2009,10:23:34,17.16,--,71,121836,卖盘
2010,10:23:24,17.16,--,15,25740,卖盘
2011,10:23:19,17.16,-0.01,12,20592,卖盘
2012,10:23:09,17.17,--,13,22321,买盘
2013,10:23:04,17.17,0.01,4,6868,买盘
2014,10:22:54,17.16,--,185,317460,卖盘
2015,10:22:44,17.16,--,27,47069,卖盘
2016,10:22:39,17.16,--,261,447876,卖盘
2017,10:22:34,17.16,0.01,333,571942,买盘
2018,10:22:29,17.15,-0.01,7,12004,卖盘
2019,10:22:24,17.16,--,5,8580,买盘
2020,10:22:19,17.16,--,10,17160,买盘
2021,10:22:09,17.16,--,1,1716,买盘
2022,10:22:04,17.16,0.01,27,46332,买盘
2023,10:21:54,17.15,-0.01,9,15434,卖盘
2024,10:21:49,17.16,0.01,38,65911,买盘
2025,10:21:39,17.15,--,9,15434,卖盘
2026,10:21:24,17.15,--,50,85750,卖盘
2027,10:21:08,17.15,-0.01,111,190364,卖盘
2028,10:21:04,17.16,--,10,17160,买盘
2029,10:20:54,17.16,0.01,185,317460,买盘
2030,10:20:49,17.15,--,18,31590,卖盘
2031,10:20:39,17.15,-0.01,7,12004,卖盘
2032,10:20:34,17.16,0.01,8,13728,买盘
2033,10:20:29,17.15,-0.01,10,17150,卖盘
2034,10:20:24,17.16,--,3,5148,买盘
2035,10:20:19,17.16,--,143,245388,买盘
2036,10:20:04,17.16,--,46,78936,买盘
2037,10:19:59,17.16,0.01,5,8580,买盘
2038,10:19:54,17.15,--,5,9038,卖盘
2039,10:19:49,17.15,-0.01,25,43149,卖盘
2040,10:19:44,17.16,--,9,16645,卖盘
2041,10:19:39,17.16,-0.04,1,2230,卖盘
2042,10:19:34,17.2,0.04,1009,1735480,买盘
2043,10:19:29,17.16,--,22,39107,买盘
2044,10:19:24,17.16,--,3,5148,买盘
2045,10:19:19,17.16,-0.04,48,82368,买盘
2046,10:19:14,17.2,0.04,582,1001040,买盘
2047,10:19:08,17.16,-0.01,2,3432,卖盘
2048,10:19:03,17.17,--,5,8585,买盘
2049,10:18:59,17.17,0.01,470,806990,买盘
2050,10:18:48,17.16,--,191,327756,卖盘
2051,10:18:39,17.16,-0.01,27,46332,卖盘
2052,10:18:33,17.17,0.01,13,22321,买盘
2053,10:18:29,17.16,--,44,75504,卖盘
2054,10:18:24,17.16,--,12,20592,卖盘
2055,10:18:18,17.16,--,79,135564,卖盘
2056,10:18:14,17.16,--,2,3432,卖盘
2057,10:18:08,17.16,-0.01,8,13728,卖盘
2058,10:18:03,17.17,--,5,8585,买盘
2059,10:17:58,17.17,--,28,48076,买盘
2060,10:17:48,17.17,--,69,118473,卖盘
2061,10:17:43,17.17,--,8,13736,卖盘
2062,10:17:39,17.17,-0.01,12,20604,卖盘
2063,10:17:33,17.18,0.01,250,429500,买盘
2064,10:17:28,17.17,0.01,68,116756,买盘
2065,10:17:18,17.16,--,55,94380,卖盘
2066,10:17:13,17.16,0.01,223,382668,买盘
2067,10:17:08,17.15,--,31,53164,卖盘
2068,10:17:03,17.15,-0.01,7,12004,卖盘
2069,10:16:58,17.16,0.01,55,95100,买盘
2070,10:16:53,17.15,--,28,48019,卖盘
2071,10:16:48,17.15,--,21,36015,卖盘
2072,10:16:43,17.15,--,60,102899,卖盘
2073,10:16:33,17.15,-0.01,209,358434,卖盘
2074,10:16:28,17.16,0.01,70,120120,买盘
2075,10:16:18,17.15,--,81,138915,卖盘
2076,10:16:13,17.15,--,47,80605,卖盘
2077,10:16:08,17.15,--,711,1219673,卖盘
2078,10:16:03,17.15,--,73,125194,卖盘
2079,10:15:58,17.15,--,135,232245,卖盘
2080,10:15:53,17.15,--,35,60024,卖盘
2081,10:15:48,17.15,--,314,538510,卖盘
2082,10:15:43,17.15,--,279,478484,卖盘
2083,10:15:37,17.15,-0.01,18,30869,卖盘
2084,10:15:33,17.16,-0.01,13,22308,中性盘
2085,10:15:28,17.17,0.02,24,41208,买盘
2086,10:15:23,17.15,-0.01,247,423604,卖盘
2087,10:15:18,17.16,--,11,18876,卖盘
2088,10:15:13,17.16,--,11,19099,卖盘
2089,10:15:08,17.16,-0.01,18,30888,卖盘
2090,10:15:03,17.17,0.01,24,41208,买盘
2091,10:14:58,17.16,--,18,31608,卖盘
2092,10:14:48,17.16,--,9,15444,卖盘
2093,10:14:43,17.16,-0.01,173,296868,卖盘
2094,10:14:38,17.17,0.01,85,145945,买盘
2095,10:14:33,17.16,--,10,17160,卖盘
2096,10:14:28,17.16,--,2,3432,卖盘
2097,10:14:23,17.16,-0.01,7,12012,卖盘
2098,10:14:18,17.17,-0.01,105,180285,卖盘
2099,10:14:13,17.18,-0.01,31,53258,卖盘
2100,10:14:08,17.19,--,1,1719,买盘
2101,10:14:03,17.19,0.01,3,5157,买盘
2102,10:13:58,17.18,0.02,23,39514,卖盘
2103,10:13:48,17.16,-0.01,25,42900,卖盘
2104,10:13:43,17.17,-0.03,35,60095,卖盘
2105,10:13:33,17.2,-0.01,7,13037,卖盘
2106,10:13:28,17.21,0.01,61,104981,买盘
2107,10:13:18,17.2,--,44,75680,卖盘
2108,10:13:13,17.2,-0.01,72,123840,卖盘
2109,10:13:07,17.21,0.01,1,1721,买盘
2110,10:13:03,17.2,--,28,48882,卖盘
2111,10:12:58,17.2,--,67,115240,卖盘
2112,10:12:53,17.2,-0.01,11,18920,卖盘
2113,10:12:48,17.21,0.01,18,30978,买盘
2114,10:12:42,17.2,0.04,1134,1950480,买盘
2115,10:12:37,17.16,--,7,12012,卖盘
2116,10:12:28,17.16,--,11,18876,卖盘
2117,10:12:18,17.16,--,74,126984,卖盘
2118,10:12:12,17.16,-0.01,10,17160,中性盘
2119,10:12:08,17.17,0.01,16,27472,买盘
2120,10:12:03,17.16,--,8,13728,卖盘
2121,10:11:57,17.16,--,10,17160,卖盘
2122,10:11:47,17.16,-0.01,9,15444,卖盘
2123,10:11:38,17.17,0.01,3,5151,买盘
2124,10:11:32,17.16,0.01,7,12012,卖盘
2125,10:11:23,17.15,--,507,869504,卖盘
2126,10:11:12,17.15,--,632,1083880,卖盘
2127,10:11:08,17.15,-0.01,52,89883,卖盘
2128,10:11:02,17.16,0.01,111,190596,买盘
2129,10:10:57,17.15,--,9,15434,卖盘
2130,10:10:52,17.15,-0.01,333,571095,卖盘
2131,10:10:42,17.16,--,11,18876,买盘
2132,10:10:37,17.16,--,357,612612,买盘
2133,10:10:32,17.16,--,170,291720,卖盘
2134,10:10:27,17.16,--,10,17160,卖盘
2135,10:10:22,17.16,--,37,63492,卖盘
2136,10:10:17,17.16,--,3,5148,卖盘
2137,10:10:12,17.16,--,283,485628,卖盘
2138,10:10:07,17.16,--,116,199056,卖盘
2139,10:10:02,17.16,--,173,296868,卖盘
2140,10:09:57,17.16,--,10,17160,卖盘
2141,10:09:52,17.16,-0.01,55,94380,卖盘
2142,10:09:47,17.17,--,345,593618,卖盘
2143,10:09:42,17.17,-0.01,17,29189,卖盘
2144,10:09:37,17.18,--,121,207878,中性盘
2145,10:09:32,17.18,0.01,35,60130,买盘
2146,10:09:27,17.17,-0.01,56,96152,卖盘
2147,10:09:22,17.18,--,59,101362,买盘
2148,10:09:17,17.18,--,39,67002,卖盘
2149,10:09:12,17.18,0.01,99,170082,中性盘
2150,10:09:07,17.17,-0.01,65,111605,卖盘
2151,10:08:57,17.18,--,108,185561,卖盘
2152,10:08:52,17.18,-0.02,593,1018774,卖盘
2153,10:08:46,17.2,--,227,390440,卖盘
2154,10:08:42,17.2,--,90,154800,卖盘
2155,10:08:37,17.2,--,12,20640,卖盘
2156,10:08:32,17.2,--,11,18920,卖盘
2157,10:08:27,17.2,--,54,92880,卖盘
2158,10:08:22,17.2,--,110,190214,买盘
2159,10:08:16,17.2,--,0,0,买盘
2160,10:08:12,17.2,0.02,86,148659,买盘
2161,10:08:07,17.18,-0.01,81,139158,卖盘
2162,10:08:02,17.19,--,7,12033,卖盘
2163,10:07:57,17.19,0.01,2,3438,买盘
2164,10:07:52,17.18,-0.02,2,3436,卖盘
2165,10:07:46,17.2,--,2,3440,买盘
2166,10:07:42,17.2,--,31,53320,买盘
2167,10:07:37,17.2,--,11,18920,买盘
2168,10:07:32,17.2,--,34,59477,卖盘
2169,10:07:27,17.2,--,25,43000,卖盘
2170,10:07:16,17.2,--,9,15480,卖盘
2171,10:07:12,17.2,--,19,33402,卖盘
2172,10:07:07,17.2,-0.04,122,209840,卖盘
2173,10:07:01,17.24,--,0,1155,卖盘
2174,10:06:57,17.24,--,327,563748,卖盘
2175,10:06:52,17.24,0.04,685,1181508,买盘
2176,10:06:47,17.2,--,1,1720,买盘
2177,10:06:37,17.2,0.02,12,20640,买盘
2178,10:06:22,17.18,--,9,15462,卖盘
2179,10:06:16,17.18,--,9,15462,卖盘
2180,10:06:12,17.18,-0.02,173,298880,卖盘
2181,10:06:07,17.2,0.02,1,1720,买盘
2182,10:05:57,17.18,-0.02,95,164189,卖盘
2183,10:05:52,17.2,--,76,130720,卖盘
2184,10:05:47,17.2,-0.01,52,89440,卖盘
2185,10:05:42,17.21,0.01,2,3442,买盘
2186,10:05:37,17.2,-0.01,75,129000,卖盘
2187,10:05:22,17.21,0.01,36,61956,买盘
2188,10:05:12,17.2,--,24,42019,卖盘
2189,10:05:06,17.2,--,5,8600,卖盘
2190,10:05:01,17.2,-0.01,129,221880,卖盘
2191,10:04:57,17.21,--,13,22373,卖盘
2192,10:04:51,17.21,0.01,437,752077,买盘
2193,10:04:46,17.2,-0.01,20,34400,卖盘
2194,10:04:42,17.21,0.01,3,5163,买盘
2195,10:04:36,17.2,--,46,79120,卖盘
2196,10:04:26,17.2,--,100,172000,卖盘
2197,10:04:21,17.2,0.03,281,483320,买盘
2198,10:04:16,17.17,-0.01,18,31627,卖盘
2199,10:04:11,17.18,0.01,1,1718,买盘
2200,10:04:06,17.17,--,11,18887,卖盘
2201,10:04:02,17.17,--,0,1459,卖盘
2202,10:03:56,17.17,--,64,109888,卖盘
2203,10:03:51,17.17,--,130,223210,卖盘
2204,10:03:46,17.17,-0.01,57,97869,卖盘
2205,10:03:36,17.18,-0.01,53,91311,卖盘
2206,10:03:26,17.19,0.01,13,22347,买盘
2207,10:03:21,17.18,--,23,40252,卖盘
2208,10:03:16,17.18,--,127,218907,买盘
2209,10:03:11,17.18,--,17,29206,卖盘
2210,10:03:06,17.18,--,166,285188,买盘
2211,10:03:01,17.18,--,16,27488,买盘
2212,10:02:51,17.18,--,6,10308,卖盘
2213,10:02:46,17.18,--,57,97926,卖盘
2214,10:02:41,17.18,-0.02,22,37796,卖盘
2215,10:02:36,17.2,--,1,1720,买盘
2216,10:02:31,17.2,0.02,13,22360,买盘
2217,10:02:26,17.18,-0.02,1,1718,卖盘
2218,10:02:21,17.2,--,23,39560,卖盘
2219,10:02:16,17.2,0.01,17,29240,中性盘
2220,10:02:11,17.19,-0.01,23,39537,卖盘
2221,10:02:06,17.2,--,252,433543,卖盘
2222,10:02:01,17.2,--,129,221880,卖盘
2223,10:01:56,17.2,-0.01,109,187480,卖盘
2224,10:01:51,17.21,--,8,13768,买盘
2225,10:01:46,17.21,-0.01,6,10326,卖盘
2226,10:01:41,17.22,0.02,1,1722,买盘
2227,10:01:36,17.2,--,350,602000,卖盘
2228,10:01:31,17.2,--,9,15480,卖盘
2229,10:01:26,17.2,-0.01,39,67080,卖盘
2230,10:01:21,17.21,--,267,459507,卖盘
2231,10:01:16,17.21,-0.01,13,22373,卖盘
2232,10:01:11,17.22,--,6,10332,买盘
2233,10:01:06,17.22,--,35,60269,买盘
2234,10:01:01,17.22,0.01,77,132594,买盘
2235,10:00:51,17.21,--,18,30978,卖盘
2236,10:00:46,17.21,--,2,3442,卖盘
2237,10:00:41,17.21,--,65,111865,卖盘
2238,10:00:36,17.21,0.01,69,118749,买盘
2239,10:00:31,17.2,--,65,111800,卖盘
2240,10:00:25,17.2,--,64,110080,卖盘
2241,10:00:21,17.2,--,39,67819,卖盘
2242,10:00:16,17.2,--,9,15480,卖盘
2243,10:00:10,17.2,--,0,0,卖盘
2244,10:00:06,17.2,-0.01,641,1102520,卖盘
2245,10:00:01,17.21,-0.01,13,22373,卖盘
2246,09:59:51,17.22,-0.02,144,247967,卖盘
2247,09:59:46,17.24,--,49,84475,买盘
2248,09:59:40,17.24,--,0,0,中性盘
2249,09:59:35,17.24,--,14,24135,卖盘
2250,09:59:31,17.24,-0.01,18,31031,中性盘
2251,09:59:25,17.25,0.01,33,57666,买盘
2252,09:59:20,17.24,-0.01,202,348247,卖盘
2253,09:59:16,17.25,--,41,70725,卖盘
2254,09:59:10,17.25,--,300,517500,卖盘
2255,09:59:06,17.25,0.04,1631,2813475,买盘
2256,09:59:01,17.21,--,12,20652,卖盘
2257,09:58:55,17.21,--,0,0,卖盘
2258,09:58:50,17.21,0.01,49,84518,买盘
2259,09:58:46,17.2,-0.01,17,29240,卖盘
2260,09:58:40,17.21,--,70,120470,买盘
2261,09:58:35,17.21,-0.04,427,736398,卖盘
2262,09:58:31,17.25,0.04,1441,2486915,买盘
2263,09:58:25,17.21,--,42,73004,卖盘
2264,09:58:20,17.21,0.01,327,562767,买盘
2265,09:58:16,17.2,--,149,256280,卖盘
2266,09:58:05,17.2,--,52,89440,卖盘
2267,09:58:01,17.2,--,40,68800,卖盘
2268,09:57:55,17.2,0.02,849,1461948,买盘
2269,09:57:50,17.18,--,5,8590,买盘
2270,09:57:45,17.18,-0.01,76,130619,卖盘
2271,09:57:40,17.19,0.01,1,1719,买盘
2272,09:57:35,17.18,--,10,18039,卖盘
2273,09:57:30,17.18,0.02,606,1042637,买盘
2274,09:57:25,17.16,0.01,1,1716,买盘
2275,09:57:20,17.15,--,24,41160,卖盘
2276,09:57:10,17.15,-0.01,2,3429,卖盘
2277,09:57:05,17.16,--,6,10296,买盘
2278,09:57:00,17.16,-0.01,30,51480,卖盘
2279,09:56:55,17.17,--,40,68680,买盘
2280,09:56:50,17.17,0.02,32,54944,买盘
2281,09:56:45,17.15,-0.03,33,57435,卖盘
2282,09:56:40,17.18,--,279,479322,卖盘
2283,09:56:35,17.18,0.01,399,685482,买盘
2284,09:56:30,17.17,-0.01,165,283459,卖盘
2285,09:56:25,17.18,0.01,83,144157,买盘
2286,09:56:20,17.17,--,330,566764,卖盘
2287,09:56:15,17.17,--,70,120190,卖盘
2288,09:56:10,17.17,-0.01,11,18887,卖盘
2289,09:56:05,17.18,0.01,6,10308,买盘
2290,09:56:00,17.17,-0.01,30,51510,卖盘
2291,09:55:45,17.18,--,82,141855,卖盘
2292,09:55:35,17.18,--,25,42950,卖盘
2293,09:55:30,17.18,--,33,57432,卖盘
2294,09:55:25,17.18,--,72,123696,卖盘
2295,09:55:20,17.18,--,24,41232,卖盘
2296,09:55:15,17.18,0.01,172,295496,买盘
2297,09:55:10,17.17,--,39,66963,买盘
2298,09:55:05,17.17,--,25,42925,卖盘
2299,09:55:00,17.17,--,137,235229,买盘
2300,09:54:55,17.17,-0.02,19,32623,卖盘
2301,09:54:50,17.19,0.01,17,29223,买盘
2302,09:54:45,17.18,--,93,159774,买盘
2303,09:54:40,17.18,-0.02,88,151184,中性盘
2304,09:54:35,17.2,0.04,25,43705,买盘
2305,09:54:30,17.16,-0.03,20,34320,卖盘
2306,09:54:25,17.19,-0.01,5,8595,中性盘
2307,09:54:15,17.2,0.01,573,985560,买盘
2308,09:54:10,17.19,--,101,173619,买盘
2309,09:54:05,17.19,0.03,43,73917,买盘
2310,09:54:00,17.16,-0.01,49,84942,卖盘
2311,09:53:55,17.17,-0.03,90,154530,卖盘
2312,09:53:50,17.2,--,230,395600,买盘
2313,09:53:45,17.2,0.05,399,686280,买盘
2314,09:53:40,17.15,--,11,18865,卖盘
2315,09:53:35,17.15,--,48,83057,卖盘
2316,09:53:30,17.15,--,55,94324,卖盘
2317,09:53:25,17.15,-0.01,1664,2853759,卖盘
2318,09:53:19,17.16,-0.01,10,17160,买盘
2319,09:53:15,17.17,--,34,58378,买盘
2320,09:53:10,17.17,0.02,1,1717,买盘
2321,09:53:00,17.15,--,21,36015,卖盘
2322,09:52:50,17.15,--,12,20580,卖盘
2323,09:52:45,17.15,0.02,1636,2805740,买盘
2324,09:52:40,17.13,0.01,360,616680,中性盘
2325,09:52:34,17.12,-0.01,20,34959,卖盘
2326,09:52:30,17.13,--,11,18843,中性盘
2327,09:52:25,17.13,--,11,18843,中性盘
2328,09:52:19,17.13,0.01,87,149031,买盘
2329,09:52:15,17.12,-0.01,72,123264,卖盘
2330,09:52:10,17.13,--,10,17130,卖盘
2331,09:52:04,17.13,0.01,3,5139,买盘
2332,09:52:00,17.12,--,0,0,卖盘
2333,09:51:55,17.12,--,18,30816,卖盘
2334,09:51:40,17.12,--,64,109568,卖盘
2335,09:51:34,17.12,-0.02,1262,2160544,卖盘
2336,09:51:29,17.14,0.01,8,13712,买盘
2337,09:51:25,17.13,--,20,34260,卖盘
2338,09:51:14,17.13,--,10,17130,卖盘
2339,09:51:10,17.13,-0.01,53,90789,卖盘
2340,09:51:04,17.14,0.01,3,5142,买盘
2341,09:50:59,17.13,-0.01,38,65093,卖盘
2342,09:50:55,17.14,--,16,27424,买盘
2343,09:50:49,17.14,0.01,84,143976,买盘
2344,09:50:44,17.13,--,19,32546,卖盘
2345,09:50:39,17.13,--,18,31570,卖盘
2346,09:50:34,17.13,--,11,18843,卖盘
2347,09:50:29,17.13,--,88,150744,买盘
2348,09:50:24,17.13,--,10,17130,买盘
2349,09:50:19,17.13,0.01,3,5139,买盘
2350,09:50:14,17.12,-0.01,119,203728,卖盘
2351,09:50:09,17.13,--,295,505334,买盘
2352,09:49:59,17.13,--,14,23982,买盘
2353,09:49:55,17.13,0.01,10,17130,买盘
2354,09:49:49,17.12,--,74,126688,卖盘
2355,09:49:44,17.12,--,13,22256,卖盘
2356,09:49:39,17.12,-0.01,37,64063,卖盘
2357,09:49:34,17.13,0.01,1,1713,买盘
2358,09:49:29,17.12,-0.01,26,44512,卖盘
2359,09:49:24,17.13,--,24,41112,买盘
2360,09:49:19,17.13,--,5,8565,买盘
2361,09:49:14,17.13,0.01,24,41112,买盘
2362,09:49:09,17.12,--,9,15408,卖盘
2363,09:48:59,17.12,-0.01,12,20544,卖盘
2364,09:48:54,17.13,0.01,95,162735,买盘
2365,09:48:49,17.12,--,2,3424,卖盘
2366,09:48:44,17.12,-0.01,37,64063,卖盘
2367,09:48:39,17.13,--,15,25695,买盘
2368,09:48:34,17.13,0.01,10,17130,买盘
2369,09:48:29,17.12,-0.01,20,34240,卖盘
2370,09:48:24,17.13,--,7,11991,买盘
2371,09:48:18,17.13,--,22,37686,买盘
2372,09:48:14,17.13,--,31,53103,买盘
2373,09:48:09,17.13,0.01,1,1713,买盘
2374,09:48:04,17.12,-0.01,52,89024,卖盘
2375,09:47:59,17.13,--,89,152457,买盘
2376,09:47:54,17.13,0.01,54,92502,买盘
2377,09:47:44,17.12,--,22,38400,卖盘
2378,09:47:39,17.12,-0.01,13,22256,卖盘
2379,09:47:34,17.13,0.01,1,1713,买盘
2380,09:47:29,17.12,0.01,221,378352,买盘
2381,09:47:24,17.11,--,11,18821,卖盘
2382,09:47:19,17.11,--,21,35931,卖盘
2383,09:47:14,17.11,--,543,929808,买盘
2384,09:47:09,17.11,--,27,47172,卖盘
2385,09:47:03,17.11,--,27,46197,卖盘
2386,09:46:49,17.11,-0.01,40,69175,卖盘
2387,09:46:44,17.12,--,1,1712,买盘
2388,09:46:34,17.12,0.01,28,47936,买盘
2389,09:46:29,17.11,0.01,5,8555,卖盘
2390,09:46:24,17.1,--,0,0,卖盘
2391,09:46:19,17.1,--,14,23940,卖盘
2392,09:46:14,17.1,--,30,51300,卖盘
2393,09:46:09,17.1,-0.01,20,34200,卖盘
2394,09:46:04,17.11,-0.01,12,20532,中性盘
2395,09:45:54,17.12,0.01,19,32528,买盘
2396,09:45:49,17.11,--,255,437588,买盘
2397,09:45:44,17.11,--,1,1711,买盘
2398,09:45:39,17.11,--,0,0,中性盘
2399,09:45:34,17.11,--,26,44486,买盘
2400,09:45:19,17.11,--,40,69586,卖盘
2401,09:45:14,17.11,-0.01,50,85550,卖盘
2402,09:45:04,17.12,0.01,19,32528,买盘
2403,09:44:59,17.11,--,13,22243,卖盘
2404,09:44:54,17.11,--,2,3422,卖盘
2405,09:44:49,17.11,--,50,86268,卖盘
2406,09:44:39,17.11,--,43,73573,卖盘
2407,09:44:34,17.11,--,3,5133,卖盘
2408,09:44:28,17.11,-0.01,250,427835,卖盘
2409,09:44:24,17.12,--,17,29104,买盘
2410,09:44:18,17.12,--,71,121552,买盘
2411,09:44:08,17.12,--,22,37664,买盘
2412,09:44:04,17.12,--,1,1712,买盘
2413,09:43:58,17.12,0.01,5,8560,买盘
2414,09:43:53,17.11,-0.01,32,55487,卖盘
2415,09:43:43,17.12,0.01,51,87312,买盘
2416,09:43:38,17.11,-0.01,21,35931,卖盘
2417,09:43:34,17.12,0.01,2,3424,买盘
2418,09:43:23,17.11,--,9,15399,卖盘
2419,09:43:13,17.11,-0.01,84,143724,卖盘
2420,09:43:08,17.12,--,66,112992,买盘
2421,09:43:03,17.12,0.01,251,429712,买盘
2422,09:42:58,17.11,--,11,18821,卖盘
2423,09:42:53,17.11,-0.01,22,38377,卖盘
2424,09:42:48,17.12,--,14,23968,买盘
2425,09:42:38,17.12,0.01,1,1712,买盘
2426,09:42:33,17.11,--,40,68440,卖盘
2427,09:42:23,17.11,--,3,5133,卖盘
2428,09:42:18,17.11,--,9,15399,卖盘
2429,09:42:08,17.11,-0.01,11,18821,卖盘
2430,09:42:03,17.12,0.01,44,75328,买盘
2431,09:41:58,17.11,--,7,11977,卖盘
2432,09:41:53,17.11,--,79,135870,卖盘
2433,09:41:48,17.11,--,36,61596,卖盘
2434,09:41:43,17.11,--,12,20532,卖盘
2435,09:41:38,17.11,-0.01,38,65018,卖盘
2436,09:41:33,17.12,0.01,166,284380,买盘
2437,09:41:28,17.11,--,198,338778,卖盘
2438,09:41:18,17.11,--,30,51330,买盘
2439,09:41:13,17.11,--,187,319957,买盘
2440,09:41:08,17.11,--,253,433481,买盘
2441,09:41:03,17.11,0.01,10,17110,买盘
2442,09:40:58,17.1,--,18,31515,卖盘
2443,09:40:53,17.1,--,252,430920,卖盘
2444,09:40:48,17.1,-0.01,112,191520,卖盘
2445,09:40:42,17.11,--,183,313113,买盘
2446,09:40:38,17.11,0.01,57,97527,买盘
2447,09:40:33,17.1,--,14,23940,卖盘
2448,09:40:23,17.1,--,242,413820,卖盘
2449,09:40:18,17.1,--,47,80370,卖盘
2450,09:40:13,17.1,--,111,189810,买盘
2451,09:40:08,17.1,--,41,70110,买盘
2452,09:40:03,17.1,--,23,40458,卖盘
2453,09:39:58,17.1,--,19,32951,买盘
2454,09:39:53,17.1,--,5,8550,买盘
2455,09:39:48,17.1,--,30,51300,买盘
2456,09:39:43,17.1,--,484,827640,卖盘
2457,09:39:38,17.1,--,47,80370,卖盘
2458,09:39:33,17.1,--,12,20520,卖盘
2459,09:39:28,17.1,--,6,10260,卖盘
2460,09:39:23,17.1,--,755,1291050,买盘
2461,09:39:18,17.1,0.01,23,39330,买盘
2462,09:39:12,17.09,--,14,23926,卖盘
2463,09:39:08,17.09,-0.01,32,54688,卖盘
2464,09:39:03,17.1,--,79,135808,买盘
2465,09:38:57,17.1,0.01,17,29070,买盘
2466,09:38:53,17.09,-0.01,14,23926,卖盘
2467,09:38:48,17.1,--,17,29070,买盘
2468,09:38:43,17.1,0.01,44,75240,买盘
2469,09:38:38,17.09,-0.01,18,30762,卖盘
2470,09:38:33,17.1,0.01,26,44460,买盘
2471,09:38:27,17.09,--,150,256350,卖盘
2472,09:38:23,17.09,-0.01,13,22217,卖盘
2473,09:38:18,17.1,--,237,405270,买盘
2474,09:38:12,17.1,0.01,12,20520,买盘
2475,09:38:08,17.09,--,15,25635,卖盘
2476,09:38:03,17.09,--,57,98147,卖盘
2477,09:37:58,17.09,--,29,49561,卖盘
2478,09:37:53,17.09,--,215,367435,卖盘
2479,09:37:48,17.09,--,19,33923,卖盘
2480,09:37:43,17.09,-0.01,12,20508,卖盘
2481,09:37:33,17.1,0.01,1,1710,买盘
2482,09:37:27,17.09,--,28,47852,卖盘
2483,09:37:18,17.09,-0.01,85,145265,卖盘
2484,09:37:13,17.1,--,26,44648,卖盘
2485,09:37:08,17.1,0.01,29,50308,中性盘
2486,09:37:03,17.09,-0.01,367,627203,卖盘
2487,09:36:58,17.1,-0.01,260,444600,卖盘
2488,09:36:53,17.11,--,5,8555,买盘
2489,09:36:48,17.11,-0.01,4,6844,买盘
2490,09:36:43,17.12,0.01,182,312559,买盘
2491,09:36:38,17.11,-0.01,53,90683,卖盘
2492,09:36:33,17.12,0.01,123,210576,买盘
2493,09:36:28,17.11,-0.01,100,171100,卖盘
2494,09:36:17,17.12,--,3,5136,买盘
2495,09:36:13,17.12,-0.02,373,639568,卖盘
2496,09:36:07,17.14,0.01,102,175547,买盘
2497,09:36:03,17.13,--,354,606402,买盘
2498,09:35:58,17.13,0.01,123,210699,买盘
2499,09:35:52,17.12,--,112,191744,卖盘
2500,09:35:47,17.12,-0.01,131,224272,买盘
2501,09:35:42,17.13,0.01,135,231255,买盘
2502,09:35:37,17.12,--,13,22256,买盘
2503,09:35:32,17.12,-0.01,34,58208,卖盘
2504,09:35:27,17.13,0.01,11,18843,买盘
2505,09:35:17,17.12,--,90,154080,买盘
2506,09:35:12,17.12,--,39,67504,买盘
2507,09:35:07,17.12,0.01,49,83888,买盘
2508,09:35:02,17.11,--,51,87261,卖盘
2509,09:34:57,17.11,--,29,49619,卖盘
2510,09:34:52,17.11,-0.01,111,189921,卖盘
2511,09:34:47,17.12,0.01,112,191744,买盘
2512,09:34:42,17.11,0.01,14,23954,卖盘
2513,09:34:37,17.1,-0.01,550,940500,卖盘
2514,09:34:32,17.11,--,28,47908,卖盘
2515,09:34:27,17.11,--,19,32509,卖盘
2516,09:34:22,17.11,--,103,176233,买盘
2517,09:34:17,17.11,0.01,96,164256,买盘
2518,09:34:12,17.1,--,23,40065,卖盘
2519,09:34:07,17.1,--,14,23940,卖盘
2520,09:34:02,17.1,--,169,288990,卖盘
2521,09:33:57,17.1,--,17,29258,卖盘
2522,09:33:47,17.1,--,45,78557,卖盘
2523,09:33:42,17.1,0.02,821,1403910,买盘
2524,09:33:37,17.08,--,10,17080,卖盘
2525,09:33:32,17.08,--,52,88815,卖盘
2526,09:33:22,17.08,--,3,5123,卖盘
2527,09:33:17,17.08,-0.02,45,76859,中性盘
2528,09:33:12,17.1,--,249,426491,买盘
2529,09:33:06,17.1,0.01,1,1710,买盘
2530,09:33:02,17.09,0.01,36,61524,买盘
2531,09:32:57,17.08,--,17,30112,卖盘
2532,09:32:52,17.08,0.02,27,47379,买盘
2533,09:32:42,17.06,-0.02,65,110889,卖盘
2534,09:32:37,17.08,--,12,20495,买盘
2535,09:32:32,17.08,0.02,66,112727,买盘
2536,09:32:27,17.06,-0.01,61,104065,卖盘
2537,09:32:21,17.07,0.01,5,8535,卖盘
2538,09:32:17,17.06,-0.01,9,15353,卖盘
2539,09:32:12,17.07,--,18,31460,卖盘
2540,09:32:07,17.07,0.01,1,1707,中性盘
2541,09:32:02,17.06,--,145,247369,卖盘
2542,09:31:57,17.06,-0.01,24,40944,卖盘
2543,09:31:52,17.07,--,48,81936,买盘
2544,09:31:47,17.07,--,22,37554,买盘
2545,09:31:42,17.07,--,149,255196,买盘
2546,09:31:37,17.07,-0.01,10,17070,卖盘
2547,09:31:32,17.08,0.01,940,1605519,买盘
2548,09:31:27,17.07,-0.03,4,6828,卖盘
2549,09:31:22,17.1,0.03,30,51300,买盘
2550,09:31:17,17.07,--,90,154534,卖盘
2551,09:31:12,17.07,-0.03,22,37554,卖盘
2552,09:31:07,17.1,0.03,62,106225,买盘
2553,09:31:02,17.07,-0.01,220,377042,卖盘
2554,09:30:57,17.08,-0.02,201,343512,卖盘
2555,09:30:52,17.1,-0.01,33,56430,卖盘
2556,09:30:47,17.11,--,13,22243,买盘
2557,09:30:41,17.11,-0.01,29,49619,卖盘
2558,09:30:36,17.12,--,46,78752,买盘
2559,09:30:32,17.12,--,50,85600,买盘
2560,09:30:26,17.12,--,16,27392,买盘
2561,09:30:06,17.12,0.06,83,142096,买盘
2562,09:28:55,17.06,--,0,0,卖盘
2563,09:25:04,17.06,17.06,552,942564,买盘
