,time,price,change,volume,amount,type
0,15:00:00,10.06,--,0,0,买盘
1,15:00:00,10.06,--,0,0,买盘
2,14:59:54,10.06,--,2,2012,买盘
3,14:59:44,10.06,0.01,25,25150,买盘
4,14:59:39,10.05,-0.01,60,60300,卖盘
5,14:59:33,10.06,0.01,306,307836,买盘
6,14:59:29,10.05,--,11,11055,卖盘
7,14:59:24,10.05,-0.01,7,7035,卖盘
8,14:59:18,10.06,--,520,523120,买盘
9,14:59:03,10.06,--,17,17102,买盘
10,14:58:58,10.06,--,162,162972,买盘
11,14:58:53,10.06,0.01,164,164984,买盘
12,14:58:48,10.05,-0.01,7,7035,卖盘
13,14:58:43,10.06,--,13,13078,买盘
14,14:58:38,10.06,--,2,2012,买盘
15,14:58:33,10.06,--,19,19114,买盘
16,14:58:28,10.06,0.01,100,100600,买盘
17,14:58:18,10.05,-0.01,22,22110,卖盘
18,14:58:13,10.06,--,5,5030,买盘
19,14:58:08,10.06,--,8,8048,买盘
20,14:58:03,10.06,0.01,17,17102,买盘
21,14:57:58,10.05,-0.01,10,10050,卖盘
22,14:57:53,10.06,0.01,603,606618,买盘
23,14:57:48,10.05,-0.01,79,79395,卖盘
24,14:57:43,10.06,0.01,40,40240,买盘
25,14:57:38,10.05,--,200,201000,卖盘
26,14:57:33,10.05,--,20,20100,卖盘
27,14:57:28,10.05,--,924,928620,卖盘
28,14:57:23,10.05,-0.01,43,43215,卖盘
29,14:57:13,10.06,0.01,11,11066,买盘
30,14:57:03,10.05,--,22,22110,卖盘
31,14:56:58,10.05,--,4,4020,卖盘
32,14:56:48,10.05,-0.01,21,21708,卖盘
33,14:56:43,10.06,0.01,2,2012,买盘
34,14:56:38,10.05,-0.01,1,1005,卖盘
35,14:56:33,10.06,0.01,4,4024,买盘
36,14:56:28,10.05,-0.01,53,53265,卖盘
37,14:56:13,10.06,0.01,1,1006,买盘
38,14:56:03,10.05,-0.01,178,178890,卖盘
39,14:55:53,10.06,--,157,157942,买盘
40,14:55:48,10.06,--,80,80480,买盘
41,14:55:43,10.06,0.01,6,6036,买盘
42,14:55:38,10.05,--,39,39195,卖盘
43,14:55:33,10.05,-0.01,20,20100,卖盘
44,14:55:28,10.06,--,22,22132,买盘
45,14:55:23,10.06,0.01,57,57342,买盘
46,14:55:18,10.05,--,55,55275,卖盘
47,14:55:13,10.05,-0.01,53,53265,卖盘
48,14:55:08,10.06,0.01,12,12072,买盘
49,14:54:53,10.05,--,6,6030,卖盘
50,14:54:48,10.05,-0.01,3,3015,卖盘
51,14:54:43,10.06,0.01,121,121726,买盘
52,14:54:27,10.05,-0.01,15,16029,卖盘
53,14:54:23,10.06,0.01,13,13078,买盘
54,14:54:17,10.05,--,147,147735,卖盘
55,14:54:12,10.05,--,17,17085,卖盘
56,14:54:08,10.05,--,28,28140,卖盘
57,14:54:02,10.05,-0.01,110,110600,卖盘
58,14:53:57,10.06,--,244,245464,卖盘
59,14:53:53,10.06,--,78,78468,卖盘
60,14:53:47,10.06,--,38,38228,卖盘
61,14:53:42,10.06,--,65,65390,卖盘
62,14:53:33,10.06,-0.01,15,15090,卖盘
63,14:53:27,10.07,0.01,165,166155,买盘
64,14:53:18,10.06,--,28,28168,卖盘
65,14:53:08,10.06,--,15,15572,卖盘
66,14:52:57,10.06,--,56,56336,卖盘
67,14:52:53,10.06,0.01,187,188594,买盘
68,14:52:48,10.05,--,3,3015,卖盘
69,14:52:38,10.05,--,108,108540,卖盘
70,14:52:32,10.05,--,1,1005,卖盘
71,14:52:27,10.05,-0.01,42,42210,卖盘
72,14:52:23,10.06,--,41,41246,买盘
73,14:52:18,10.06,--,152,152912,买盘
74,14:52:12,10.06,--,293,295291,卖盘
75,14:52:08,10.06,-0.01,37,37222,卖盘
76,14:52:03,10.07,0.01,28,28196,买盘
77,14:51:57,10.06,--,121,121726,卖盘
78,14:51:48,10.06,--,159,159954,卖盘
79,14:51:42,10.06,--,220,221320,卖盘
80,14:51:27,10.06,--,3,3018,卖盘
81,14:51:23,10.06,--,120,121192,卖盘
82,14:51:17,10.06,--,17,17102,卖盘
83,14:51:12,10.06,--,42,42252,卖盘
84,14:51:07,10.06,--,2,2012,卖盘
85,14:51:02,10.06,--,0,0,卖盘
86,14:50:57,10.06,-0.02,68,68408,卖盘
87,14:50:53,10.08,--,1,1008,买盘
88,14:50:48,10.08,0.01,20,20160,买盘
89,14:50:42,10.07,--,14,14098,卖盘
90,14:50:37,10.07,--,21,21147,卖盘
91,14:50:27,10.07,-0.01,2,2014,卖盘
92,14:50:22,10.08,--,9,9072,买盘
93,14:50:12,10.08,0.01,9,9072,买盘
94,14:50:07,10.07,--,11,11077,卖盘
95,14:50:02,10.07,-0.01,203,205357,卖盘
96,14:49:52,10.08,0.01,10,10080,买盘
97,14:49:47,10.07,-0.01,2,2014,卖盘
98,14:49:42,10.08,--,11,11088,买盘
99,14:49:37,10.08,0.01,14,14112,买盘
100,14:49:27,10.07,-0.01,4,4028,卖盘
101,14:49:22,10.08,--,9,9072,买盘
102,14:49:12,10.08,0.01,9,9072,买盘
103,14:49:07,10.07,-0.01,23,23161,卖盘
104,14:49:02,10.08,0.01,25,25200,买盘
105,14:48:57,10.07,-0.01,1,1007,卖盘
106,14:48:52,10.08,--,32,32256,买盘
107,14:48:47,10.08,--,0,0,买盘
108,14:48:42,10.08,--,9,9072,买盘
109,14:48:37,10.08,0.01,185,186480,买盘
110,14:48:32,10.07,0.01,204,205428,买盘
111,14:48:27,10.06,-0.01,7,7042,卖盘
112,14:48:22,10.07,--,14,14098,买盘
113,14:48:12,10.07,0.01,9,9063,买盘
114,14:48:07,10.06,--,35,35210,卖盘
115,14:48:02,10.06,--,50,50300,卖盘
116,14:47:56,10.06,--,229,230374,卖盘
117,14:47:52,10.06,--,3,3018,卖盘
118,14:47:47,10.06,--,11,11066,卖盘
119,14:47:37,10.06,--,78,78468,卖盘
120,14:47:32,10.06,--,10,10060,卖盘
121,14:47:26,10.06,-0.01,17,17102,卖盘
122,14:47:22,10.07,--,98,98686,买盘
123,14:47:17,10.07,0.01,8,8056,买盘
124,14:47:07,10.06,--,20,20120,卖盘
125,14:47:02,10.06,--,22,22132,卖盘
126,14:46:56,10.06,-0.01,1,1006,卖盘
127,14:46:51,10.07,0.01,9,9063,买盘
128,14:46:47,10.06,--,15,15090,卖盘
129,14:46:41,10.06,-0.01,2,2012,卖盘
130,14:46:36,10.07,0.01,3,3021,买盘
131,14:46:32,10.06,-0.01,67,67402,卖盘
132,14:46:26,10.07,--,4,4028,买盘
133,14:46:17,10.07,--,3,3021,买盘
134,14:46:06,10.07,--,6,6042,买盘
135,14:46:02,10.07,--,10,10070,买盘
136,14:45:56,10.07,--,2,2014,买盘
137,14:45:51,10.07,--,500,503500,买盘
138,14:45:47,10.07,0.01,11,11077,买盘
139,14:45:36,10.06,-0.01,71,71426,卖盘
140,14:45:32,10.07,0.01,11,11077,买盘
141,14:45:26,10.06,-0.01,305,306830,卖盘
142,14:45:16,10.07,--,24,24168,买盘
143,14:45:06,10.07,0.01,4,4028,买盘
144,14:45:02,10.06,-0.01,5,5030,卖盘
145,14:44:56,10.07,0.01,3,3021,买盘
146,14:44:51,10.06,-0.01,67,67402,卖盘
147,14:44:47,10.07,--,5,5035,买盘
148,14:44:36,10.07,--,3,3021,买盘
149,14:44:26,10.07,0.01,4,4028,买盘
150,14:44:21,10.06,-0.01,1,1006,卖盘
151,14:44:16,10.07,--,9,9063,买盘
152,14:44:06,10.07,--,6,6042,买盘
153,14:44:01,10.07,--,70,70490,买盘
154,14:43:56,10.07,--,2,2014,买盘
155,14:43:46,10.07,--,5,5035,买盘
156,14:43:36,10.07,--,7,7049,买盘
157,14:43:32,10.07,0.01,23,23161,买盘
158,14:43:26,10.06,-0.01,10,10060,卖盘
159,14:43:17,10.07,0.01,303,305121,买盘
160,14:43:11,10.06,--,1,1006,卖盘
161,14:43:06,10.06,--,72,72432,卖盘
162,14:43:01,10.06,--,1,1006,卖盘
163,14:42:56,10.06,-0.01,10,10060,卖盘
164,14:42:46,10.07,--,6,6042,买盘
165,14:42:41,10.07,--,2,2014,买盘
166,14:42:36,10.07,0.01,2,2014,买盘
167,14:42:31,10.06,-0.01,1,1006,卖盘
168,14:42:26,10.07,--,25,25175,买盘
169,14:42:21,10.07,--,83,83581,买盘
170,14:42:16,10.07,--,2,2014,买盘
171,14:42:06,10.07,--,6,6042,买盘
172,14:41:56,10.07,--,2,2014,买盘
173,14:41:46,10.07,--,5,5035,买盘
174,14:41:41,10.07,--,9,9063,买盘
175,14:41:36,10.07,0.01,3,3021,买盘
176,14:41:31,10.06,-0.01,69,69414,卖盘
177,14:41:26,10.07,--,5,5035,买盘
178,14:41:16,10.07,0.01,3,3021,买盘
179,14:41:11,10.06,-0.01,16,16096,卖盘
180,14:41:06,10.07,0.01,4,4028,买盘
181,14:41:01,10.06,--,74,74444,卖盘
182,14:40:56,10.06,-0.01,31,31186,卖盘
183,14:40:51,10.07,0.01,4,4028,买盘
184,14:40:46,10.06,--,64,64384,卖盘
185,14:40:36,10.06,--,75,75450,卖盘
186,14:40:31,10.06,-0.01,88,88528,卖盘
187,14:40:26,10.07,--,5,5035,买盘
188,14:40:16,10.07,0.01,78,78546,买盘
189,14:40:11,10.06,-0.01,130,130780,卖盘
190,14:40:05,10.07,--,34,34238,买盘
191,14:39:56,10.07,0.01,44,44308,买盘
192,14:39:50,10.06,-0.01,144,144864,卖盘
193,14:39:46,10.07,0.01,32,32224,买盘
194,14:39:41,10.06,-0.01,54,54324,卖盘
195,14:39:35,10.07,0.01,3,3021,买盘
196,14:39:30,10.06,--,123,123738,卖盘
197,14:39:26,10.06,--,91,91546,卖盘
198,14:39:15,10.06,--,140,140840,卖盘
199,14:39:11,10.06,-0.01,189,190134,卖盘
200,14:38:56,10.07,--,146,147022,买盘
201,14:38:45,10.07,--,3,3021,买盘
202,14:38:41,10.07,-0.01,100,100700,中性盘
203,14:38:35,10.08,0.02,2,2016,买盘
204,14:38:30,10.06,-0.02,102,102612,卖盘
205,14:38:26,10.08,--,5,5040,买盘
206,14:38:15,10.08,0.01,3,3024,买盘
207,14:38:11,10.07,--,100,100700,卖盘
208,14:38:05,10.07,-0.01,7,7049,卖盘
209,14:38:00,10.08,--,21,21168,买盘
210,14:37:55,10.08,--,3,3024,买盘
211,14:37:45,10.08,--,4,4032,买盘
212,14:37:35,10.08,0.02,3,3024,买盘
213,14:37:30,10.06,-0.02,105,105630,卖盘
214,14:37:25,10.08,0.01,5,5040,买盘
215,14:37:20,10.07,-0.01,68,68476,卖盘
216,14:37:15,10.08,--,4,4032,买盘
217,14:37:10,10.08,0.01,2,2016,买盘
218,14:37:05,10.07,-0.01,105,105735,卖盘
219,14:37:00,10.08,--,1,1008,买盘
220,14:36:55,10.08,--,36,36288,买盘
221,14:36:50,10.08,0.01,1,1008,买盘
222,14:36:45,10.07,--,76,76532,卖盘
223,14:36:40,10.07,-0.01,51,51357,卖盘
224,14:36:35,10.08,0.01,4,4032,买盘
225,14:36:30,10.07,-0.01,69,69483,卖盘
226,14:36:25,10.08,--,4,4032,买盘
227,14:36:15,10.08,0.01,3,3024,买盘
228,14:36:10,10.07,--,1,1007,卖盘
229,14:36:05,10.07,--,53,53371,卖盘
230,14:36:00,10.07,-0.01,107,107749,卖盘
231,14:35:55,10.08,0.01,3,3024,买盘
232,14:35:50,10.07,--,28,28196,卖盘
233,14:35:45,10.07,-0.01,5,5035,卖盘
234,14:35:35,10.08,--,2,2016,买盘
235,14:35:30,10.08,--,5,5040,买盘
236,14:35:25,10.08,--,73,73584,买盘
237,14:35:15,10.08,0.01,2,2016,买盘
238,14:35:10,10.07,-0.01,1,1007,卖盘
239,14:35:05,10.08,--,3,3024,买盘
240,14:35:00,10.08,--,753,759790,卖盘
241,14:34:55,10.08,--,18,18144,卖盘
242,14:34:50,10.08,--,68,68544,卖盘
243,14:34:45,10.08,-0.01,5,5040,卖盘
244,14:34:40,10.09,--,141,142269,买盘
245,14:34:35,10.09,0.01,23,23207,买盘
246,14:34:30,10.08,--,56,56448,卖盘
247,14:34:25,10.08,--,364,366912,卖盘
248,14:34:20,10.08,--,10,10080,卖盘
249,14:34:15,10.08,--,4,4032,卖盘
250,14:34:10,10.08,-0.01,1,1008,卖盘
251,14:34:05,10.09,0.01,29,29261,买盘
252,14:34:00,10.08,-0.01,69,69552,卖盘
253,14:33:55,10.09,--,4,4036,买盘
254,14:33:45,10.09,0.01,25,25225,买盘
255,14:33:40,10.08,-0.01,14,14112,卖盘
256,14:33:35,10.09,0.01,21,21189,买盘
257,14:33:30,10.08,--,2,2016,卖盘
258,14:33:25,10.08,-0.01,107,107856,卖盘
259,14:33:15,10.09,0.01,53,53477,买盘
260,14:33:10,10.08,--,81,81648,卖盘
261,14:33:05,10.08,--,4,4032,卖盘
262,14:33:00,10.08,-0.01,11,11088,卖盘
263,14:32:55,10.09,--,109,109981,买盘
264,14:32:50,10.09,--,4,4036,买盘
265,14:32:44,10.09,--,47,47423,买盘
266,14:32:40,10.09,--,11,11099,买盘
267,14:32:35,10.09,0.01,103,103927,买盘
268,14:32:29,10.08,--,2,2016,卖盘
269,14:32:24,10.08,--,20,20160,卖盘
270,14:32:20,10.08,--,72,72576,卖盘
271,14:32:10,10.08,--,1,1008,卖盘
272,14:32:05,10.08,-0.01,212,213696,卖盘
273,14:31:59,10.09,0.01,1,1009,买盘
274,14:31:54,10.08,--,33,33264,卖盘
275,14:31:50,10.08,-0.01,30,30240,卖盘
276,14:31:44,10.09,--,4,4036,买盘
277,14:31:39,10.09,0.01,10,10090,买盘
278,14:31:35,10.08,--,42,42336,卖盘
279,14:31:29,10.08,--,109,109872,卖盘
280,14:31:24,10.08,--,25,25200,卖盘
281,14:31:20,10.08,--,4,4032,卖盘
282,14:31:14,10.08,--,156,157248,卖盘
283,14:31:09,10.08,--,1,1008,卖盘
284,14:31:05,10.08,-0.01,5,5040,卖盘
285,14:30:59,10.09,--,1,1009,买盘
286,14:30:54,10.09,0.01,19,19171,买盘
287,14:30:49,10.08,-0.01,9,9072,卖盘
288,14:30:44,10.09,0.01,2,2018,买盘
289,14:30:39,10.08,-0.01,70,71134,卖盘
290,14:30:34,10.09,0.01,3,3027,买盘
291,14:30:29,10.08,--,2,2016,卖盘
292,14:30:24,10.08,-0.01,6,6048,卖盘
293,14:30:20,10.09,--,61,61549,买盘
294,14:30:14,10.09,0.01,2,2018,买盘
295,14:30:09,10.08,--,1,1008,卖盘
296,14:30:05,10.08,--,62,62496,卖盘
297,14:29:59,10.08,-0.01,1,1008,卖盘
298,14:29:54,10.09,0.01,83,83747,买盘
299,14:29:49,10.08,-0.01,97,97776,卖盘
300,14:29:44,10.09,--,3,3027,买盘
301,14:29:39,10.09,--,114,115702,买盘
302,14:29:34,10.09,0.01,76,76684,买盘
303,14:29:24,10.08,--,8,8064,卖盘
304,14:29:20,10.08,-0.01,61,61488,卖盘
305,14:29:14,10.09,0.01,3,3027,买盘
306,14:29:09,10.08,--,4,4032,卖盘
307,14:29:04,10.08,-0.01,5,5040,卖盘
308,14:28:59,10.09,0.01,128,129152,买盘
309,14:28:54,10.08,--,3,3024,卖盘
310,14:28:49,10.08,-0.01,3,3024,卖盘
311,14:28:44,10.09,0.01,3,3027,买盘
312,14:28:39,10.08,--,1,1008,卖盘
313,14:28:34,10.08,-0.01,4,4032,卖盘
314,14:28:24,10.09,--,79,79711,买盘
315,14:28:19,10.09,-0.01,96,96864,卖盘
316,14:28:14,10.1,0.01,4,4040,买盘
317,14:28:09,10.09,--,68,68612,卖盘
318,14:28:04,10.09,--,5,5045,卖盘
319,14:27:59,10.09,--,97,97873,买盘
320,14:27:54,10.09,--,36,36324,买盘
321,14:27:44,10.09,--,49,49441,卖盘
322,14:27:39,10.09,--,1,1009,卖盘
323,14:27:34,10.09,--,48,48432,卖盘
324,14:27:24,10.09,--,6,6054,卖盘
325,14:27:19,10.09,-0.01,29,29261,卖盘
326,14:27:14,10.1,0.01,39,39390,买盘
327,14:27:09,10.09,-0.01,85,85765,卖盘
328,14:27:04,10.1,--,13,13130,买盘
329,14:26:59,10.1,--,2,2020,买盘
330,14:26:54,10.1,0.01,13,13130,买盘
331,14:26:49,10.09,-0.01,6,6054,卖盘
332,14:26:44,10.1,-0.01,4,4040,卖盘
333,14:26:34,10.11,0.02,5,5055,买盘
334,14:26:29,10.09,-0.01,67,67603,卖盘
335,14:26:24,10.1,--,6,6060,卖盘
336,14:26:19,10.1,-0.01,1,1010,中性盘
337,14:26:14,10.11,0.02,23,23253,买盘
338,14:26:04,10.09,--,6,6054,卖盘
339,14:25:59,10.09,-0.02,1,1009,卖盘
340,14:25:54,10.11,0.02,3,3033,买盘
341,14:25:49,10.09,-0.01,3,3027,卖盘
342,14:25:44,10.1,0.01,3,3030,买盘
343,14:25:39,10.09,-0.01,69,69621,卖盘
344,14:25:34,10.1,0.01,10,10100,买盘
345,14:25:29,10.09,--,2,2018,卖盘
346,14:25:24,10.09,-0.01,7,7063,卖盘
347,14:25:14,10.1,0.01,3,3030,买盘
348,14:25:09,10.09,-0.01,9,9081,卖盘
349,14:25:04,10.1,--,6,6060,买盘
350,14:24:59,10.1,0.01,33,33330,中性盘
351,14:24:49,10.09,-0.02,72,72648,卖盘
352,14:24:44,10.11,--,8,8088,买盘
353,14:24:34,10.11,0.02,3,3033,买盘
354,14:24:29,10.09,-0.01,65,65585,卖盘
355,14:24:18,10.1,--,2,2020,买盘
356,14:24:14,10.1,0.01,5,5050,买盘
357,14:24:03,10.09,--,8,8072,卖盘
358,14:23:59,10.09,--,127,128960,卖盘
359,14:23:48,10.09,-0.01,3,3027,卖盘
360,14:23:44,10.1,0.01,3,3030,买盘
361,14:23:37,10.09,-0.01,1,1009,卖盘
362,14:23:33,10.1,0.01,3,3030,买盘
363,14:23:29,10.09,--,26,26234,卖盘
364,14:23:18,10.09,-0.01,3,3027,卖盘
365,14:23:13,10.1,0.01,58,58580,买盘
366,14:23:08,10.09,--,68,68612,卖盘
367,14:23:03,10.09,-0.01,8,8072,卖盘
368,14:22:58,10.1,0.01,3,3030,买盘
369,14:22:52,10.09,--,1,1009,卖盘
370,14:22:48,10.09,-0.01,3,3027,卖盘
371,14:22:43,10.1,0.01,3,3030,买盘
372,14:22:33,10.09,--,5,5045,卖盘
373,14:22:29,10.09,-0.01,66,66594,卖盘
374,14:22:23,10.1,0.01,20,20200,买盘
375,14:22:18,10.09,--,69,69621,卖盘
376,14:22:13,10.09,--,91,91819,卖盘
377,14:22:08,10.09,-0.01,16,16144,卖盘
378,14:22:03,10.1,0.01,17,17170,买盘
379,14:21:58,10.09,-0.02,4,4036,卖盘
380,14:21:53,10.11,--,0,0,买盘
381,14:21:48,10.11,--,46,46506,买盘
382,14:21:44,10.11,--,3,3033,买盘
383,14:21:38,10.11,--,0,0,买盘
384,14:21:33,10.11,0.02,2,2022,买盘
385,14:21:28,10.09,-0.02,71,71639,卖盘
386,14:21:23,10.11,--,3,3033,买盘
387,14:21:13,10.11,0.02,3,3033,买盘
388,14:21:08,10.09,--,2,2018,卖盘
389,14:21:03,10.09,-0.01,8,8072,卖盘
390,14:20:53,10.1,--,4,4040,买盘
391,14:20:48,10.1,-0.01,5,5050,中性盘
392,14:20:43,10.11,0.02,2,2022,买盘
393,14:20:38,10.09,-0.02,68,68612,卖盘
394,14:20:33,10.11,0.02,4,4044,买盘
395,14:20:28,10.09,--,4,4036,卖盘
396,14:20:23,10.09,--,50,50450,卖盘
397,14:20:18,10.09,-0.02,49,49441,卖盘
398,14:20:14,10.11,0.02,54,54594,买盘
399,14:20:08,10.09,--,1,1009,卖盘
400,14:20:03,10.09,--,5,5045,卖盘
401,14:19:58,10.09,--,228,230052,卖盘
402,14:19:48,10.09,-0.01,70,70630,卖盘
403,14:19:43,10.1,0.01,102,103020,买盘
404,14:19:38,10.09,-0.01,51,51459,卖盘
405,14:19:33,10.1,--,3,3030,买盘
406,14:19:28,10.1,--,30,30300,买盘
407,14:19:23,10.1,--,7,7070,买盘
408,14:19:18,10.1,0.01,80,80800,买盘
409,14:19:13,10.09,--,54,54486,卖盘
410,14:19:08,10.09,-0.01,1,1009,卖盘
411,14:19:03,10.1,--,89,89930,买盘
412,14:18:58,10.1,-0.01,31,31310,卖盘
413,14:18:53,10.11,0.01,54,54594,买盘
414,14:18:48,10.1,--,3,3030,卖盘
415,14:18:43,10.1,-0.01,4,4040,卖盘
416,14:18:33,10.11,0.01,2,2022,买盘
417,14:18:28,10.1,-0.01,53,53530,卖盘
418,14:18:23,10.11,0.01,43,43473,买盘
419,14:18:18,10.1,--,21,21210,买盘
420,14:18:13,10.1,--,2,2020,买盘
421,14:18:08,10.1,--,35,35350,卖盘
422,14:18:03,10.1,-0.01,6,6060,卖盘
423,14:17:58,10.11,0.01,4,4044,买盘
424,14:17:53,10.1,-0.01,20,20200,卖盘
425,14:17:48,10.11,0.01,13,13143,买盘
426,14:17:43,10.1,--,80,80800,卖盘
427,14:17:33,10.1,-0.01,394,397940,卖盘
428,14:17:28,10.11,0.01,6,6066,买盘
429,14:17:23,10.1,-0.01,1,1010,卖盘
430,14:17:18,10.11,-0.01,12,12132,买盘
431,14:17:13,10.12,0.02,3,3035,买盘
432,14:17:08,10.1,-0.01,98,98980,卖盘
433,14:17:02,10.11,-0.01,10,10110,卖盘
434,14:16:58,10.12,0.01,153,154836,买盘
435,14:16:53,10.11,--,6,6066,卖盘
436,14:16:47,10.11,0.01,171,172881,买盘
437,14:16:43,10.1,-0.01,59,59590,卖盘
438,14:16:38,10.11,--,57,57627,卖盘
439,14:16:32,10.11,--,1,1011,卖盘
440,14:16:28,10.11,-0.01,43,43473,卖盘
441,14:16:23,10.12,0.01,84,85008,买盘
442,14:16:17,10.11,--,50,50550,卖盘
443,14:16:12,10.11,--,17,17187,卖盘
444,14:16:08,10.11,--,51,51561,卖盘
445,14:16:02,10.11,-0.01,49,49539,卖盘
446,14:15:57,10.12,--,493,498915,卖盘
447,14:15:53,10.12,--,203,205435,卖盘
448,14:15:47,10.12,--,52,52623,卖盘
449,14:15:42,10.12,--,116,117391,卖盘
450,14:15:38,10.12,-0.01,144,145728,卖盘
451,14:15:32,10.13,0.01,3,3039,买盘
452,14:15:27,10.12,--,119,120427,卖盘
453,14:15:22,10.12,-0.01,207,209483,卖盘
454,14:15:17,10.13,0.01,3,3039,买盘
455,14:15:12,10.12,--,17,17204,卖盘
456,14:15:07,10.12,-0.01,6,6071,卖盘
457,14:14:57,10.13,0.02,468,474084,买盘
458,14:14:52,10.11,--,270,272970,卖盘
459,14:14:47,10.11,-0.01,53,53583,卖盘
460,14:14:42,10.12,--,3,3035,买盘
461,14:14:37,10.12,0.01,25,25299,买盘
462,14:14:32,10.11,-0.01,1,1011,卖盘
463,14:14:27,10.12,--,269,272228,买盘
464,14:14:22,10.12,0.01,23,23276,买盘
465,14:14:12,10.11,--,24,24264,卖盘
466,14:14:07,10.11,--,54,54594,卖盘
467,14:14:02,10.11,0.01,271,274051,买盘
468,14:13:57,10.1,-0.01,3,3030,卖盘
469,14:13:52,10.11,--,194,197074,卖盘
470,14:13:47,10.11,--,2,2022,卖盘
471,14:13:42,10.11,-0.01,47,47517,卖盘
472,14:13:37,10.12,0.01,55,55659,买盘
473,14:13:32,10.11,-0.01,600,606600,卖盘
474,14:13:27,10.12,0.01,8,8095,买盘
475,14:13:22,10.11,--,112,113232,卖盘
476,14:13:17,10.11,--,314,317454,卖盘
477,14:13:12,10.11,-0.01,55,55605,卖盘
478,14:13:07,10.12,0.01,123,124475,买盘
479,14:13:02,10.11,-0.01,1,1011,卖盘
480,14:12:57,10.12,--,47,47634,买盘
481,14:12:52,10.12,0.01,263,266156,买盘
482,14:12:47,10.11,-0.01,61,61671,卖盘
483,14:12:42,10.12,--,51,51611,买盘
484,14:12:37,10.12,--,13,13155,买盘
485,14:12:32,10.12,--,5,5060,买盘
486,14:12:27,10.12,0.01,183,185196,买盘
487,14:12:22,10.11,--,11,11121,卖盘
488,14:12:12,10.11,--,9,9099,卖盘
489,14:12:07,10.11,-0.02,168,169848,卖盘
490,14:11:57,10.13,--,4,4052,买盘
491,14:11:52,10.13,0.03,2,2026,买盘
492,14:11:47,10.1,-0.01,15,15150,卖盘
493,14:11:42,10.11,-0.02,28,28308,卖盘
494,14:11:37,10.13,0.03,9,9117,中性盘
495,14:11:32,10.1,-0.04,58,58580,卖盘
496,14:11:27,10.14,0.01,118,119652,买盘
497,14:11:22,10.13,-0.01,53,53689,卖盘
498,14:11:17,10.14,--,30,30420,买盘
499,14:11:12,10.14,--,428,433992,买盘
500,14:11:07,10.14,--,34,34476,买盘
501,14:11:02,10.14,--,5,5070,买盘
502,14:10:57,10.14,0.01,2,2028,买盘
503,14:10:52,10.13,-0.01,100,101300,卖盘
504,14:10:47,10.14,--,57,57798,卖盘
505,14:10:42,10.14,-0.01,61,61854,卖盘
506,14:10:37,10.15,0.01,139,141085,买盘
507,14:10:32,10.14,--,20,20280,卖盘
508,14:10:27,10.14,-0.01,284,287976,卖盘
509,14:10:22,10.15,0.01,91,92365,买盘
510,14:10:17,10.14,--,5,5070,卖盘
511,14:10:12,10.14,-0.01,12,12168,卖盘
512,14:10:07,10.15,0.01,189,191835,买盘
513,14:10:02,10.14,--,27,27378,卖盘
514,14:09:56,10.14,-0.01,1,1014,卖盘
515,14:09:52,10.15,--,675,685125,买盘
516,14:09:47,10.15,--,283,287245,卖盘
517,14:09:41,10.15,--,254,257810,卖盘
518,14:09:37,10.15,0.02,2233,2266495,买盘
519,14:09:32,10.13,0.02,71,71923,中性盘
520,14:09:26,10.11,0.01,1531,1547841,卖盘
521,14:09:22,10.1,-0.01,103,104030,卖盘
522,14:09:17,10.11,0.01,592,598512,买盘
523,14:09:11,10.1,-0.01,30,30300,卖盘
524,14:09:07,10.11,0.01,749,757239,买盘
525,14:09:02,10.1,--,672,678720,买盘
526,14:08:52,10.1,0.02,193,195909,买盘
527,14:08:47,10.08,-0.01,3,3024,卖盘
528,14:08:41,10.09,--,1159,1169431,买盘
529,14:08:37,10.09,--,16,16144,买盘
530,14:08:32,10.09,0.01,52,52468,买盘
531,14:08:26,10.08,--,2,2016,卖盘
532,14:08:22,10.08,--,12,12156,买盘
533,14:08:17,10.08,0.01,423,426384,买盘
534,14:08:06,10.07,--,1398,1407786,卖盘
535,14:08:02,10.07,--,374,376819,买盘
536,14:07:55,10.07,--,324,326268,买盘
537,14:07:51,10.07,--,37,37259,买盘
538,14:07:47,10.07,--,18,18126,买盘
539,14:07:41,10.07,--,14,14098,买盘
540,14:07:36,10.07,--,5,5035,买盘
541,14:07:31,10.07,0.02,515,518605,买盘
542,14:07:26,10.05,--,3,3015,卖盘
543,14:07:21,10.05,0.01,85,85425,中性盘
544,14:07:11,10.04,-0.03,4,4015,卖盘
545,14:07:06,10.07,--,18,18126,买盘
546,14:07:01,10.07,0.03,3,3021,买盘
547,14:06:51,10.04,--,3,3011,卖盘
548,14:06:46,10.04,-0.03,26,26103,卖盘
549,14:06:36,10.07,--,4,4028,买盘
550,14:06:31,10.07,0.01,80,80560,买盘
551,14:06:26,10.06,--,2,2012,卖盘
552,14:06:21,10.06,-0.01,14,14084,卖盘
553,14:06:16,10.07,--,21,21147,买盘
554,14:06:06,10.07,0.02,14,14098,买盘
555,14:06:01,10.05,--,377,378885,卖盘
556,14:05:51,10.05,--,4,4020,卖盘
557,14:05:46,10.05,--,2,2010,卖盘
558,14:05:41,10.05,--,45,45225,卖盘
559,14:05:36,10.05,--,119,119595,卖盘
560,14:05:31,10.05,--,4,4020,卖盘
561,14:05:26,10.05,-0.01,3,3015,卖盘
562,14:05:21,10.06,0.01,3,3018,买盘
563,14:05:16,10.05,-0.01,52,52260,卖盘
564,14:05:06,10.06,--,55,55330,买盘
565,14:05:01,10.06,--,67,67402,买盘
566,14:04:56,10.06,0.01,75,75450,买盘
567,14:04:51,10.05,--,69,69345,卖盘
568,14:04:46,10.05,--,67,67335,卖盘
569,14:04:41,10.05,-0.01,1,1005,卖盘
570,14:04:36,10.06,0.01,6,6036,买盘
571,14:04:31,10.05,--,52,52260,卖盘
572,14:04:25,10.05,--,2,2010,卖盘
573,14:04:21,10.05,--,48,48240,卖盘
574,14:04:16,10.05,--,56,56280,卖盘
575,14:04:11,10.05,--,1,1005,卖盘
576,14:04:06,10.05,-0.01,298,299490,卖盘
577,14:04:01,10.06,0.01,2,2012,买盘
578,14:03:51,10.05,--,4,4020,卖盘
579,14:03:46,10.05,-0.01,114,115374,卖盘
580,14:03:36,10.06,--,151,151906,卖盘
581,14:03:26,10.06,--,33,33198,卖盘
582,14:03:21,10.06,--,485,487910,卖盘
583,14:03:06,10.06,--,73,73438,卖盘
584,14:03:00,10.06,--,11,11066,卖盘
585,14:02:56,10.06,-0.01,51,51306,卖盘
586,14:02:51,10.07,0.01,10,10070,买盘
587,14:02:46,10.06,--,54,54324,卖盘
588,14:02:36,10.06,--,59,59354,卖盘
589,14:02:31,10.06,--,49,49294,卖盘
590,14:02:25,10.06,--,29,29174,卖盘
591,14:02:21,10.06,--,118,118708,卖盘
592,14:02:15,10.06,-0.01,2,2012,卖盘
593,14:02:11,10.07,0.01,35,35245,买盘
594,14:02:04,10.06,--,55,55330,卖盘
595,14:01:55,10.06,--,1,1006,卖盘
596,14:01:45,10.06,--,3,3018,卖盘
597,14:01:40,10.06,--,2,2012,卖盘
598,14:01:35,10.06,--,32,32192,卖盘
599,14:01:31,10.06,--,1,1006,卖盘
600,14:01:26,10.06,--,4,4024,卖盘
601,14:01:16,10.06,-0.01,1,1006,卖盘
602,14:01:11,10.07,0.01,46,46322,买盘
603,14:01:05,10.06,-0.02,1,1006,卖盘
604,14:01:01,10.08,0.01,6,6048,买盘
605,14:00:55,10.07,--,210,211470,卖盘
606,14:00:50,10.07,--,801,806607,卖盘
607,14:00:46,10.07,--,15,15105,卖盘
608,14:00:40,10.07,--,68,68476,卖盘
609,14:00:35,10.07,--,1,1007,卖盘
610,14:00:30,10.07,--,78,78546,卖盘
611,14:00:26,10.07,--,3,3021,卖盘
612,14:00:16,10.07,--,112,112784,卖盘
613,14:00:10,10.07,--,35,35245,卖盘
614,14:00:05,10.07,--,11,11077,卖盘
615,14:00:00,10.07,--,62,62434,卖盘
616,13:59:55,10.07,--,247,248729,卖盘
617,13:59:50,10.07,--,111,111777,卖盘
618,13:59:45,10.07,--,90,90630,卖盘
619,13:59:40,10.07,--,14,14098,卖盘
620,13:59:35,10.07,--,23,23161,卖盘
621,13:59:30,10.07,0.01,211,212477,买盘
622,13:59:25,10.06,-0.01,213,215082,卖盘
623,13:59:20,10.07,0.01,3,3021,买盘
624,13:59:15,10.06,-0.01,520,523120,卖盘
625,13:59:10,10.07,0.01,416,418912,买盘
626,13:59:04,10.06,-0.01,2,2012,卖盘
627,13:59:00,10.07,0.01,70,70490,买盘
628,13:58:50,10.06,-0.01,40,40240,卖盘
629,13:58:45,10.07,0.01,24,24168,买盘
630,13:58:34,10.06,--,1231,1238788,买盘
631,13:58:30,10.06,--,1,1006,买盘
632,13:58:25,10.06,0.01,203,204218,买盘
633,13:58:20,10.05,--,40,40200,卖盘
634,13:58:15,10.05,--,1,1005,卖盘
635,13:58:10,10.05,--,67,67335,卖盘
636,13:58:04,10.05,-0.01,3,3015,卖盘
637,13:58:00,10.06,0.01,63,63378,买盘
638,13:57:45,10.05,-0.01,2,2010,卖盘
639,13:57:40,10.06,--,301,302806,买盘
640,13:57:35,10.06,0.01,14,14084,买盘
641,13:57:25,10.05,--,28,28140,买盘
642,13:57:19,10.05,-0.01,63,63315,卖盘
643,13:57:15,10.06,--,40,40240,买盘
644,13:57:10,10.06,--,55,55330,买盘
645,13:57:04,10.06,0.01,1,1006,买盘
646,13:56:45,10.05,-0.01,3,3015,卖盘
647,13:56:40,10.06,0.01,20,20120,买盘
648,13:56:30,10.05,--,67,67335,卖盘
649,13:56:25,10.05,-0.01,2,2010,卖盘
650,13:56:15,10.06,--,1,1006,买盘
651,13:56:10,10.06,0.01,10,10060,买盘
652,13:56:05,10.05,--,3,3015,卖盘
653,13:55:45,10.05,--,2,2010,卖盘
654,13:55:40,10.05,--,79,79395,卖盘
655,13:55:34,10.05,--,14,14070,卖盘
656,13:55:30,10.05,0.01,28,28140,买盘
657,13:55:25,10.04,--,13,13051,卖盘
658,13:55:20,10.04,-0.01,2,2991,卖盘
659,13:55:15,10.05,--,100,100500,买盘
660,13:55:10,10.05,0.01,20,20100,买盘
661,13:55:05,10.04,--,2,2007,卖盘
662,13:55:00,10.04,--,17,17068,卖盘
663,13:54:55,10.04,0.01,11,11043,中性盘
664,13:54:50,10.03,-0.01,67,67201,卖盘
665,13:54:45,10.04,-0.01,5,5020,中性盘
666,13:54:39,10.05,0.02,1,1005,买盘
667,13:54:25,10.03,--,4,4011,卖盘
668,13:54:10,10.03,0.01,6,6018,卖盘
669,13:54:05,10.02,-0.01,29,29058,卖盘
670,13:53:59,10.03,--,64,64191,卖盘
671,13:53:54,10.03,-0.01,1,1002,卖盘
672,13:53:50,10.04,--,2,2007,卖盘
673,13:53:39,10.04,-0.01,1,1003,卖盘
674,13:53:35,10.05,0.02,470,472350,买盘
675,13:53:28,10.03,--,41,41123,卖盘
676,13:53:25,10.03,--,88,88264,卖盘
677,13:53:19,10.03,--,1,1002,卖盘
678,13:53:09,10.03,--,68,68204,卖盘
679,13:53:04,10.03,--,3,3009,卖盘
680,13:52:58,10.03,--,1,1002,卖盘
681,13:52:54,10.03,--,2,2005,卖盘
682,13:52:49,10.03,--,3,3009,卖盘
683,13:52:43,10.03,--,1,1002,卖盘
684,13:52:40,10.03,--,11,11033,卖盘
685,13:52:34,10.03,--,3,3009,卖盘
686,13:52:25,10.03,--,2,2005,卖盘
687,13:52:19,10.03,--,69,69207,卖盘
688,13:52:14,10.03,--,1,1002,卖盘
689,13:52:10,10.03,--,1,1002,卖盘
690,13:52:04,10.03,-0.02,4,4011,卖盘
691,13:51:59,10.05,0.01,46,46230,买盘
692,13:51:54,10.04,0.01,6,6023,中性盘
693,13:51:49,10.03,-0.02,2,2005,卖盘
694,13:51:44,10.05,0.02,468,470340,买盘
695,13:51:40,10.03,-0.01,40,40120,卖盘
696,13:51:34,10.04,0.01,55,55219,买盘
697,13:51:28,10.03,--,67,67201,卖盘
698,13:51:24,10.03,--,3,3009,卖盘
699,13:51:19,10.03,-0.01,24,24072,卖盘
700,13:51:14,10.04,--,5,5020,买盘
701,13:51:09,10.04,0.01,15,15059,买盘
702,13:51:04,10.03,--,5,5015,卖盘
703,13:50:49,10.03,--,3,3009,卖盘
704,13:50:43,10.03,--,1,1002,卖盘
705,13:50:39,10.03,-0.01,68,68204,卖盘
706,13:50:34,10.04,0.01,13,13051,买盘
707,13:50:24,10.03,0.01,33,33099,卖盘
708,13:50:19,10.02,--,0,0,卖盘
709,13:50:09,10.02,-0.01,1,1002,卖盘
710,13:50:04,10.03,--,3,3009,卖盘
711,13:49:58,10.03,0.01,36,36408,买盘
712,13:49:49,10.02,-0.02,33,33767,卖盘
713,13:49:39,10.04,0.01,46,46183,买盘
714,13:49:34,10.03,--,2,2005,卖盘
715,13:49:29,10.03,--,1,1002,卖盘
716,13:49:24,10.03,-0.01,5,5015,卖盘
717,13:49:19,10.04,0.01,10,10040,买盘
718,13:49:13,10.03,--,10,10030,卖盘
719,13:49:03,10.03,--,5,5015,卖盘
720,13:48:59,10.03,-0.01,68,68204,卖盘
721,13:48:54,10.04,0.01,190,191061,买盘
722,13:48:49,10.03,-0.01,3,3009,卖盘
723,13:48:39,10.04,0.01,73,73292,买盘
724,13:48:34,10.03,--,52,52156,卖盘
725,13:48:29,10.03,--,29,29086,买盘
726,13:48:24,10.03,--,44,44132,买盘
727,13:48:19,10.03,--,120,120359,买盘
728,13:48:09,10.03,--,95,95285,买盘
729,13:48:04,10.03,0.01,211,211633,买盘
730,13:47:58,10.02,--,168,168336,卖盘
731,13:47:49,10.02,-0.01,26,26052,卖盘
732,13:47:43,10.03,--,10,10030,买盘
733,13:47:34,10.03,--,38,38114,买盘
734,13:47:24,10.03,--,9,9027,买盘
735,13:47:19,10.03,--,90,90270,买盘
736,13:47:09,10.03,0.01,23,23069,买盘
737,13:47:04,10.02,--,103,103206,卖盘
738,13:46:54,10.02,--,24,24048,卖盘
739,13:46:48,10.02,-0.01,3,3006,卖盘
740,13:46:44,10.03,0.01,16,16047,买盘
741,13:46:33,10.02,-0.01,1,1002,卖盘
742,13:46:28,10.03,--,117,118053,卖盘
743,13:46:23,10.03,-0.01,1,1033,卖盘
744,13:46:18,10.04,0.01,22,22087,买盘
745,13:46:14,10.03,-0.01,2,2005,卖盘
746,13:46:08,10.04,0.01,4,4015,买盘
747,13:46:03,10.03,--,27,27081,卖盘
748,13:45:58,10.03,-0.01,2,2005,卖盘
749,13:45:48,10.04,--,26,26103,买盘
750,13:45:43,10.04,0.01,24,24095,买盘
751,13:45:38,10.03,--,68,68204,卖盘
752,13:45:33,10.03,--,2,2005,卖盘
753,13:45:28,10.03,-0.01,203,203609,卖盘
754,13:45:18,10.04,0.01,25,25220,买盘
755,13:45:13,10.03,--,2,2005,卖盘
756,13:45:08,10.03,--,10,10030,卖盘
757,13:45:03,10.03,--,6,6018,卖盘
758,13:44:58,10.03,-0.01,2,2005,卖盘
759,13:44:53,10.04,0.01,9,9036,买盘
760,13:44:48,10.03,--,70,70210,卖盘
761,13:44:43,10.03,--,1,1002,卖盘
762,13:44:38,10.03,--,2,2005,卖盘
763,13:44:33,10.03,--,1,1002,卖盘
764,13:44:28,10.03,--,2,2005,卖盘
765,13:44:18,10.03,--,3,3009,卖盘
766,13:44:13,10.03,-0.01,1,1002,卖盘
767,13:44:07,10.04,0.01,3,3011,买盘
768,13:44:03,10.03,--,3,3009,卖盘
769,13:43:57,10.03,--,93,93279,卖盘
770,13:43:52,10.03,--,2,2848,卖盘
771,13:43:48,10.03,--,4,4011,卖盘
772,13:43:33,10.03,--,14,14042,卖盘
773,13:43:28,10.03,-0.01,5,5015,卖盘
774,13:43:18,10.04,0.01,48,48191,买盘
775,13:43:13,10.03,--,3,3009,卖盘
776,13:43:07,10.03,--,75,75225,卖盘
777,13:42:58,10.03,--,2,2005,卖盘
778,13:42:53,10.03,-0.01,2,2005,卖盘
779,13:42:48,10.04,0.01,26,26103,买盘
780,13:42:38,10.03,--,100,100300,卖盘
781,13:42:33,10.03,--,2,2005,卖盘
782,13:42:28,10.03,--,8,8023,卖盘
783,13:42:18,10.03,--,69,69207,卖盘
784,13:42:13,10.03,--,33,33299,卖盘
785,13:42:08,10.03,--,6,6018,卖盘
786,13:42:03,10.03,-0.01,13,13039,卖盘
787,13:41:58,10.04,0.01,61,61243,买盘
788,13:41:48,10.03,--,2,2005,卖盘
789,13:41:43,10.03,--,4,4011,卖盘
790,13:41:33,10.03,--,11,11033,卖盘
791,13:41:28,10.03,--,70,70210,卖盘
792,13:41:23,10.03,--,1,1002,卖盘
793,13:41:13,10.03,--,1,1002,卖盘
794,13:41:07,10.03,--,2,2005,卖盘
795,13:41:03,10.03,--,2,2005,卖盘
796,13:40:48,10.03,--,49,49147,卖盘
797,13:40:43,10.03,--,2,2005,卖盘
798,13:40:37,10.03,--,68,68204,卖盘
799,13:40:33,10.03,--,2,2005,卖盘
800,13:40:28,10.03,--,2,2005,卖盘
801,13:40:18,10.03,-0.02,2,2005,卖盘
802,13:40:12,10.05,0.02,86,86430,买盘
803,13:40:03,10.03,--,4,4011,卖盘
804,13:39:58,10.03,-0.02,1,1002,卖盘
805,13:39:48,10.05,0.01,115,115575,买盘
806,13:39:43,10.04,0.01,1,1003,中性盘
807,13:39:37,10.03,--,1,1002,卖盘
808,13:39:32,10.03,-0.01,20,20060,卖盘
809,13:39:27,10.04,--,3,3011,卖盘
810,13:39:23,10.04,0.01,1,1003,卖盘
811,13:39:18,10.03,--,1,1002,卖盘
812,13:39:13,10.03,--,28,28084,卖盘
813,13:39:03,10.03,--,6,6018,卖盘
814,13:38:58,10.03,-0.02,69,69207,卖盘
815,13:38:53,10.05,0.02,313,314565,买盘
816,13:38:47,10.03,-0.02,3,3009,卖盘
817,13:38:31,10.05,0.02,1,1005,买盘
818,13:38:28,10.03,-0.02,3,3009,卖盘
819,13:38:17,10.05,0.02,30,30150,买盘
820,13:38:08,10.03,--,93,93279,卖盘
821,13:37:57,10.03,--,36,36108,卖盘
822,13:37:52,10.03,--,18,18054,卖盘
823,13:37:47,10.03,--,2,2005,卖盘
824,13:37:43,10.03,--,604,606012,卖盘
825,13:37:37,10.03,--,3,3009,卖盘
826,13:37:32,10.03,--,13,13400,卖盘
827,13:37:27,10.03,--,633,634899,卖盘
828,13:37:22,10.03,--,3,3009,卖盘
829,13:37:17,10.03,--,68,68204,卖盘
830,13:37:12,10.03,--,62,62185,卖盘
831,13:37:07,10.03,--,13,13991,卖盘
832,13:37:02,10.03,--,54,54162,卖盘
833,13:36:57,10.03,--,54,54162,卖盘
834,13:36:52,10.03,--,112,112336,卖盘
835,13:36:42,10.03,--,2,2005,卖盘
836,13:36:37,10.03,-0.01,99,99938,卖盘
837,13:36:27,10.04,--,69,69276,卖盘
838,13:36:22,10.04,--,199,199795,卖盘
839,13:36:12,10.04,--,1,1003,卖盘
840,13:36:07,10.04,--,48,48191,卖盘
841,13:35:57,10.04,--,107,107427,卖盘
842,13:35:46,10.04,--,2,2007,卖盘
843,13:35:42,10.04,0.01,119,119837,买盘
844,13:35:37,10.03,-0.01,50,50150,卖盘
845,13:35:32,10.04,-0.01,21,21726,卖盘
846,13:35:27,10.05,0.01,7,7698,买盘
847,13:35:22,10.04,--,70,70280,卖盘
848,13:35:17,10.04,--,79,79316,卖盘
849,13:35:07,10.04,--,148,148592,卖盘
850,13:35:01,10.04,--,55,55219,卖盘
851,13:34:52,10.04,--,67,67268,卖盘
852,13:34:47,10.04,--,3,3011,卖盘
853,13:34:42,10.04,--,3,3011,卖盘
854,13:34:36,10.04,-0.01,36,36144,卖盘
855,13:34:27,10.05,--,114,114570,卖盘
856,13:34:22,10.05,0.01,78,78390,买盘
857,13:34:07,10.04,--,37,37148,卖盘
858,13:34:02,10.04,--,88,88351,卖盘
859,13:33:57,10.04,--,88,88351,卖盘
860,13:33:42,10.04,--,100,100399,卖盘
861,13:33:37,10.04,-0.01,43,43171,卖盘
862,13:33:32,10.05,--,32,32160,卖盘
863,13:33:27,10.05,0.01,31,31155,买盘
864,13:33:22,10.04,-0.01,52,52910,卖盘
865,13:33:12,10.05,0.01,65,65325,买盘
866,13:33:07,10.04,--,137,137548,卖盘
867,13:32:57,10.04,-0.01,3,3011,卖盘
868,13:32:52,10.05,0.01,14,14070,买盘
869,13:32:47,10.04,--,24,24095,买盘
870,13:32:41,10.04,0.01,10,10040,买盘
871,13:32:37,10.03,-0.02,3,3009,卖盘
872,13:32:31,10.05,--,34,34873,卖盘
873,13:32:27,10.05,0.02,166,167131,买盘
874,13:32:22,10.03,--,0,0,卖盘
875,13:32:17,10.03,-0.02,91,91273,卖盘
876,13:32:12,10.05,0.02,300,301500,买盘
877,13:32:07,10.03,--,37,37121,卖盘
878,13:32:01,10.03,-0.02,3,3841,卖盘
879,13:31:57,10.05,0.01,68,68340,买盘
880,13:31:52,10.04,0.01,78,78312,买盘
881,13:31:46,10.03,--,2,2005,卖盘
882,13:31:42,10.03,-0.01,4,4011,卖盘
883,13:31:37,10.04,--,53,53211,买盘
884,13:31:32,10.04,--,36,36144,买盘
885,13:31:27,10.04,0.01,170,170680,买盘
886,13:31:22,10.03,--,2,2005,卖盘
887,13:31:16,10.03,--,7,7021,卖盘
888,13:31:06,10.03,-0.01,36,36108,卖盘
889,13:31:02,10.04,0.01,12,12047,买盘
890,13:30:55,10.03,--,2,2005,卖盘
891,13:30:46,10.03,-0.01,4,4011,卖盘
892,13:30:40,10.04,0.01,39,39156,买盘
893,13:30:36,10.03,--,119,119356,卖盘
894,13:30:26,10.03,--,6,6188,卖盘
895,13:30:21,10.03,--,21,21063,卖盘
896,13:30:16,10.03,-0.01,4,4011,卖盘
897,13:30:11,10.04,0.01,24,24095,买盘
898,13:30:06,10.03,--,53,53159,卖盘
899,13:30:01,10.03,--,16,16047,卖盘
900,13:29:55,10.03,--,1,1002,卖盘
901,13:29:51,10.03,-0.01,71,71213,卖盘
902,13:29:46,10.04,0.01,61,61243,买盘
903,13:29:41,10.03,--,2,2005,卖盘
904,13:29:36,10.03,--,36,36108,卖盘
905,13:29:31,10.03,--,3,3009,卖盘
906,13:29:26,10.03,--,3,3009,卖盘
907,13:29:22,10.03,-0.01,3,3009,卖盘
908,13:29:16,10.04,0.01,21,21084,买盘
909,13:29:11,10.03,--,2,2005,卖盘
910,13:29:06,10.03,--,36,36108,卖盘
911,13:29:00,10.03,--,81,81243,卖盘
912,13:28:56,10.03,--,2,2005,卖盘
913,13:28:51,10.03,--,6,6018,卖盘
914,13:28:46,10.03,-0.01,11,11033,卖盘
915,13:28:40,10.04,0.01,33,33132,买盘
916,13:28:36,10.03,--,118,118353,卖盘
917,13:28:31,10.03,--,15,15044,卖盘
918,13:28:26,10.03,--,12,12036,卖盘
919,13:28:21,10.03,--,32,32095,卖盘
920,13:28:16,10.03,--,31,31092,卖盘
921,13:28:10,10.03,--,13,13039,卖盘
922,13:28:06,10.03,--,108,108324,卖盘
923,13:28:01,10.03,--,1,1002,卖盘
924,13:27:51,10.03,--,13,13039,卖盘
925,13:27:46,10.03,--,2,2005,卖盘
926,13:27:36,10.03,-0.01,39,39508,卖盘
927,13:27:31,10.04,0.01,13,13051,买盘
928,13:27:25,10.03,--,58,58173,卖盘
929,13:27:21,10.03,--,17,17051,卖盘
930,13:27:16,10.03,--,69,69207,卖盘
931,13:27:06,10.03,--,64,64191,卖盘
932,13:27:01,10.03,--,112,112336,卖盘
933,13:26:56,10.03,-0.02,44,44132,卖盘
934,13:26:51,10.05,0.02,21,21105,买盘
935,13:26:46,10.03,--,123,123368,卖盘
936,13:26:41,10.03,--,45,45135,卖盘
937,13:26:36,10.03,-0.01,41,41123,卖盘
938,13:26:31,10.04,0.01,78,78312,中性盘
939,13:26:26,10.03,--,74,74222,卖盘
940,13:26:21,10.03,-0.02,4,4212,卖盘
941,13:26:16,10.05,0.02,1,1005,买盘
942,13:26:11,10.03,-0.02,43,43129,卖盘
943,13:26:06,10.05,0.02,59,59295,买盘
944,13:26:01,10.03,-0.01,4,4011,卖盘
945,13:25:51,10.04,--,80,80320,买盘
946,13:25:46,10.04,0.01,64,64255,买盘
947,13:25:36,10.03,--,183,183549,卖盘
948,13:25:30,10.03,--,9,9027,卖盘
949,13:25:26,10.03,--,4,4011,卖盘
950,13:25:21,10.03,0.01,418,420196,买盘
951,13:25:16,10.02,--,154,154308,卖盘
952,13:25:11,10.02,--,2,2685,卖盘
953,13:25:06,10.02,--,41,41683,卖盘
954,13:24:56,10.02,--,7,7695,卖盘
955,13:24:51,10.02,--,2,2004,卖盘
956,13:24:46,10.02,--,74,74148,卖盘
957,13:24:36,10.02,--,35,36011,卖盘
958,13:24:31,10.02,--,3,3006,卖盘
959,13:24:25,10.02,-0.01,5,5010,卖盘
960,13:24:21,10.03,0.01,20,20060,买盘
961,13:24:15,10.02,--,32,32064,卖盘
962,13:24:06,10.02,--,45,45090,卖盘
963,13:24:00,10.02,--,71,71142,卖盘
964,13:23:51,10.02,--,17,17835,卖盘
965,13:23:46,10.02,--,6,6012,卖盘
966,13:23:41,10.02,--,1,1002,卖盘
967,13:23:36,10.02,--,53,53106,卖盘
968,13:23:25,10.02,--,3,3006,卖盘
969,13:23:21,10.02,--,4,4008,卖盘
970,13:23:15,10.02,-0.01,3,3006,卖盘
971,13:23:11,10.03,0.01,260,260779,买盘
972,13:23:04,10.02,--,36,36072,卖盘
973,13:23:00,10.02,--,4,4008,卖盘
974,13:22:56,10.02,--,3,3006,卖盘
975,13:22:49,10.02,--,5,5080,卖盘
976,13:22:45,10.02,--,3,3006,卖盘
977,13:22:40,10.02,-0.01,8,8016,卖盘
978,13:22:34,10.03,0.01,48,48144,买盘
979,13:22:30,10.02,--,17,17034,卖盘
980,13:22:19,10.02,--,1,1002,卖盘
981,13:22:15,10.02,-0.01,69,69138,卖盘
982,13:22:10,10.03,--,7,7021,卖盘
983,13:22:00,10.03,0.01,85,85255,买盘
984,13:21:55,10.02,--,2,2004,卖盘
985,13:21:50,10.02,--,1,1002,卖盘
986,13:21:45,10.02,--,2,2004,卖盘
987,13:21:40,10.02,--,60,60120,卖盘
988,13:21:34,10.02,--,1,1002,卖盘
989,13:21:30,10.02,-0.01,68,68136,卖盘
990,13:21:25,10.03,0.01,52,52858,卖盘
991,13:21:20,10.02,--,0,0,卖盘
992,13:21:15,10.02,--,15,15030,卖盘
993,13:21:10,10.02,-0.01,75,75490,卖盘
994,13:21:05,10.03,--,9,9027,卖盘
995,13:21:00,10.03,0.01,21,21063,买盘
996,13:20:55,10.02,--,79,79158,卖盘
997,13:20:50,10.02,--,1,1002,卖盘
998,13:20:45,10.02,--,7,7014,卖盘
999,13:20:39,10.02,--,73,73146,卖盘
1000,13:20:35,10.02,--,1,1002,卖盘
1001,13:20:30,10.02,-0.01,1,1002,卖盘
1002,13:20:15,10.03,--,58,58173,卖盘
1003,13:20:10,10.03,--,1,1002,卖盘
1004,13:20:05,10.03,-0.01,3,3009,卖盘
1005,13:20:00,10.04,0.01,78,78312,买盘
1006,13:19:55,10.03,--,59,59176,卖盘
1007,13:19:49,10.03,--,1,1002,卖盘
1008,13:19:45,10.03,--,80,80240,卖盘
1009,13:19:39,10.03,--,3,3009,卖盘
1010,13:19:35,10.03,--,1,1002,卖盘
1011,13:19:30,10.03,-0.01,309,309927,卖盘
1012,13:19:25,10.04,0.01,162,162648,买盘
1013,13:19:15,10.03,--,13,13039,卖盘
1014,13:19:10,10.03,--,1,1002,卖盘
1015,13:19:04,10.03,-0.01,2,2005,卖盘
1016,13:19:00,10.04,--,158,158632,买盘
1017,13:18:55,10.04,0.01,78,78312,买盘
1018,13:18:45,10.03,--,254,254761,卖盘
1019,13:18:39,10.03,-0.01,69,69207,卖盘
1020,13:18:34,10.04,--,20,20080,买盘
1021,13:18:30,10.04,0.01,23,23091,买盘
1022,13:18:25,10.03,--,13,13039,卖盘
1023,13:18:15,10.03,-0.01,40,40120,卖盘
1024,13:18:10,10.04,0.01,75,75300,买盘
1025,13:18:04,10.03,-0.01,1,1002,卖盘
1026,13:17:49,10.04,--,39,39156,买盘
1027,13:17:45,10.04,0.01,48,48191,买盘
1028,13:17:40,10.03,--,100,100300,卖盘
1029,13:17:25,10.03,--,3,3009,卖盘
1030,13:17:19,10.03,--,1,1002,卖盘
1031,13:17:15,10.03,--,87,87261,卖盘
1032,13:17:09,10.03,--,95,95285,卖盘
1033,13:16:49,10.03,--,21,21063,卖盘
1034,13:16:45,10.03,--,3,3009,卖盘
1035,13:16:40,10.03,-0.01,50,50150,卖盘
1036,13:16:34,10.04,0.01,23,23091,买盘
1037,13:16:30,10.03,--,101,101303,卖盘
1038,13:16:24,10.03,--,3,3009,卖盘
1039,13:16:15,10.03,--,56,56168,卖盘
1040,13:16:10,10.03,--,3,3009,卖盘
1041,13:16:00,10.03,--,49,49147,卖盘
1042,13:15:55,10.03,--,31,31092,卖盘
1043,13:15:45,10.03,--,182,182546,卖盘
1044,13:15:40,10.03,--,105,105315,卖盘
1045,13:15:30,10.03,--,49,49147,卖盘
1046,13:15:24,10.03,--,4,4011,卖盘
1047,13:15:19,10.03,--,1,1002,卖盘
1048,13:15:13,10.03,-0.02,28,28084,卖盘
1049,13:15:09,10.05,0.02,83,83415,买盘
1050,13:15:05,10.03,--,33,33099,卖盘
1051,13:14:58,10.03,-0.02,1,1002,卖盘
1052,13:14:54,10.05,--,23,23115,买盘
1053,13:14:48,10.05,0.01,269,270948,买盘
1054,13:14:39,10.04,--,82,82328,卖盘
1055,13:14:34,10.04,--,33,33132,卖盘
1056,13:14:24,10.04,--,72,72288,卖盘
1057,13:14:14,10.04,-0.01,218,219273,卖盘
1058,13:14:09,10.05,0.01,1,1005,买盘
1059,13:14:04,10.04,--,38,38152,卖盘
1060,13:13:58,10.04,-0.01,76,76304,卖盘
1061,13:13:54,10.05,0.01,68,68340,买盘
1062,13:13:49,10.04,-0.01,2,2007,卖盘
1063,13:13:39,10.05,0.01,316,317580,买盘
1064,13:13:34,10.04,-0.01,34,34136,卖盘
1065,13:13:28,10.05,--,77,77385,买盘
1066,13:13:24,10.05,0.01,49,49245,买盘
1067,13:13:09,10.04,--,69,69276,卖盘
1068,13:13:03,10.04,--,35,35140,卖盘
1069,13:12:54,10.04,--,16,16063,卖盘
1070,13:12:49,10.04,--,4,4015,卖盘
1071,13:12:39,10.04,-0.01,1,1003,卖盘
1072,13:12:33,10.05,0.01,125,125625,买盘
1073,13:12:24,10.04,-0.01,2,2007,卖盘
1074,13:12:19,10.05,0.01,127,127635,买盘
1075,13:12:09,10.04,--,78,78312,卖盘
1076,13:12:03,10.04,-0.01,40,40160,卖盘
1077,13:11:54,10.05,0.01,24,24120,买盘
1078,13:11:49,10.04,--,2,2007,卖盘
1079,13:11:43,10.04,--,100,100399,卖盘
1080,13:11:39,10.04,--,16,16063,卖盘
1081,13:11:34,10.04,--,33,33132,卖盘
1082,13:11:29,10.04,--,68,68272,卖盘
1083,13:11:24,10.04,-0.01,64,64255,卖盘
1084,13:11:19,10.05,--,57,57285,卖盘
1085,13:11:09,10.05,0.01,43,43215,买盘
1086,13:11:04,10.04,-0.01,237,237947,卖盘
1087,13:10:54,10.05,--,42,42210,买盘
1088,13:10:49,10.05,--,161,161805,卖盘
1089,13:10:43,10.05,--,3,3015,卖盘
1090,13:10:39,10.05,--,67,67335,卖盘
1091,13:10:33,10.05,--,36,36180,卖盘
1092,13:10:28,10.05,--,32,32160,卖盘
1093,13:10:24,10.05,--,12,12060,卖盘
1094,13:10:19,10.05,0.01,189,189945,买盘
1095,13:10:04,10.04,-0.01,65,65259,卖盘
1096,13:09:54,10.05,0.01,15,15075,买盘
1097,13:09:49,10.04,--,2,2007,卖盘
1098,13:09:39,10.04,--,2,2007,卖盘
1099,13:09:34,10.04,--,65,65259,卖盘
1100,13:09:24,10.04,-0.01,86,86343,卖盘
1101,13:09:19,10.05,0.01,30,30150,中性盘
1102,13:09:09,10.04,-0.02,72,72288,卖盘
1103,13:09:04,10.06,0.02,41,41246,买盘
1104,13:08:59,10.04,-0.01,67,67268,卖盘
1105,13:08:49,10.05,-0.01,6,6030,卖盘
1106,13:08:43,10.06,--,46,46276,买盘
1107,13:08:39,10.06,--,23,23138,买盘
1108,13:08:34,10.06,0.01,104,104624,买盘
1109,13:08:24,10.05,-0.01,2,2010,中性盘
1110,13:08:18,10.06,0.02,108,108648,买盘
1111,13:08:09,10.04,--,68,68272,卖盘
1112,13:08:04,10.04,--,37,37148,卖盘
1113,13:07:58,10.04,-0.01,1,1003,卖盘
1114,13:07:54,10.05,0.01,46,46230,买盘
1115,13:07:48,10.04,-0.02,2,2007,卖盘
1116,13:07:43,10.06,0.02,69,69414,买盘
1117,13:07:39,10.04,-0.02,3,3011,卖盘
1118,13:07:33,10.06,0.01,195,196170,买盘
1119,13:07:19,10.05,0.01,23,23115,中性盘
1120,13:07:13,10.04,-0.02,116,116463,卖盘
1121,13:07:07,10.06,0.01,147,147882,买盘
1122,13:07:04,10.05,-0.01,143,143715,卖盘
1123,13:06:57,10.06,0.01,20,20120,买盘
1124,13:06:52,10.05,-0.01,20,20100,卖盘
1125,13:06:48,10.06,0.01,26,26156,买盘
1126,13:06:43,10.05,--,100,100500,卖盘
1127,13:06:37,10.05,--,40,40200,卖盘
1128,13:06:33,10.05,--,44,44220,卖盘
1129,13:06:27,10.05,--,155,155775,卖盘
1130,13:06:18,10.05,-0.01,187,187935,卖盘
1131,13:06:13,10.06,0.01,12,12072,买盘
1132,13:06:07,10.05,--,6,6030,卖盘
1133,13:06:03,10.05,--,229,230145,卖盘
1134,13:05:48,10.05,--,2,2010,卖盘
1135,13:05:42,10.05,--,20,20100,卖盘
1136,13:05:37,10.05,-0.01,94,94470,卖盘
1137,13:05:33,10.06,0.01,20,20120,买盘
1138,13:05:27,10.05,--,3,3015,卖盘
1139,13:05:22,10.05,--,16,16080,卖盘
1140,13:05:17,10.05,-0.01,16,16080,卖盘
1141,13:05:13,10.06,0.01,39,39234,买盘
1142,13:05:03,10.05,--,28,28140,卖盘
1143,13:04:57,10.05,--,60,60300,卖盘
1144,13:04:48,10.05,--,71,71355,卖盘
1145,13:04:43,10.05,-0.01,13,13065,卖盘
1146,13:04:37,10.06,0.01,11,11066,买盘
1147,13:04:27,10.05,-0.01,2,2010,卖盘
1148,13:04:18,10.06,--,1,1006,买盘
1149,13:04:13,10.06,0.01,39,39234,买盘
1150,13:04:03,10.05,--,4,4020,卖盘
1151,13:03:58,10.05,--,87,87435,卖盘
1152,13:03:48,10.05,--,2,2010,卖盘
1153,13:03:43,10.05,-0.01,16,16080,卖盘
1154,13:03:37,10.06,--,46,46276,买盘
1155,13:03:33,10.06,--,46,46276,买盘
1156,13:03:27,10.06,--,26,26156,买盘
1157,13:03:22,10.06,--,23,23138,买盘
1158,13:03:18,10.06,0.02,159,159954,买盘
1159,13:03:07,10.04,--,68,68272,卖盘
1160,13:03:03,10.04,-0.01,5,5020,卖盘
1161,13:02:57,10.05,--,160,160800,买盘
1162,13:02:53,10.05,0.01,50,50250,买盘
1163,13:02:48,10.04,--,4,4015,卖盘
1164,13:02:43,10.04,-0.01,26,26103,卖盘
1165,13:02:33,10.05,0.01,69,69345,买盘
1166,13:02:27,10.04,-0.01,18,18072,卖盘
1167,13:02:18,10.05,0.01,74,74370,中性盘
1168,13:02:07,10.04,-0.02,3,3011,卖盘
1169,13:02:03,10.06,--,23,23138,买盘
1170,13:01:57,10.06,--,64,64384,买盘
1171,13:01:48,10.06,--,9,9054,买盘
1172,13:01:42,10.06,0.02,69,69414,买盘
1173,13:01:33,10.04,--,16,16063,卖盘
1174,13:01:28,10.04,--,71,71284,卖盘
1175,13:01:22,10.04,-0.02,28,28111,卖盘
1176,13:01:17,10.06,0.02,46,46276,买盘
1177,13:01:13,10.04,--,0,0,卖盘
1178,13:01:08,10.04,--,668,670672,卖盘
1179,13:01:03,10.04,-0.01,42,42168,卖盘
1180,13:00:53,10.05,0.01,39,39195,买盘
1181,13:00:48,10.04,-0.01,3,3011,卖盘
1182,13:00:37,10.05,--,23,23115,买盘
1183,13:00:32,10.05,0.01,46,46230,买盘
1184,13:00:27,10.04,-0.01,2,2007,卖盘
1185,13:00:22,10.05,0.01,21,21105,买盘
1186,13:00:18,10.04,-0.01,26,26103,卖盘
1187,13:00:12,10.05,0.01,358,359790,买盘
1188,13:00:07,10.04,0.01,1428,1433711,买盘
1189,13:00:02,10.03,--,67,67201,卖盘
1190,11:30:00,10.03,--,0,0,卖盘
1191,11:30:00,10.03,--,0,0,卖盘
1192,11:29:58,10.03,--,105,105315,卖盘
1193,11:29:48,10.03,-0.01,71,71213,卖盘
1194,11:29:43,10.04,0.01,200,200799,买盘
1195,11:29:23,10.03,-0.01,2,2005,卖盘
1196,11:29:18,10.04,--,3,3011,买盘
1197,11:29:08,10.04,0.01,78,78312,买盘
1198,11:29:03,10.03,-0.01,3,3009,卖盘
1199,11:28:58,10.04,--,75,75300,买盘
1200,11:28:47,10.04,0.01,64,64255,买盘
1201,11:28:32,10.03,-0.01,4,4011,卖盘
1202,11:28:28,10.04,0.01,10,10040,买盘
1203,11:28:23,10.03,-0.01,3,3009,卖盘
1204,11:28:08,10.04,0.01,118,118471,买盘
1205,11:28:02,10.03,--,3,3009,卖盘
1206,11:27:53,10.03,0.01,19,19057,中性盘
1207,11:27:47,10.02,-0.02,403,403806,卖盘
1208,11:27:38,10.04,0.01,1,1003,买盘
1209,11:27:28,10.03,-0.01,3,3009,卖盘
1210,11:27:22,10.04,0.01,3,3011,买盘
1211,11:27:17,10.03,--,131,131393,卖盘
1212,11:27:02,10.03,-0.01,6,6018,中性盘
1213,11:26:58,10.04,0.02,321,322284,买盘
1214,11:26:43,10.02,-0.01,251,251502,卖盘
1215,11:26:32,10.03,0.01,5,5015,买盘
1216,11:26:28,10.02,-0.01,71,71142,卖盘
1217,11:26:17,10.03,--,136,136408,买盘
1218,11:26:13,10.03,0.01,36,36108,买盘
1219,11:26:02,10.02,-0.01,4,4008,卖盘
1220,11:25:57,10.03,0.01,90,90270,买盘
1221,11:25:47,10.02,--,3,3006,卖盘
1222,11:25:38,10.02,--,674,675348,卖盘
1223,11:25:32,10.02,--,3,3006,卖盘
1224,11:25:27,10.02,-0.01,3,3006,卖盘
1225,11:25:17,10.03,--,21,21063,买盘
1226,11:25:08,10.03,0.01,20,20060,买盘
1227,11:25:02,10.02,--,3,3006,卖盘
1228,11:24:47,10.02,-0.01,71,71142,卖盘
1229,11:24:43,10.03,0.01,2,2005,买盘
1230,11:24:32,10.02,--,123,123246,卖盘
1231,11:24:27,10.02,-0.01,3,3006,卖盘
1232,11:24:22,10.03,--,212,212636,买盘
1233,11:24:17,10.03,0.01,1,1002,买盘
1234,11:24:02,10.02,--,9,9018,卖盘
1235,11:23:57,10.02,--,67,67134,卖盘
1236,11:23:47,10.02,-0.01,3,3006,卖盘
1237,11:23:37,10.03,--,50,50150,买盘
1238,11:23:32,10.03,0.01,10,10030,买盘
1239,11:23:27,10.02,-0.01,143,143286,卖盘
1240,11:23:17,10.03,0.01,21,21063,买盘
1241,11:23:07,10.02,--,78,78156,卖盘
1242,11:23:02,10.02,--,3,3006,卖盘
1243,11:22:57,10.02,--,15,15030,卖盘
1244,11:22:52,10.02,--,4,4008,卖盘
1245,11:22:47,10.02,--,14,14028,卖盘
1246,11:22:41,10.02,-0.01,335,335670,卖盘
1247,11:22:37,10.03,0.01,1,1002,买盘
1248,11:22:32,10.02,--,23,23046,卖盘
1249,11:22:27,10.02,-0.01,291,291582,卖盘
1250,11:22:22,10.03,--,10,10030,买盘
1251,11:22:17,10.03,--,99,99297,买盘
1252,11:22:12,10.03,0.01,336,337008,买盘
1253,11:22:02,10.02,-0.01,25,25050,卖盘
1254,11:21:52,10.03,0.01,1,1002,买盘
1255,11:21:47,10.02,-0.01,3,3006,卖盘
1256,11:21:37,10.03,0.01,8,8023,买盘
1257,11:21:26,10.02,-0.01,71,71142,卖盘
1258,11:21:17,10.03,0.01,2,2005,买盘
1259,11:21:02,10.02,--,6,6012,卖盘
1260,11:20:47,10.02,--,3,3006,卖盘
1261,11:20:37,10.02,--,67,67134,卖盘
1262,11:20:26,10.02,--,3,3006,卖盘
1263,11:20:02,10.02,-0.01,20,20040,卖盘
1264,11:19:52,10.03,0.01,1,1002,买盘
1265,11:19:46,10.02,--,71,71142,卖盘
1266,11:19:37,10.02,--,3,3006,卖盘
1267,11:19:26,10.02,-0.01,3,3006,卖盘
1268,11:19:22,10.03,0.01,29,29086,买盘
1269,11:19:06,10.02,--,3,3006,卖盘
1270,11:19:02,10.02,-0.01,17,17034,卖盘
1271,11:18:55,10.03,0.01,68,68204,买盘
1272,11:18:46,10.02,--,3,3006,卖盘
1273,11:18:26,10.02,--,3,3006,卖盘
1274,11:18:07,10.02,0.01,247,248085,买盘
1275,11:17:51,10.01,-0.01,914,914914,卖盘
1276,11:17:46,10.02,0.01,11,11022,买盘
1277,11:17:41,10.01,-0.01,5,5005,卖盘
1278,11:17:36,10.02,--,300,300600,买盘
1279,11:17:31,10.02,0.01,20,20040,买盘
1280,11:17:26,10.01,-0.01,55,55465,卖盘
1281,11:17:22,10.02,--,9,9819,卖盘
1282,11:17:17,10.02,-0.01,67,67134,卖盘
1283,11:17:11,10.03,0.01,2,2005,买盘
1284,11:17:06,10.02,--,3,3006,卖盘
1285,11:17:01,10.02,--,28,28056,卖盘
1286,11:16:56,10.02,--,9,9819,卖盘
1287,11:16:46,10.02,-0.01,3,3006,卖盘
1288,11:16:41,10.03,0.01,501,502502,买盘
1289,11:16:37,10.02,--,3,3006,卖盘
1290,11:16:26,10.02,--,71,71142,卖盘
1291,11:16:06,10.02,--,9,9018,卖盘
1292,11:16:01,10.02,--,10,10480,卖盘
1293,11:15:56,10.02,--,19,19038,卖盘
1294,11:15:51,10.02,--,77,77685,买盘
1295,11:15:35,10.02,-0.01,149,149768,卖盘
1296,11:15:26,10.03,0.01,93,93810,买盘
1297,11:15:21,10.02,-0.01,284,285038,卖盘
1298,11:15:11,10.03,0.01,3,3009,买盘
1299,11:15:05,10.02,--,6,6012,卖盘
1300,11:14:56,10.02,-0.01,8,8016,卖盘
1301,11:14:51,10.03,0.01,1,1002,买盘
1302,11:14:46,10.02,--,71,71142,卖盘
1303,11:14:26,10.02,-0.01,3,3006,卖盘
1304,11:14:16,10.03,0.01,1,1002,买盘
1305,11:14:06,10.02,--,31,31062,卖盘
1306,11:14:01,10.02,--,36,36603,买盘
1307,11:13:56,10.02,-0.01,40,40550,卖盘
1308,11:13:50,10.03,0.01,20,20060,买盘
1309,11:13:46,10.02,--,3,3006,卖盘
1310,11:13:34,10.02,--,3,3006,卖盘
1311,11:13:26,10.02,-0.01,3,3006,卖盘
1312,11:13:20,10.03,0.01,1,1002,买盘
1313,11:13:05,10.02,-0.01,71,71142,卖盘
1314,11:12:56,10.03,0.01,1,1002,买盘
1315,11:12:50,10.02,--,22,22044,卖盘
1316,11:12:46,10.02,--,3,3006,卖盘
1317,11:12:35,10.02,--,55,55110,卖盘
1318,11:12:26,10.02,--,3,3006,卖盘
1319,11:12:20,10.02,--,115,115761,买盘
1320,11:12:05,10.02,0.01,32,32064,买盘
1321,11:11:50,10.01,-0.01,11,11011,卖盘
1322,11:11:40,10.02,--,15,15030,买盘
1323,11:11:35,10.02,-0.01,24,24518,卖盘
1324,11:11:30,10.03,0.01,173,173519,买盘
1325,11:11:25,10.02,--,10,10070,卖盘
1326,11:11:20,10.02,-0.01,15,15030,卖盘
1327,11:11:15,10.03,0.01,1,1002,买盘
1328,11:11:05,10.02,--,3,3006,卖盘
1329,11:11:00,10.02,--,55,55110,卖盘
1330,11:10:50,10.02,--,31,31062,卖盘
1331,11:10:45,10.02,--,3,3006,卖盘
1332,11:10:35,10.02,--,125,125250,卖盘
1333,11:10:30,10.02,--,7,7494,卖盘
1334,11:10:25,10.02,--,3,3006,卖盘
1335,11:10:20,10.02,--,339,339678,卖盘
1336,11:10:05,10.02,--,3,3006,卖盘
1337,11:09:50,10.02,--,11,11022,卖盘
1338,11:09:45,10.02,--,98,98196,卖盘
1339,11:09:35,10.02,--,49,49098,卖盘
1340,11:09:25,10.02,--,3,3006,卖盘
1341,11:09:20,10.02,--,358,358716,卖盘
1342,11:09:05,10.02,--,6,6012,卖盘
1343,11:09:00,10.02,--,67,67134,卖盘
1344,11:08:50,10.02,--,11,11022,卖盘
1345,11:08:45,10.02,--,3,3006,卖盘
1346,11:08:25,10.02,--,3,3006,卖盘
1347,11:08:19,10.02,--,80,80160,卖盘
1348,11:08:15,10.02,--,383,383766,卖盘
1349,11:08:10,10.02,--,49,49098,卖盘
1350,11:08:05,10.02,--,70,70140,卖盘
1351,11:08:00,10.02,--,309,309618,卖盘
1352,11:07:55,10.02,-0.01,38,38076,卖盘
1353,11:07:50,10.03,--,78,78234,卖盘
1354,11:07:45,10.03,--,3,3009,卖盘
1355,11:07:40,10.03,0.01,28,28084,卖盘
1356,11:07:35,10.02,--,31,31062,卖盘
1357,11:07:30,10.02,--,93,93186,卖盘
1358,11:07:25,10.02,--,9,9018,卖盘
1359,11:07:20,10.02,--,9,9018,卖盘
1360,11:07:15,10.02,-0.01,67,67134,卖盘
1361,11:07:04,10.03,--,31,31092,卖盘
1362,11:07:00,10.03,--,16,16047,卖盘
1363,11:06:55,10.03,0.01,46,46138,买盘
1364,11:06:45,10.02,-0.01,3,3006,卖盘
1365,11:06:40,10.03,--,19,19057,买盘
1366,11:06:35,10.03,--,71,71213,买盘
1367,11:06:29,10.03,--,12,12036,买盘
1368,11:06:25,10.03,-0.01,133,133399,卖盘
1369,11:06:14,10.04,0.01,46,46183,买盘
1370,11:06:04,10.03,--,6,6018,卖盘
1371,11:05:44,10.03,--,49,49147,卖盘
1372,11:05:35,10.03,--,367,368101,卖盘
1373,11:05:25,10.03,--,6,6018,买盘
1374,11:05:05,10.03,0.01,27,27081,买盘
1375,11:04:50,10.02,--,79,79158,卖盘
1376,11:04:44,10.02,--,71,71142,卖盘
1377,11:04:35,10.02,-0.01,3,3006,卖盘
1378,11:04:29,10.03,0.01,1,1002,买盘
1379,11:04:24,10.02,0.01,3,3006,卖盘
1380,11:04:09,10.01,--,0,0,卖盘
1381,11:04:04,10.01,--,7,7007,卖盘
1382,11:03:59,10.01,--,67,67067,卖盘
1383,11:03:44,10.01,-0.02,3,3003,卖盘
1384,11:03:40,10.03,0.02,501,502502,买盘
1385,11:03:34,10.01,--,43,43043,卖盘
1386,11:03:29,10.01,--,9,9009,卖盘
1387,11:03:25,10.01,--,7,7007,卖盘
1388,11:03:19,10.01,--,11,11011,卖盘
1389,11:03:10,10.01,--,136,136136,卖盘
1390,11:03:04,10.01,-0.01,49,49049,卖盘
1391,11:02:59,10.02,--,106,106993,买盘
1392,11:02:55,10.02,0.01,168,168336,买盘
1393,11:02:49,10.01,--,100,100100,卖盘
1394,11:02:44,10.01,--,10,10580,卖盘
1395,11:02:39,10.01,--,223,223223,卖盘
1396,11:02:34,10.01,--,61,61061,卖盘
1397,11:02:24,10.01,-0.01,12,12012,卖盘
1398,11:02:14,10.02,--,1,1002,买盘
1399,11:02:09,10.02,--,20,20040,买盘
1400,11:02:03,10.02,--,9,9018,卖盘
1401,11:01:43,10.02,--,3,3006,卖盘
1402,11:01:34,10.02,--,46,46092,卖盘
1403,11:01:29,10.02,--,68,68136,卖盘
1404,11:01:24,10.02,--,3,3006,卖盘
1405,11:01:04,10.02,-0.02,3,3006,卖盘
1406,11:00:54,10.04,0.02,645,647580,买盘
1407,11:00:48,10.02,-0.01,101,101202,卖盘
1408,11:00:43,10.03,0.01,4,4011,买盘
1409,11:00:39,10.02,--,67,67134,卖盘
1410,11:00:29,10.02,--,18,18036,卖盘
1411,11:00:24,10.02,--,226,226452,买盘
1412,11:00:09,10.02,-0.01,55,55110,卖盘
1413,11:00:04,10.03,--,0,0,买盘
1414,10:59:54,10.03,0.02,78,78234,买盘
1415,10:59:49,10.01,--,100,100100,卖盘
1416,10:59:44,10.01,--,71,71071,卖盘
1417,10:59:39,10.01,-0.01,182,182182,卖盘
1418,10:59:24,10.02,--,3,3006,卖盘
1419,10:59:19,10.02,0.01,11,11022,买盘
1420,10:59:09,10.01,--,51,51051,卖盘
1421,10:59:04,10.01,-0.01,14,14014,卖盘
1422,10:58:59,10.02,--,56,56112,卖盘
1423,10:58:54,10.02,0.01,7,7014,买盘
1424,10:58:49,10.01,--,102,102102,卖盘
1425,10:58:44,10.01,--,11,11011,卖盘
1426,10:58:38,10.01,-0.01,33,33033,卖盘
1427,10:58:34,10.02,--,63,63126,卖盘
1428,10:58:29,10.02,--,78,78156,卖盘
1429,10:58:23,10.02,-0.01,182,182364,卖盘
1430,10:58:14,10.03,0.01,80,80922,买盘
1431,10:58:08,10.02,--,147,147294,卖盘
1432,10:58:04,10.02,--,85,85170,卖盘
1433,10:57:58,10.02,-0.01,11,11022,卖盘
1434,10:57:53,10.03,0.01,239,239716,买盘
1435,10:57:44,10.02,--,545,546090,卖盘
1436,10:57:38,10.02,--,36,36072,卖盘
1437,10:57:29,10.02,-0.01,55,55110,卖盘
1438,10:57:23,10.03,0.01,59,59176,买盘
1439,10:57:19,10.02,--,500,501000,卖盘
1440,10:57:14,10.02,--,92,92184,卖盘
1441,10:57:08,10.02,-0.01,34,34068,卖盘
1442,10:57:03,10.03,--,6,6018,卖盘
1443,10:56:59,10.03,0.01,10,10030,买盘
1444,10:56:53,10.02,-0.01,76,77063,卖盘
1445,10:56:43,10.03,--,13,13039,买盘
1446,10:56:38,10.03,--,209,210178,卖盘
1447,10:56:33,10.03,0.01,2,2457,买盘
1448,10:56:28,10.02,--,68,68136,卖盘
1449,10:56:22,10.02,-0.01,83,83166,卖盘
1450,10:56:08,10.03,0.01,200,200600,买盘
1451,10:56:04,10.02,-0.01,24,24048,卖盘
1452,10:55:58,10.03,0.01,10,10030,买盘
1453,10:55:53,10.02,-0.01,57,57114,卖盘
1454,10:55:48,10.03,--,28,28084,买盘
1455,10:55:43,10.03,--,20,20060,买盘
1456,10:55:38,10.03,--,170,170510,买盘
1457,10:55:34,10.03,0.01,77,77231,买盘
1458,10:55:23,10.02,-0.01,60,60120,中性盘
1459,10:55:19,10.03,0.02,5,5015,买盘
1460,10:55:08,10.01,--,34,34034,卖盘
1461,10:55:04,10.01,-0.02,81,81081,卖盘
1462,10:54:48,10.03,--,149,149447,买盘
1463,10:54:43,10.03,0.02,85,85255,买盘
1464,10:54:38,10.01,-0.02,189,189189,卖盘
1465,10:54:33,10.03,--,82,82246,买盘
1466,10:54:23,10.03,--,26,26078,买盘
1467,10:54:18,10.03,0.02,1,1002,买盘
1468,10:54:08,10.01,--,34,34034,卖盘
1469,10:54:03,10.01,0.01,73,73073,买盘
1470,10:53:58,10.0,--,0,0,卖盘
1471,10:53:53,10.0,-0.01,514,514000,卖盘
1472,10:53:48,10.01,--,3,3003,卖盘
1473,10:53:38,10.01,--,33,33033,卖盘
1474,10:53:28,10.01,-0.02,46,46046,卖盘
1475,10:53:23,10.03,--,1,1002,买盘
1476,10:53:08,10.03,0.01,115,115344,买盘
1477,10:53:03,10.02,0.01,3,3006,中性盘
1478,10:52:58,10.01,--,43,43043,卖盘
1479,10:52:48,10.01,--,3,3003,卖盘
1480,10:52:38,10.01,--,33,33033,卖盘
1481,10:52:33,10.01,--,3,3003,卖盘
1482,10:52:28,10.01,--,43,43043,卖盘
1483,10:52:22,10.01,--,3,3003,卖盘
1484,10:52:18,10.01,-0.02,138,138138,卖盘
1485,10:52:13,10.03,0.02,1,1002,买盘
1486,10:52:08,10.01,--,34,34034,卖盘
1487,10:52:03,10.01,--,23,23023,卖盘
1488,10:51:58,10.01,--,65,65445,卖盘
1489,10:51:52,10.01,--,0,0,卖盘
1490,10:51:48,10.01,--,57,57057,卖盘
1491,10:51:38,10.01,--,327,327917,卖盘
1492,10:51:28,10.01,--,111,111111,卖盘
1493,10:51:23,10.01,--,3,3003,卖盘
1494,10:51:08,10.01,--,34,34034,卖盘
1495,10:51:03,10.01,-0.02,6,6006,卖盘
1496,10:50:53,10.03,0.01,61,61182,买盘
1497,10:50:47,10.02,0.01,23,23046,买盘
1498,10:50:43,10.01,0.01,217,217757,买盘
1499,10:50:38,10.0,-0.01,34,34000,卖盘
1500,10:50:32,10.01,--,20,20020,买盘
1501,10:50:28,10.01,--,20,20020,买盘
1502,10:50:17,10.01,--,516,517096,卖盘
1503,10:50:08,10.01,--,39,39549,卖盘
1504,10:50:02,10.01,-0.01,3,3003,卖盘
1505,10:49:58,10.02,--,1,1002,买盘
1506,10:49:46,10.02,--,45,45090,卖盘
1507,10:49:42,10.02,--,66,66132,卖盘
1508,10:49:37,10.02,--,34,34068,卖盘
1509,10:49:32,10.02,--,3,3006,卖盘
1510,10:49:22,10.02,--,7,7014,卖盘
1511,10:49:17,10.02,0.01,150,150300,买盘
1512,10:49:12,10.01,-0.01,166,166166,卖盘
1513,10:49:07,10.02,--,20,20040,买盘
1514,10:49:02,10.02,0.01,8,8016,买盘
1515,10:48:57,10.01,-0.01,168,168668,卖盘
1516,10:48:52,10.02,--,50,50100,买盘
1517,10:48:46,10.02,0.01,516,517032,买盘
1518,10:48:42,10.01,-0.01,134,134134,卖盘
1519,10:48:32,10.02,--,185,185370,卖盘
1520,10:48:27,10.02,--,13,13026,卖盘
1521,10:48:21,10.02,--,12,12024,买盘
1522,10:48:12,10.02,0.01,34,34068,买盘
1523,10:48:06,10.01,--,68,68068,卖盘
1524,10:48:02,10.01,--,6,6006,卖盘
1525,10:47:52,10.01,--,169,169579,买盘
1526,10:47:46,10.01,--,10,10010,买盘
1527,10:47:42,10.01,--,37,37037,买盘
1528,10:47:37,10.01,-0.01,815,816405,卖盘
1529,10:47:32,10.02,0.01,767,769175,买盘
1530,10:47:27,10.01,--,3,3003,卖盘
1531,10:47:16,10.01,--,475,476245,卖盘
1532,10:47:12,10.01,-0.01,34,34034,卖盘
1533,10:47:07,10.02,0.01,170,170340,买盘
1534,10:47:01,10.01,-0.01,3,3003,卖盘
1535,10:46:52,10.02,--,1,1002,买盘
1536,10:46:47,10.02,--,112,112224,买盘
1537,10:46:42,10.02,0.01,63,63126,买盘
1538,10:46:32,10.01,-0.01,31,31031,卖盘
1539,10:46:27,10.02,--,1,1002,买盘
1540,10:46:17,10.02,--,24,24048,卖盘
1541,10:46:12,10.02,--,33,33066,卖盘
1542,10:46:02,10.02,--,23,23046,卖盘
1543,10:45:57,10.02,--,191,192053,卖盘
1544,10:45:46,10.02,--,3,3006,卖盘
1545,10:45:42,10.02,--,274,274968,卖盘
1546,10:45:37,10.02,-0.01,147,147294,卖盘
1547,10:45:32,10.03,0.01,1,1002,买盘
1548,10:45:27,10.02,--,3,3006,卖盘
1549,10:45:17,10.02,--,419,420339,卖盘
1550,10:45:12,10.02,-0.01,34,34068,卖盘
1551,10:45:07,10.03,0.01,20,20060,买盘
1552,10:45:02,10.02,--,14,14028,卖盘
1553,10:44:46,10.02,-0.01,3,3006,卖盘
1554,10:44:42,10.03,--,79,79237,买盘
1555,10:44:37,10.03,--,53,53159,买盘
1556,10:44:31,10.03,--,11,11033,买盘
1557,10:44:27,10.03,--,73,73429,卖盘
1558,10:44:22,10.03,--,13,13831,卖盘
1559,10:44:17,10.03,0.01,33,33099,买盘
1560,10:44:12,10.02,--,33,33066,卖盘
1561,10:44:02,10.02,--,3,3006,卖盘
1562,10:43:57,10.02,--,67,67134,卖盘
1563,10:43:52,10.02,-0.02,30,30060,卖盘
1564,10:43:47,10.04,0.03,200,200799,买盘
1565,10:43:42,10.01,-0.02,34,34034,卖盘
1566,10:43:31,10.03,--,82,82246,卖盘
1567,10:43:26,10.03,-0.01,3,3009,中性盘
1568,10:43:22,10.04,0.02,94,94375,买盘
1569,10:43:17,10.02,0.01,5,5010,中性盘
1570,10:43:11,10.01,-0.02,33,33033,卖盘
1571,10:43:07,10.03,0.01,69,69207,买盘
1572,10:43:02,10.02,-0.01,229,229458,卖盘
1573,10:42:46,10.03,--,6,6018,买盘
1574,10:42:41,10.03,0.01,117,117350,买盘
1575,10:42:26,10.02,-0.01,6,6012,卖盘
1576,10:42:21,10.03,--,35,35105,买盘
1577,10:42:17,10.03,0.01,522,523565,买盘
1578,10:42:11,10.02,--,33,33066,卖盘
1579,10:42:02,10.02,-0.01,7,7014,卖盘
1580,10:41:52,10.03,0.01,35,35105,买盘
1581,10:41:47,10.02,0.01,30,30060,买盘
1582,10:41:40,10.01,-0.01,36,36036,卖盘
1583,10:41:36,10.02,--,20,20040,买盘
1584,10:41:31,10.02,0.01,44,44088,买盘
1585,10:41:26,10.01,--,121,121121,卖盘
1586,10:41:11,10.01,-0.01,33,33033,卖盘
1587,10:41:06,10.02,--,4,4008,买盘
1588,10:41:01,10.02,--,19,19038,买盘
1589,10:40:55,10.02,--,0,0,买盘
1590,10:40:51,10.02,0.02,9,9018,买盘
1591,10:40:45,10.0,-0.02,3,3000,卖盘
1592,10:40:41,10.02,0.02,60,60120,买盘
1593,10:40:36,10.0,--,80,80000,卖盘
1594,10:40:25,10.0,-0.02,62,62000,卖盘
1595,10:40:21,10.02,0.02,1,1002,买盘
1596,10:40:11,10.0,-0.01,33,33000,卖盘
1597,10:40:06,10.01,0.01,50,50050,卖盘
1598,10:40:01,10.0,--,0,0,卖盘
1599,10:39:51,10.0,--,44,44000,卖盘
1600,10:39:46,10.0,--,71,71000,卖盘
1601,10:39:41,10.0,-0.01,34,34000,卖盘
1602,10:39:31,10.01,0.01,30,30030,买盘
1603,10:39:25,10.0,-0.01,3,3000,卖盘
1604,10:39:21,10.01,--,41,41041,买盘
1605,10:39:16,10.01,0.01,48,48048,买盘
1606,10:39:11,10.0,-0.01,33,33000,卖盘
1607,10:39:06,10.01,--,7,7007,买盘
1608,10:38:56,10.01,--,13,13013,买盘
1609,10:38:51,10.01,--,53,53053,买盘
1610,10:38:46,10.01,0.01,50,50050,买盘
1611,10:38:41,10.0,-0.01,33,33000,卖盘
1612,10:38:31,10.01,--,39,39039,卖盘
1613,10:38:26,10.01,-0.01,3,3003,卖盘
1614,10:38:21,10.02,--,52,52104,买盘
1615,10:38:15,10.02,--,0,0,买盘
1616,10:38:11,10.02,0.01,36,36072,买盘
1617,10:38:06,10.01,-0.01,72,72072,中性盘
1618,10:37:55,10.02,--,21,21042,买盘
1619,10:37:51,10.02,0.02,43,43086,买盘
1620,10:37:46,10.0,-0.02,3,3000,卖盘
1621,10:37:40,10.02,0.01,38,38076,买盘
1622,10:37:36,10.01,0.01,97,97097,买盘
1623,10:37:31,10.0,--,8,8000,卖盘
1624,10:37:26,10.0,-0.01,5,5000,卖盘
1625,10:37:21,10.01,0.01,15,15015,买盘
1626,10:37:16,10.0,-0.01,67,67000,中性盘
1627,10:37:10,10.01,--,49,49049,买盘
1628,10:37:06,10.01,0.01,53,53053,买盘
1629,10:37:01,10.0,-0.01,55,55000,卖盘
1630,10:36:56,10.01,0.01,116,116116,买盘
1631,10:36:51,10.0,--,10,10000,卖盘
1632,10:36:46,10.0,--,4,4000,卖盘
1633,10:36:41,10.0,--,48,48000,买盘
1634,10:36:36,10.0,--,43,43000,买盘
1635,10:36:31,10.0,0.01,2,2000,买盘
1636,10:36:26,9.99,--,75,74925,卖盘
1637,10:36:11,9.99,-0.01,34,33966,卖盘
1638,10:36:06,10.0,--,130,130400,买盘
1639,10:35:50,10.0,--,21,21000,买盘
1640,10:35:46,10.0,0.01,16,16000,买盘
1641,10:35:40,9.99,--,33,32967,卖盘
1642,10:35:36,9.99,--,67,66933,卖盘
1643,10:35:26,9.99,-0.01,3,2997,卖盘
1644,10:35:11,10.0,--,1,1000,买盘
1645,10:35:06,10.0,0.01,26,26000,买盘
1646,10:35:00,9.99,--,206,205794,买盘
1647,10:34:56,9.99,0.01,18,17982,买盘
1648,10:34:50,9.98,-0.01,14,13972,卖盘
1649,10:34:45,9.99,-0.01,62,61938,卖盘
1650,10:34:41,10.0,--,18,18000,买盘
1651,10:34:35,10.0,0.01,16,16000,买盘
1652,10:34:26,9.99,--,13,12987,卖盘
1653,10:34:20,9.99,--,33,32967,买盘
1654,10:34:16,9.99,0.01,250,249750,买盘
1655,10:34:10,9.98,-0.01,10,9980,卖盘
1656,10:34:05,9.99,--,31,30969,买盘
1657,10:34:01,9.99,0.01,82,81918,买盘
1658,10:33:50,9.98,--,20,19960,卖盘
1659,10:33:45,9.98,--,23,22954,卖盘
1660,10:33:25,9.98,-0.01,3,2994,卖盘
1661,10:33:20,9.99,--,61,61098,买盘
1662,10:33:05,9.99,--,89,88911,买盘
1663,10:33:00,9.99,0.01,26,25974,买盘
1664,10:32:45,9.98,--,3,2994,卖盘
1665,10:32:40,9.98,--,5,4990,卖盘
1666,10:32:35,9.98,--,577,575846,卖盘
1667,10:32:25,9.98,--,3,2994,卖盘
1668,10:32:15,9.98,-0.01,82,81836,卖盘
1669,10:32:10,9.99,0.01,10,9990,买盘
1670,10:32:05,9.98,--,3,2994,卖盘
1671,10:32:00,9.98,-0.01,2,1996,卖盘
1672,10:31:50,9.99,0.01,10,9990,买盘
1673,10:31:45,9.98,-0.01,421,420557,卖盘
1674,10:31:35,9.99,0.01,20,19980,买盘
1675,10:31:30,9.98,--,454,453341,卖盘
1676,10:31:15,9.98,-0.01,149,148702,卖盘
1677,10:31:10,9.99,-0.01,3,3326,卖盘
1678,10:31:05,10.0,0.01,5,5000,买盘
1679,10:31:00,9.99,0.01,38,37962,买盘
1680,10:30:55,9.98,-0.01,90,90658,卖盘
1681,10:30:49,9.99,-0.01,86,86573,卖盘
1682,10:30:45,10.0,0.01,29,29000,买盘
1683,10:30:40,9.99,--,4,3996,卖盘
1684,10:30:35,9.99,--,28,27972,卖盘
1685,10:30:30,9.99,-0.01,1342,1341007,卖盘
1686,10:30:25,10.0,--,3,3000,卖盘
1687,10:30:20,10.0,--,36,36000,卖盘
1688,10:30:15,10.0,--,415,415650,买盘
1689,10:30:05,10.0,--,350,350690,卖盘
1690,10:29:55,10.0,--,55,55000,卖盘
1691,10:29:45,10.0,--,73,73000,卖盘
1692,10:29:35,10.0,--,380,380250,卖盘
1693,10:29:24,10.0,--,3,3000,卖盘
1694,10:29:15,10.0,-0.01,53,53750,卖盘
1695,10:29:05,10.01,--,1,1001,买盘
1696,10:28:50,10.01,-0.01,38,38038,卖盘
1697,10:28:45,10.02,0.01,404,404808,买盘
1698,10:28:35,10.01,--,3,3003,卖盘
1699,10:28:24,10.01,-0.01,3,3003,卖盘
1700,10:28:20,10.02,0.02,1,1002,买盘
1701,10:28:15,10.0,--,0,0,卖盘
1702,10:28:04,10.0,--,71,71000,卖盘
1703,10:27:59,10.0,-0.02,55,55000,卖盘
1704,10:27:54,10.02,--,3,3006,买盘
1705,10:27:50,10.02,0.02,22,22044,买盘
1706,10:27:45,10.0,--,3,3000,卖盘
1707,10:27:24,10.0,--,3,3000,卖盘
1708,10:27:15,10.0,--,67,67000,卖盘
1709,10:27:05,10.0,--,87,87000,卖盘
1710,10:27:00,10.0,--,9,9000,卖盘
1711,10:26:44,10.0,-0.02,4,4000,卖盘
1712,10:26:39,10.02,0.02,1,1002,买盘
1713,10:26:29,10.0,-0.01,68,68000,卖盘
1714,10:26:24,10.01,-0.01,3,3003,中性盘
1715,10:26:19,10.02,--,291,291582,买盘
1716,10:26:09,10.02,0.02,15,15030,买盘
1717,10:26:04,10.0,--,3,3000,卖盘
1718,10:25:54,10.0,--,2,2000,卖盘
1719,10:25:44,10.0,--,3,3000,卖盘
1720,10:25:39,10.0,--,67,67000,卖盘
1721,10:25:34,10.0,-0.02,3,3000,卖盘
1722,10:25:29,10.02,0.01,1,1002,买盘
1723,10:25:24,10.01,--,18,18018,卖盘
1724,10:25:18,10.01,0.01,2,2002,买盘
1725,10:25:13,10.0,--,4,4000,卖盘
1726,10:25:04,10.0,--,3,3000,卖盘
1727,10:24:49,10.0,--,0,0,卖盘
1728,10:24:43,10.0,-0.01,71,71000,卖盘
1729,10:24:33,10.01,--,10,10010,卖盘
1730,10:24:24,10.01,--,4,4004,卖盘
1731,10:24:19,10.01,--,69,69709,买盘
1732,10:24:13,10.01,--,5,5005,买盘
1733,10:24:09,10.01,--,1,1001,买盘
1734,10:24:04,10.01,--,16,16376,卖盘
1735,10:23:58,10.01,-0.01,97,97097,卖盘
1736,10:23:54,10.02,0.01,101,101202,买盘
1737,10:23:44,10.01,--,3,3003,卖盘
1738,10:23:39,10.01,--,15,15015,卖盘
1739,10:23:34,10.01,--,75,75075,卖盘
1740,10:23:24,10.01,-0.01,3,3003,卖盘
1741,10:23:09,10.02,0.01,112,112745,买盘
1742,10:23:04,10.01,-0.01,3,3003,卖盘
1743,10:22:58,10.02,0.01,11,11022,买盘
1744,10:22:44,10.01,--,3,3003,卖盘
1745,10:22:33,10.01,--,204,204324,买盘
1746,10:22:29,10.01,0.01,12,12692,买盘
1747,10:22:24,10.0,--,4,4000,卖盘
1748,10:22:13,10.0,-0.01,67,67000,卖盘
1749,10:22:09,10.01,0.01,45,45045,买盘
1750,10:22:04,10.0,--,3,3000,卖盘
1751,10:21:43,10.0,-0.01,29,29000,卖盘
1752,10:21:28,10.01,--,1,1001,买盘
1753,10:21:23,10.01,--,190,190320,卖盘
1754,10:21:08,10.01,--,10,10010,卖盘
1755,10:21:04,10.01,--,315,315435,卖盘
1756,10:20:59,10.01,--,57,57807,卖盘
1757,10:20:44,10.01,--,788,789208,买盘
1758,10:20:38,10.01,--,41,41041,卖盘
1759,10:20:29,10.01,0.01,27,27227,买盘
1760,10:20:23,10.0,-0.02,91,91000,卖盘
1761,10:20:08,10.02,0.02,11,11272,买盘
1762,10:20:03,10.0,--,3,3000,卖盘
1763,10:19:58,10.0,--,40,40000,卖盘
1764,10:19:44,10.0,--,171,171000,卖盘
1765,10:19:39,10.0,--,31,31200,卖盘
1766,10:19:33,10.0,--,5,5000,卖盘
1767,10:19:23,10.0,--,3,3000,卖盘
1768,10:19:14,10.0,--,83,83000,卖盘
1769,10:19:03,10.0,--,3,3000,卖盘
1770,10:18:57,10.0,0.01,111,111920,买盘
1771,10:18:53,9.99,-0.01,10,9990,卖盘
1772,10:18:48,10.0,--,534,534200,买盘
1773,10:18:33,10.0,0.01,20,20000,买盘
1774,10:18:22,9.99,--,3,2997,卖盘
1775,10:18:18,9.99,-0.01,69,68931,卖盘
1776,10:18:07,10.0,0.01,93,93200,买盘
1777,10:18:03,9.99,--,7,6993,卖盘
1778,10:17:48,9.99,-0.01,10,9990,卖盘
1779,10:17:38,10.0,--,13,13000,买盘
1780,10:17:33,10.0,0.01,3,3000,买盘
1781,10:17:22,9.99,--,3,2997,卖盘
1782,10:17:18,9.99,--,74,73926,卖盘
1783,10:17:07,9.99,0.01,150,150789,买盘
1784,10:17:03,9.98,--,1053,1050894,卖盘
1785,10:16:58,9.98,-0.01,148,147704,卖盘
1786,10:16:48,9.99,--,30,29970,买盘
1787,10:16:38,9.99,--,421,421128,卖盘
1788,10:16:33,9.99,--,54,53946,卖盘
1789,10:16:28,9.99,--,68,67932,卖盘
1790,10:16:23,9.99,--,48,47952,卖盘
1791,10:16:18,9.99,-0.01,510,510109,卖盘
1792,10:16:13,10.0,0.01,1,1000,买盘
1793,10:16:08,9.99,--,128,127872,卖盘
1794,10:16:03,9.99,-0.01,3,2997,卖盘
1795,10:15:58,10.0,0.01,497,497670,买盘
1796,10:15:53,9.99,--,59,58941,卖盘
1797,10:15:48,9.99,--,372,371628,卖盘
1798,10:15:43,9.99,-0.01,157,156843,卖盘
1799,10:15:37,10.0,--,1031,1031000,买盘
1800,10:15:28,10.0,0.01,13,13000,买盘
1801,10:15:23,9.99,-0.01,31,30969,卖盘
1802,10:15:18,10.0,0.01,2,2000,买盘
1803,10:15:08,9.99,--,9,8991,卖盘
1804,10:15:03,9.99,-0.01,6,5994,卖盘
1805,10:14:53,10.0,--,30,30000,买盘
1806,10:14:48,10.0,0.01,15,15000,买盘
1807,10:14:42,9.99,-0.01,3,2997,卖盘
1808,10:14:37,10.0,--,110,110000,买盘
1809,10:14:33,10.0,--,38,38000,买盘
1810,10:14:28,10.0,0.01,1,1000,买盘
1811,10:14:23,9.99,-0.01,55,54945,卖盘
1812,10:14:18,10.0,-0.01,15,15690,卖盘
1813,10:14:13,10.01,--,30,30030,买盘
1814,10:14:08,10.01,0.01,1227,1228227,买盘
1815,10:14:02,10.0,--,3,3000,卖盘
1816,10:13:58,10.0,--,67,67000,卖盘
1817,10:13:48,10.0,--,3,3000,卖盘
1818,10:13:38,10.0,--,58,58000,卖盘
1819,10:13:33,10.0,--,11,11000,卖盘
1820,10:13:23,10.0,--,20,20000,卖盘
1821,10:13:12,10.0,--,29,29000,卖盘
1822,10:13:07,10.0,--,68,68000,卖盘
1823,10:13:02,10.0,--,4,4000,卖盘
1824,10:12:53,10.0,-0.01,6,6770,卖盘
1825,10:12:47,10.01,0.01,52,52052,买盘
1826,10:12:42,10.0,-0.01,20,20350,卖盘
1827,10:12:37,10.01,0.01,3,3003,买盘
1828,10:12:23,10.0,--,23,23000,卖盘
1829,10:12:17,10.0,--,18,18190,买盘
1830,10:12:12,10.0,--,56,56000,买盘
1831,10:12:08,10.0,0.01,1,1000,买盘
1832,10:12:02,9.99,-0.01,30,30129,卖盘
1833,10:11:57,10.0,--,27,27000,买盘
1834,10:11:53,10.0,-0.01,1021,1021810,卖盘
1835,10:11:47,10.01,0.01,13,13013,买盘
1836,10:11:42,10.0,-0.01,1020,1020000,卖盘
1837,10:11:32,10.01,--,316,316316,买盘
1838,10:11:27,10.01,0.01,10,10010,买盘
1839,10:11:21,10.0,-0.01,14,14000,卖盘
1840,10:11:17,10.01,-0.02,279,280129,卖盘
1841,10:11:07,10.03,0.02,13,13039,买盘
1842,10:11:02,10.01,-0.02,125,125125,卖盘
1843,10:10:57,10.03,0.02,1067,1070201,买盘
1844,10:10:47,10.01,--,4,4004,卖盘
1845,10:10:37,10.01,--,28,28028,卖盘
1846,10:10:32,10.01,--,72,72072,卖盘
1847,10:10:27,10.01,--,70,70070,卖盘
1848,10:10:16,10.01,-0.01,101,101101,卖盘
1849,10:10:12,10.02,--,111,111292,卖盘
1850,10:10:07,10.02,--,68,68136,卖盘
1851,10:10:01,10.02,--,3,3006,卖盘
1852,10:09:57,10.02,--,50,50100,卖盘
1853,10:09:51,10.02,--,17,17034,卖盘
1854,10:09:46,10.02,-0.01,58,58116,卖盘
1855,10:09:42,10.03,0.01,5,5015,买盘
1856,10:09:31,10.02,--,127,128205,卖盘
1857,10:09:27,10.02,--,33,33066,卖盘
1858,10:09:22,10.02,--,18,18036,卖盘
1859,10:09:16,10.02,--,151,151302,卖盘
1860,10:09:12,10.02,--,10,10020,卖盘
1861,10:09:07,10.02,--,17,17034,卖盘
1862,10:09:01,10.02,--,174,174348,卖盘
1863,10:08:57,10.02,--,51,51102,卖盘
1864,10:08:51,10.02,--,80,81141,卖盘
1865,10:08:46,10.02,-0.01,50,50100,卖盘
1866,10:08:42,10.03,--,97,97621,卖盘
1867,10:08:36,10.03,0.01,2,2678,买盘
1868,10:08:31,10.02,-0.01,17,17364,卖盘
1869,10:08:27,10.03,--,40,40792,买盘
1870,10:08:22,10.03,--,31,31423,卖盘
1871,10:08:16,10.03,--,29,29086,卖盘
1872,10:08:12,10.03,-0.01,17,17051,卖盘
1873,10:08:07,10.04,0.01,1,1003,买盘
1874,10:08:02,10.03,--,53,53159,卖盘
1875,10:07:57,10.03,--,49,49147,卖盘
1876,10:07:52,10.03,--,0,80,卖盘
1877,10:07:46,10.03,--,20,20060,卖盘
1878,10:07:37,10.03,--,3,3009,卖盘
1879,10:07:31,10.03,--,1,1002,卖盘
1880,10:07:27,10.03,-0.01,3,3009,卖盘
1881,10:07:16,10.04,0.01,5,5020,买盘
1882,10:07:01,10.03,--,28,28084,卖盘
1883,10:06:56,10.03,--,49,49147,卖盘
1884,10:06:47,10.03,--,3,3009,卖盘
1885,10:06:36,10.03,--,8,8023,卖盘
1886,10:06:26,10.03,--,3,3009,卖盘
1887,10:06:22,10.03,--,15,15044,卖盘
1888,10:06:12,10.03,-0.01,24,24663,卖盘
1889,10:06:06,10.04,0.01,17,17068,买盘
1890,10:06:01,10.03,--,26,26078,卖盘
1891,10:05:56,10.03,--,56,56168,卖盘
1892,10:05:51,10.03,--,1,1002,卖盘
1893,10:05:47,10.03,--,3,3009,卖盘
1894,10:05:42,10.03,--,1,1002,卖盘
1895,10:05:36,10.03,--,58,58173,卖盘
1896,10:05:26,10.03,0.01,3,3009,中性盘
1897,10:05:21,10.02,--,10,10020,卖盘
1898,10:05:16,10.02,--,0,0,卖盘
1899,10:05:01,10.02,-0.04,3,3006,卖盘
1900,10:04:56,10.06,--,0,0,买盘
1901,10:04:46,10.06,0.04,23,23138,买盘
1902,10:04:36,10.02,--,38,38076,卖盘
1903,10:04:31,10.02,-0.01,64,64128,卖盘
1904,10:04:26,10.03,0.01,9,9027,中性盘
1905,10:04:16,10.02,-0.05,1,1002,中性盘
1906,10:04:11,10.07,0.05,4000,4028000,买盘
1907,10:04:06,10.02,0.01,4,4008,买盘
1908,10:04:01,10.01,--,48,48198,卖盘
1909,10:03:56,10.01,--,13,13013,卖盘
1910,10:03:51,10.01,--,10,10010,卖盘
1911,10:03:46,10.01,--,31,31031,卖盘
1912,10:03:36,10.01,--,55,55055,卖盘
1913,10:03:26,10.01,--,3,3003,卖盘
1914,10:03:16,10.01,0.01,14,14014,卖盘
1915,10:03:11,10.0,--,0,0,卖盘
1916,10:03:06,10.0,-0.01,56,56000,卖盘
1917,10:02:56,10.01,--,77,77077,卖盘
1918,10:02:51,10.01,--,64,64064,卖盘
1919,10:02:46,10.01,--,3,3003,卖盘
1920,10:02:41,10.01,0.01,112,112112,卖盘
1921,10:02:31,10.0,--,0,0,卖盘
1922,10:02:26,10.0,-0.01,108,108000,卖盘
1923,10:02:21,10.01,--,70,70070,卖盘
1924,10:02:16,10.01,--,84,84084,卖盘
1925,10:02:11,10.01,-0.01,58,58058,卖盘
1926,10:02:06,10.02,0.01,84,84168,买盘
1927,10:02:01,10.01,--,24,24694,卖盘
1928,10:01:55,10.01,--,105,105105,卖盘
1929,10:01:51,10.01,--,135,135135,卖盘
1930,10:01:46,10.01,--,3,3003,卖盘
1931,10:01:36,10.01,--,4,4604,卖盘
1932,10:01:31,10.01,--,49,49049,卖盘
1933,10:01:25,10.01,--,330,330330,卖盘
1934,10:01:21,10.01,--,105,105105,卖盘
1935,10:01:16,10.01,--,49,49049,卖盘
1936,10:01:10,10.01,-0.01,500,500500,卖盘
1937,10:01:06,10.02,0.01,30,30060,买盘
1938,10:00:50,10.01,--,50,50050,卖盘
1939,10:00:40,10.01,-0.01,55,55835,卖盘
1940,10:00:35,10.02,--,40,40080,卖盘
1941,10:00:25,10.02,--,152,152304,卖盘
1942,10:00:20,10.02,--,50,50100,卖盘
1943,10:00:10,10.02,--,68,68136,卖盘
1944,10:00:05,10.02,--,142,142284,卖盘
1945,10:00:01,10.02,--,8,8016,卖盘
1946,09:59:40,10.02,--,55,55110,卖盘
1947,09:59:25,10.02,-0.01,18,18036,卖盘
1948,09:59:20,10.03,0.01,70,70210,买盘
1949,09:59:16,10.02,-0.01,2,2004,卖盘
1950,09:59:10,10.03,--,22,22066,买盘
1951,09:59:05,10.03,--,11,11033,买盘
1952,09:58:50,10.03,0.01,2,2005,买盘
1953,09:58:40,10.02,--,6,6012,卖盘
1954,09:58:35,10.02,--,8,8016,卖盘
1955,09:58:25,10.02,--,18,18036,卖盘
1956,09:57:40,10.02,--,3,3006,卖盘
1957,09:57:15,10.02,--,13,13026,卖盘
1958,09:57:10,10.02,-0.01,42,42084,卖盘
1959,09:57:05,10.03,0.01,66,66198,买盘
1960,09:57:00,10.02,0.01,69,69138,买盘
1961,09:56:54,10.01,--,60,60060,卖盘
1962,09:56:50,10.01,--,16,16016,卖盘
1963,09:56:45,10.01,-0.01,115,115115,卖盘
1964,09:56:39,10.02,0.01,142,142284,买盘
1965,09:56:35,10.01,--,35,35035,卖盘
1966,09:56:24,10.01,--,18,18018,卖盘
1967,09:56:15,10.01,--,37,37037,卖盘
1968,09:55:50,10.01,--,4,4004,卖盘
1969,09:55:39,10.01,--,8,8008,卖盘
1970,09:55:35,10.01,--,60,60060,卖盘
1971,09:55:30,10.01,-0.01,15,15015,卖盘
1972,09:55:20,10.02,--,20,20040,买盘
1973,09:55:15,10.02,--,5,5010,买盘
1974,09:55:05,10.02,0.01,1,1002,买盘
1975,09:55:00,10.01,--,72,72072,卖盘
1976,09:54:45,10.01,--,60,60060,卖盘
1977,09:54:39,10.01,-0.01,7,7297,卖盘
1978,09:54:35,10.02,--,22,22044,买盘
1979,09:54:20,10.02,0.01,1,1002,买盘
1980,09:54:15,10.01,-0.01,5,5005,卖盘
1981,09:53:55,10.02,--,20,20040,买盘
1982,09:53:24,10.02,--,56,56112,买盘
1983,09:53:19,10.02,0.01,29,29058,买盘
1984,09:53:04,10.01,0.01,2,2002,买盘
1985,09:53:00,10.0,--,66,66000,卖盘
1986,09:52:54,10.0,-0.01,7,7000,卖盘
1987,09:52:44,10.01,0.01,5,5005,买盘
1988,09:52:19,10.0,--,15,15000,卖盘
1989,09:52:04,10.0,--,0,0,卖盘
1990,09:51:34,10.0,-0.02,654,654000,卖盘
1991,09:51:04,10.02,0.01,356,356712,买盘
1992,09:50:59,10.01,--,30,30030,买盘
1993,09:50:49,10.01,--,4,4004,买盘
1994,09:50:44,10.01,--,10,10010,买盘
1995,09:50:34,10.01,--,25,25025,买盘
1996,09:50:29,10.01,--,64,64064,买盘
1997,09:50:19,10.01,0.01,119,119119,买盘
1998,09:50:14,10.0,-0.01,4,4000,卖盘
1999,09:50:09,10.01,--,20,20020,买盘
2000,09:50:04,10.01,--,32,32032,买盘
2001,09:49:59,10.01,--,2,2002,买盘
2002,09:49:44,10.01,--,113,113113,买盘
2003,09:49:39,10.01,--,50,50050,卖盘
2004,09:49:29,10.01,--,12,12012,买盘
2005,09:49:14,10.01,--,161,161411,买盘
2006,09:49:09,10.01,0.01,1,1001,买盘
2007,09:48:59,10.0,--,66,66000,卖盘
2008,09:48:48,10.0,--,2,2000,卖盘
2009,09:48:39,10.0,--,883,883600,买盘
2010,09:48:29,10.0,0.01,1,1000,买盘
2011,09:48:24,9.99,-0.01,54,53946,卖盘
2012,09:48:14,10.0,0.01,5,5000,买盘
2013,09:48:08,9.99,--,8,7992,卖盘
2014,09:48:03,9.99,--,24,23976,卖盘
2015,09:47:54,9.99,--,51,50949,卖盘
2016,09:47:44,9.99,-0.01,37,36963,卖盘
2017,09:47:39,10.0,--,100,100000,买盘
2018,09:47:33,10.0,0.01,21,21000,买盘
2019,09:47:28,9.99,-0.01,1,999,卖盘
2020,09:47:23,10.0,--,61,61000,买盘
2021,09:47:14,10.0,--,2,2000,买盘
2022,09:47:09,10.0,--,11,11000,买盘
2023,09:46:59,10.0,--,2,2000,买盘
2024,09:46:54,10.0,--,1086,1086400,卖盘
2025,09:46:44,10.0,--,7,7600,卖盘
2026,09:46:29,10.0,--,120,120000,卖盘
2027,09:46:14,10.0,--,2,2000,卖盘
2028,09:46:03,10.0,-0.01,3,3000,卖盘
2029,09:45:59,10.01,0.01,4,4004,买盘
2030,09:45:54,10.0,-0.01,104,104000,卖盘
2031,09:45:38,10.01,0.01,3,3003,买盘
2032,09:45:34,10.0,--,27,27000,卖盘
2033,09:45:28,10.0,--,13,13000,卖盘
2034,09:45:18,10.0,--,229,229220,买盘
2035,09:45:09,10.0,--,52,52000,买盘
2036,09:45:04,10.0,--,11,11000,买盘
2037,09:44:58,10.0,--,7,7000,买盘
2038,09:44:53,10.0,0.01,172,172000,买盘
2039,09:44:48,9.99,-0.01,1741,1739259,卖盘
2040,09:44:43,10.0,--,325,325000,买盘
2041,09:44:33,10.0,--,14,14000,买盘
2042,09:44:28,10.0,0.01,50,50000,买盘
2043,09:44:23,9.99,-0.01,35,34965,卖盘
2044,09:44:18,10.0,--,1,1000,买盘
2045,09:44:04,10.0,--,50,50000,买盘
2046,09:43:58,10.0,--,197,197000,买盘
2047,09:43:43,10.0,--,3,3000,买盘
2048,09:43:38,10.0,--,30,30000,买盘
2049,09:43:33,10.0,0.01,20,20000,买盘
2050,09:43:28,9.99,-0.01,27,26973,卖盘
2051,09:43:18,10.0,0.01,10,10000,买盘
2052,09:43:13,9.99,--,6,5994,卖盘
2053,09:43:08,9.99,-0.01,4,3996,卖盘
2054,09:42:58,10.0,0.01,178,178000,买盘
2055,09:42:53,9.99,--,15,14985,卖盘
2056,09:42:43,9.99,-0.01,62,61938,卖盘
2057,09:42:38,10.0,--,10,10000,买盘
2058,09:42:33,10.0,--,1,1000,买盘
2059,09:42:23,10.0,--,18,18000,买盘
2060,09:42:18,10.0,0.01,30,30000,买盘
2061,09:42:13,9.99,-0.01,20,19980,卖盘
2062,09:42:03,10.0,--,20,20000,买盘
2063,09:41:58,10.0,--,5,5000,买盘
2064,09:41:53,10.0,--,31,31000,买盘
2065,09:41:48,10.0,--,781,781780,卖盘
2066,09:41:33,10.0,--,42,42000,卖盘
2067,09:41:28,10.0,--,15,15000,卖盘
2068,09:41:13,10.0,--,20,20000,卖盘
2069,09:41:08,10.0,-0.01,27,27610,卖盘
2070,09:40:53,10.01,0.01,20,20020,买盘
2071,09:40:38,10.0,-0.01,1048,1048000,卖盘
2072,09:40:22,10.01,--,60,60060,买盘
2073,09:40:03,10.01,0.01,223,223223,买盘
2074,09:39:38,10.0,-0.01,4,4000,卖盘
2075,09:39:28,10.01,--,35,35035,买盘
2076,09:39:17,10.01,--,7,7007,买盘
2077,09:39:08,10.01,0.01,1,1001,买盘
2078,09:39:02,10.0,-0.01,4,4000,卖盘
2079,09:38:53,10.01,--,10,10010,买盘
2080,09:38:47,10.01,0.01,535,535535,买盘
2081,09:38:27,10.0,--,5,5000,卖盘
2082,09:38:23,10.0,-0.01,19,19000,卖盘
2083,09:38:17,10.01,--,20,20020,买盘
2084,09:38:08,10.01,0.01,517,517517,买盘
2085,09:38:02,10.0,--,4,4000,卖盘
2086,09:37:57,10.0,--,7,7000,卖盘
2087,09:37:52,10.0,--,14,14000,卖盘
2088,09:37:47,10.0,-0.01,60,60000,卖盘
2089,09:37:37,10.01,--,88,88088,买盘
2090,09:37:33,10.01,--,12,12012,买盘
2091,09:37:27,10.01,--,3,3003,买盘
2092,09:37:22,10.01,0.01,17,17017,买盘
2093,09:37:17,10.0,-0.01,56,56000,卖盘
2094,09:37:12,10.01,--,509,510119,买盘
2095,09:37:07,10.01,-0.01,132,132632,卖盘
2096,09:37:03,10.02,--,601,602202,买盘
2097,09:36:57,10.02,0.01,12,12024,买盘
2098,09:36:52,10.01,--,103,103603,卖盘
2099,09:36:48,10.01,--,17,17017,卖盘
2100,09:36:37,10.01,--,6,6006,卖盘
2101,09:36:17,10.01,--,189,189189,买盘
2102,09:36:12,10.01,--,20,20020,买盘
2103,09:36:07,10.01,-0.02,540,540540,卖盘
2104,09:36:02,10.03,0.01,25,25075,买盘
2105,09:35:57,10.02,0.02,8,8016,卖盘
2106,09:35:52,10.0,-0.01,50,50000,卖盘
2107,09:35:47,10.01,--,0,0,买盘
2108,09:35:42,10.01,--,528,529338,卖盘
2109,09:35:37,10.01,--,59,59059,卖盘
2110,09:35:32,10.01,-0.01,129,129129,卖盘
2111,09:35:22,10.02,--,200,200400,买盘
2112,09:35:17,10.02,--,41,41082,买盘
2113,09:35:11,10.02,0.01,30,30060,买盘
2114,09:35:07,10.01,--,56,56056,卖盘
2115,09:35:02,10.01,--,7,7007,卖盘
2116,09:34:47,10.01,-0.01,25,25025,卖盘
2117,09:34:42,10.02,--,584,585929,卖盘
2118,09:34:37,10.02,-0.01,2,2004,卖盘
2119,09:34:32,10.03,0.01,47,47141,买盘
2120,09:34:21,10.02,-0.01,59,59118,卖盘
2121,09:34:17,10.03,0.01,146,146438,买盘
2122,09:34:12,10.02,--,1,1002,卖盘
2123,09:34:06,10.02,--,5,5010,卖盘
2124,09:33:57,10.02,-0.01,10,10240,卖盘
2125,09:33:52,10.03,--,40,40120,买盘
2126,09:33:47,10.03,0.01,28,28084,买盘
2127,09:33:32,10.02,--,21,21042,卖盘
2128,09:33:27,10.02,-0.01,4,4008,卖盘
2129,09:33:17,10.03,--,35,35105,买盘
2130,09:33:12,10.03,0.01,1,1002,买盘
2131,09:33:06,10.02,--,7,7014,卖盘
2132,09:33:02,10.02,-0.01,5,5010,卖盘
2133,09:32:57,10.03,--,10,10030,买盘
2134,09:32:47,10.03,--,2,2005,买盘
2135,09:32:31,10.03,--,118,118353,卖盘
2136,09:32:26,10.03,--,18,18054,卖盘
2137,09:32:21,10.03,-0.01,10,10030,卖盘
2138,09:32:16,10.04,0.02,21,21084,买盘
2139,09:32:11,10.02,--,4,4008,卖盘
2140,09:32:02,10.02,--,18,18036,卖盘
2141,09:31:52,10.02,0.01,30,30080,买盘
2142,09:31:47,10.01,--,50,50050,卖盘
2143,09:31:41,10.01,--,100,100290,卖盘
2144,09:31:36,10.01,-0.01,3,3003,卖盘
2145,09:31:31,10.02,-0.02,533,534066,卖盘
2146,09:31:26,10.04,-0.01,5,5020,中性盘
2147,09:31:21,10.05,0.02,20,20100,买盘
2148,09:31:16,10.03,--,98,99096,卖盘
2149,09:31:11,10.03,-0.02,87,87261,卖盘
2150,09:31:06,10.05,0.02,1,1005,买盘
2151,09:31:02,10.03,-0.02,338,339014,卖盘
2152,09:30:56,10.05,--,91,91455,卖盘
2153,09:30:47,10.05,--,87,87435,买盘
2154,09:30:41,10.05,0.02,5,5025,买盘
2155,09:30:32,10.03,--,0,0,卖盘
2156,09:30:26,10.03,--,189,189567,卖盘
2157,09:30:16,10.03,-0.01,0,200,卖盘
2158,09:30:06,10.04,--,144,144576,买盘
2159,09:30:01,10.04,--,160,160640,买盘
2160,09:28:55,10.04,--,0,0,买盘
2161,09:25:08,10.04,10.04,249,249995,买盘
