,time,price,change,volume,amount,type
0,15:00:00,4.38,-0.01,0,0,卖盘
1,15:00:00,4.39,--,0,0,买盘
2,14:59:59,4.39,--,29,12730,买盘
3,14:59:54,4.39,--,28,12292,买盘
4,14:59:39,4.39,--,262,115017,买盘
5,14:59:33,4.39,0.01,68,29851,买盘
6,14:59:24,4.38,--,700,306600,卖盘
7,14:59:18,4.38,-0.01,65,28470,卖盘
8,14:59:09,4.39,--,9,3950,买盘
9,14:59:03,4.39,--,193,84727,买盘
10,14:58:54,4.39,0.01,291,127748,买盘
11,14:58:48,4.38,-0.01,67,29346,卖盘
12,14:58:39,4.39,--,68,29851,买盘
13,14:58:33,4.39,--,48,21072,买盘
14,14:58:29,4.39,0.01,1,438,买盘
15,14:58:24,4.38,--,20,8760,卖盘
16,14:58:18,4.38,--,7,3066,卖盘
17,14:58:03,4.38,-0.01,227,99426,卖盘
18,14:57:59,4.39,--,9,3950,买盘
19,14:57:54,4.39,0.01,1,438,买盘
20,14:57:48,4.38,-0.01,32,14016,卖盘
21,14:57:44,4.39,0.01,16,7023,买盘
22,14:57:39,4.38,-0.01,165,72270,卖盘
23,14:57:29,4.39,--,168,73752,买盘
24,14:57:24,4.39,0.01,203,89117,买盘
25,14:57:18,4.38,-0.02,123,53874,卖盘
26,14:57:14,4.4,0.01,50,22000,买盘
27,14:56:54,4.39,--,30,13169,卖盘
28,14:56:48,4.39,--,71,31168,卖盘
29,14:56:44,4.39,--,41,17999,买盘
30,14:56:39,4.39,--,20,8780,买盘
31,14:56:33,4.39,--,49,21511,卖盘
32,14:56:24,4.39,--,10,4390,卖盘
33,14:56:18,4.39,--,42,18438,卖盘
34,14:56:13,4.39,--,3,1317,卖盘
35,14:56:09,4.39,--,40,17560,买盘
36,14:56:03,4.39,0.01,3,1317,买盘
37,14:55:54,4.38,--,85,37230,卖盘
38,14:55:48,4.38,-0.02,7,3066,卖盘
39,14:55:38,4.4,0.01,106,46640,买盘
40,14:55:33,4.39,--,1,438,卖盘
41,14:55:24,4.39,0.01,34,14925,买盘
42,14:55:18,4.38,-0.02,18,7884,卖盘
43,14:55:08,4.4,--,0,0,买盘
44,14:55:03,4.4,0.01,142,62480,买盘
45,14:54:58,4.39,0.01,42,18438,卖盘
46,14:54:53,4.38,--,0,0,卖盘
47,14:54:48,4.38,-0.01,219,96005,卖盘
48,14:54:33,4.39,-0.01,30,13169,卖盘
49,14:54:23,4.4,0.02,45,19800,买盘
50,14:54:18,4.38,-0.01,16,7008,卖盘
51,14:54:13,4.39,--,21,9219,买盘
52,14:54:08,4.39,--,9,3950,卖盘
53,14:54:03,4.39,-0.01,2,877,卖盘
54,14:53:58,4.4,0.02,80,35200,买盘
55,14:53:48,4.38,--,8,3504,卖盘
56,14:53:43,4.38,-0.02,2,876,卖盘
57,14:53:38,4.4,0.02,64,28160,买盘
58,14:53:33,4.38,-0.01,78,34164,卖盘
59,14:53:18,4.39,-0.01,210,92190,中性盘
60,14:52:57,4.4,0.01,101,44440,买盘
61,14:52:53,4.39,--,141,62149,卖盘
62,14:52:48,4.39,--,47,20633,卖盘
63,14:52:43,4.39,--,100,43900,卖盘
64,14:52:38,4.39,--,30,13169,卖盘
65,14:52:33,4.39,--,22,9658,卖盘
66,14:52:28,4.39,--,125,54874,卖盘
67,14:52:23,4.39,--,530,232669,卖盘
68,14:52:18,4.39,--,42,18438,卖盘
69,14:52:13,4.39,--,2,877,卖盘
70,14:52:03,4.39,-0.01,410,179990,卖盘
71,14:51:58,4.4,--,30,13200,买盘
72,14:51:53,4.4,0.01,242,106669,买盘
73,14:51:48,4.39,--,27,11853,卖盘
74,14:51:42,4.39,--,9,3950,卖盘
75,14:51:38,4.39,--,4,1755,卖盘
76,14:51:33,4.39,-0.01,18,7901,卖盘
77,14:51:23,4.4,0.01,26,11440,买盘
78,14:51:18,4.39,-0.01,7,3073,卖盘
79,14:51:08,4.4,--,80,35200,买盘
80,14:50:57,4.4,0.01,142,62480,买盘
81,14:50:53,4.39,--,20,8780,卖盘
82,14:50:48,4.39,-0.01,8,3511,卖盘
83,14:50:38,4.4,0.01,3,1320,买盘
84,14:50:27,4.39,--,26,11414,卖盘
85,14:50:18,4.39,-0.01,7,3073,卖盘
86,14:50:03,4.4,--,23,10120,买盘
87,14:49:57,4.4,--,200,88000,买盘
88,14:49:53,4.4,0.01,71,31240,买盘
89,14:49:48,4.39,-0.01,7,3073,卖盘
90,14:49:27,4.4,--,11,4840,买盘
91,14:49:23,4.4,0.01,10,4400,买盘
92,14:49:18,4.39,-0.01,8,3511,卖盘
93,14:48:52,4.4,0.01,71,31240,买盘
94,14:48:48,4.39,--,7,3073,卖盘
95,14:48:42,4.39,--,1,438,卖盘
96,14:48:32,4.39,--,8,3511,卖盘
97,14:48:17,4.39,--,7,3073,卖盘
98,14:48:02,4.39,0.01,135,59264,买盘
99,14:47:57,4.38,-0.01,15,6570,卖盘
100,14:47:52,4.39,0.01,30,13169,买盘
101,14:47:48,4.38,--,48,21024,卖盘
102,14:47:27,4.38,--,0,0,卖盘
103,14:47:17,4.38,--,8,3504,卖盘
104,14:47:12,4.38,-0.01,50,21900,卖盘
105,14:47:03,4.39,0.01,4,1755,买盘
106,14:46:47,4.38,-0.01,80,35040,卖盘
107,14:46:42,4.39,--,5,2195,买盘
108,14:46:32,4.39,--,1,438,买盘
109,14:46:27,4.39,0.01,10,4390,买盘
110,14:46:17,4.38,-0.01,18,7884,卖盘
111,14:45:57,4.39,0.01,11,4829,买盘
112,14:45:47,4.38,--,83,36354,卖盘
113,14:45:42,4.38,-0.01,14,6132,卖盘
114,14:45:27,4.39,--,92,40388,买盘
115,14:45:22,4.39,--,875,384125,卖盘
116,14:45:17,4.39,--,33,14486,卖盘
117,14:44:57,4.39,--,9,3950,卖盘
118,14:44:47,4.39,--,173,75947,卖盘
119,14:44:41,4.39,-0.01,20,8780,卖盘
120,14:44:32,4.4,0.01,6,2640,买盘
121,14:44:27,4.39,--,4,1755,卖盘
122,14:44:06,4.39,-0.01,20,8780,卖盘
123,14:44:02,4.4,--,5,2200,买盘
124,14:43:51,4.4,--,22,9680,买盘
125,14:43:47,4.4,--,71,31240,买盘
126,14:43:41,4.4,0.01,20,8800,买盘
127,14:43:32,4.39,--,1,438,卖盘
128,14:43:26,4.39,-0.01,202,88678,卖盘
129,14:43:17,4.4,--,50,22000,买盘
130,14:43:12,4.4,--,2,880,买盘
131,14:43:06,4.4,--,5,2200,买盘
132,14:43:02,4.4,0.01,22,9680,买盘
133,14:42:56,4.39,-0.01,559,245400,卖盘
134,14:42:47,4.4,0.01,30,13200,买盘
135,14:42:41,4.39,--,48,21072,买盘
136,14:42:36,4.39,0.01,2,877,买盘
137,14:42:32,4.38,-0.02,2,876,卖盘
138,14:42:21,4.4,0.02,8,3520,买盘
139,14:42:11,4.38,-0.02,3,1314,卖盘
140,14:42:02,4.4,0.02,82,36080,买盘
141,14:41:56,4.38,--,2,876,卖盘
142,14:41:51,4.38,-0.02,5,2190,卖盘
143,14:41:47,4.4,--,30,13200,买盘
144,14:41:41,4.4,0.02,41,18040,买盘
145,14:41:32,4.38,--,1,438,卖盘
146,14:41:11,4.38,--,1,438,卖盘
147,14:41:02,4.38,--,1,438,卖盘
148,14:40:56,4.38,--,11,4818,卖盘
149,14:40:51,4.38,-0.02,30,13140,卖盘
150,14:40:46,4.4,--,25,11000,买盘
151,14:40:41,4.4,0.02,71,31240,买盘
152,14:40:32,4.38,--,1,438,卖盘
153,14:40:21,4.38,-0.01,86,37668,卖盘
154,14:39:56,4.39,--,34,14925,卖盘
155,14:39:51,4.39,--,118,52153,买盘
156,14:39:41,4.39,0.01,71,31168,买盘
157,14:39:36,4.38,--,20,8760,卖盘
158,14:39:31,4.38,-0.01,81,35478,卖盘
159,14:39:26,4.39,-0.01,730,320557,卖盘
160,14:39:21,4.4,0.01,114,50160,买盘
161,14:39:16,4.39,-0.01,30,13169,卖盘
162,14:38:46,4.4,0.01,1,440,买盘
163,14:38:41,4.39,-0.01,32,14047,卖盘
164,14:38:36,4.4,0.01,46,20240,买盘
165,14:38:31,4.39,--,2,877,卖盘
166,14:38:26,4.39,-0.01,27,11853,卖盘
167,14:38:16,4.4,--,10,4400,买盘
168,14:38:01,4.4,--,2,880,买盘
169,14:37:35,4.4,0.01,174,76560,买盘
170,14:37:30,4.39,-0.01,1,438,卖盘
171,14:37:26,4.4,--,22,9680,买盘
172,14:37:20,4.4,--,1,440,买盘
173,14:37:11,4.4,--,3,1320,买盘
174,14:37:05,4.4,0.01,4,1760,买盘
175,14:37:00,4.39,-0.01,45,19755,卖盘
176,14:36:56,4.4,0.01,2,880,买盘
177,14:36:50,4.39,--,66,28973,卖盘
178,14:36:45,4.39,-0.01,100,43900,卖盘
179,14:36:35,4.4,0.01,76,33440,买盘
180,14:36:30,4.39,-0.01,4,1755,卖盘
181,14:35:56,4.4,0.01,10,4400,买盘
182,14:35:45,4.39,-0.01,50,21950,卖盘
183,14:35:35,4.4,0.01,76,33440,买盘
184,14:35:30,4.39,--,2,877,卖盘
185,14:35:05,4.39,-0.01,29,12730,卖盘
186,14:34:56,4.4,0.01,20,8800,买盘
187,14:34:50,4.39,-0.01,102,44778,卖盘
188,14:34:45,4.4,--,30,13200,买盘
189,14:34:35,4.4,0.01,82,36080,买盘
190,14:34:30,4.39,-0.01,1,438,卖盘
191,14:34:25,4.4,--,96,42240,卖盘
192,14:34:05,4.4,--,9,3960,卖盘
193,14:33:50,4.4,-0.01,10,4400,卖盘
194,14:33:35,4.41,--,0,0,买盘
195,14:33:30,4.41,0.01,147,64827,买盘
196,14:33:25,4.4,--,8,3520,卖盘
197,14:33:15,4.4,--,35,15400,卖盘
198,14:33:10,4.4,--,1,440,卖盘
199,14:33:05,4.4,--,238,104720,卖盘
200,14:33:00,4.4,-0.01,1,440,卖盘
201,14:32:30,4.41,0.01,214,94374,买盘
202,14:32:25,4.4,-0.01,47,20680,卖盘
203,14:32:20,4.41,0.01,11,4851,买盘
204,14:32:10,4.4,--,3,1320,卖盘
205,14:31:55,4.4,--,7,3080,卖盘
206,14:31:35,4.4,--,4,1760,卖盘
207,14:31:30,4.4,-0.01,124,54560,卖盘
208,14:31:14,4.41,0.01,1,441,买盘
209,14:30:59,4.4,-0.01,99,43560,卖盘
210,14:30:50,4.41,0.01,201,88641,买盘
211,14:30:29,4.4,-0.01,31,13640,卖盘
212,14:30:25,4.41,0.01,41,18081,买盘
213,14:29:59,4.4,-0.02,7,3080,卖盘
214,14:29:55,4.42,--,1,442,买盘
215,14:29:50,4.42,--,13,5746,买盘
216,14:29:44,4.42,0.02,12,5304,买盘
217,14:29:35,4.4,--,5,2200,卖盘
218,14:29:29,4.4,-0.02,13,5720,卖盘
219,14:29:25,4.42,0.02,71,31382,买盘
220,14:29:20,4.4,-0.02,8,3520,卖盘
221,14:29:14,4.42,0.02,28,12376,买盘
222,14:29:05,4.4,-0.01,24,10560,卖盘
223,14:28:59,4.41,--,1,441,卖盘
224,14:28:54,4.41,--,8,3528,买盘
225,14:28:50,4.41,--,17,7497,买盘
226,14:28:44,4.41,--,13,5733,买盘
227,14:28:35,4.41,0.01,12,5292,买盘
228,14:28:29,4.4,-0.01,11,4840,卖盘
229,14:28:24,4.41,--,71,31311,买盘
230,14:28:20,4.41,--,16,7056,买盘
231,14:28:05,4.41,--,13,5733,买盘
232,14:27:59,4.41,--,13,5733,买盘
233,14:27:50,4.41,--,5,2205,买盘
234,14:27:44,4.41,--,15,6615,买盘
235,14:27:34,4.41,0.01,12,5292,买盘
236,14:27:29,4.4,-0.02,10,4400,卖盘
237,14:27:24,4.42,--,13,5746,买盘
238,14:27:19,4.42,--,71,31382,买盘
239,14:27:04,4.42,--,15,6630,买盘
240,14:26:59,4.42,0.01,12,5304,买盘
241,14:26:54,4.41,-0.01,10,4410,卖盘
242,14:26:44,4.42,0.01,12,5304,买盘
243,14:26:29,4.41,--,26,11466,卖盘
244,14:26:24,4.41,-0.01,5,2205,卖盘
245,14:26:19,4.42,0.02,151,66742,买盘
246,14:26:09,4.4,-0.01,14,6160,卖盘
247,14:26:04,4.41,--,7,3087,买盘
248,14:25:59,4.41,--,12,5292,买盘
249,14:25:49,4.41,--,13,5733,买盘
250,14:25:44,4.41,--,1,441,买盘
251,14:25:39,4.41,-0.01,3,1323,卖盘
252,14:25:29,4.42,--,29,12818,买盘
253,14:25:24,4.42,--,62,27404,买盘
254,14:25:19,4.42,--,71,31382,买盘
255,14:25:09,4.42,--,14,6188,买盘
256,14:24:54,4.42,0.01,26,11492,买盘
257,14:24:49,4.41,--,35,15435,买盘
258,14:24:44,4.41,0.01,56,24696,买盘
259,14:24:39,4.4,-0.01,3,1320,卖盘
260,14:24:34,4.41,0.01,12,5292,买盘
261,14:24:29,4.4,--,28,12320,卖盘
262,14:24:24,4.4,-0.01,63,27720,卖盘
263,14:24:19,4.41,--,73,32193,买盘
264,14:24:14,4.41,--,19,8379,买盘
265,14:24:09,4.41,--,2,882,买盘
266,14:23:59,4.41,--,13,5733,买盘
267,14:23:54,4.41,--,13,5733,买盘
268,14:23:39,4.41,--,12,5292,买盘
269,14:23:29,4.41,--,13,5733,卖盘
270,14:23:24,4.41,-0.01,200,88200,中性盘
271,14:23:19,4.42,--,30,13260,买盘
272,14:23:14,4.42,--,76,33592,买盘
273,14:23:04,4.42,--,16,7072,买盘
274,14:22:59,4.42,--,18,7956,买盘
275,14:22:44,4.42,0.01,75,33150,买盘
276,14:22:38,4.41,--,2,882,买盘
277,14:22:34,4.41,-0.01,3,1323,卖盘
278,14:22:23,4.42,--,13,5746,买盘
279,14:22:14,4.42,0.01,73,32266,买盘
280,14:22:08,4.41,--,13,5733,买盘
281,14:22:04,4.41,--,61,26901,买盘
282,14:21:44,4.41,--,12,5292,买盘
283,14:21:34,4.41,0.01,13,5733,买盘
284,14:21:29,4.4,-0.02,62,27280,卖盘
285,14:21:14,4.42,0.01,84,37128,买盘
286,14:21:08,4.41,--,2,882,买盘
287,14:21:03,4.41,--,4,1764,买盘
288,14:20:58,4.41,-0.01,13,5733,买盘
289,14:20:53,4.42,--,12,5304,买盘
290,14:20:38,4.42,0.01,13,5746,买盘
291,14:20:29,4.41,--,2,882,卖盘
292,14:20:23,4.41,0.01,20,8820,买盘
293,14:20:18,4.4,-0.02,50,22000,卖盘
294,14:20:14,4.42,0.01,104,45968,买盘
295,14:19:58,4.41,--,12,5292,买盘
296,14:19:53,4.41,--,13,5733,买盘
297,14:19:48,4.41,--,212,93492,买盘
298,14:19:44,4.41,0.02,13,5733,买盘
299,14:19:38,4.39,--,0,0,卖盘
300,14:19:33,4.39,-0.01,7,3073,卖盘
301,14:19:23,4.4,0.01,8,3520,中性盘
302,14:19:18,4.39,-0.02,179,78932,卖盘
303,14:19:13,4.41,--,121,53361,买盘
304,14:19:08,4.41,0.01,12,5292,买盘
305,14:19:03,4.4,-0.01,5,2200,卖盘
306,14:18:48,4.41,--,15,6615,买盘
307,14:18:43,4.41,0.01,12,5292,买盘
308,14:18:33,4.4,--,85,37400,买盘
309,14:18:28,4.4,-0.01,15,6600,买盘
310,14:18:13,4.41,--,43,18963,买盘
311,14:18:08,4.41,--,55,24255,买盘
312,14:17:58,4.41,0.01,9,3969,买盘
313,14:17:53,4.4,-0.01,44,19360,卖盘
314,14:17:38,4.41,--,12,5292,买盘
315,14:17:33,4.41,--,12,5292,买盘
316,14:17:13,4.41,--,12,5292,买盘
317,14:17:08,4.41,0.01,93,41013,买盘
318,14:17:03,4.4,0.01,13,5720,买盘
319,14:16:43,4.39,--,1,438,买盘
320,14:16:38,4.39,--,12,5268,买盘
321,14:16:33,4.39,--,11,4829,卖盘
322,14:16:28,4.39,-0.01,7,3073,卖盘
323,14:16:23,4.4,0.01,12,5280,买盘
324,14:16:18,4.39,-0.01,1,438,卖盘
325,14:16:13,4.4,--,16,7040,买盘
326,14:16:08,4.4,0.02,13,5720,买盘
327,14:15:53,4.38,--,0,0,卖盘
328,14:15:48,4.38,-0.02,14,6132,卖盘
329,14:15:38,4.4,--,28,12320,卖盘
330,14:15:33,4.4,0.01,4,1760,买盘
331,14:15:28,4.39,-0.02,178,78142,卖盘
332,14:15:23,4.41,--,0,0,买盘
333,14:15:08,4.41,0.01,19,8379,买盘
334,14:15:02,4.4,--,5,2200,买盘
335,14:14:58,4.4,--,0,0,中性盘
336,14:14:53,4.4,-0.01,269,118360,卖盘
337,14:14:38,4.41,--,14,6174,买盘
338,14:14:32,4.41,--,12,5292,买盘
339,14:14:17,4.41,--,13,5733,买盘
340,14:14:08,4.41,--,9,3969,买盘
341,14:14:02,4.41,--,13,5733,买盘
342,14:13:58,4.41,--,12,5292,买盘
343,14:13:38,4.41,--,13,5733,买盘
344,14:13:32,4.41,--,20,8820,买盘
345,14:13:22,4.41,--,27,11907,买盘
346,14:13:12,4.41,--,3,1323,买盘
347,14:13:02,4.41,--,12,5292,买盘
348,14:12:53,4.41,--,13,5733,买盘
349,14:12:47,4.41,--,12,5292,买盘
350,14:12:32,4.41,--,13,5733,买盘
351,14:12:17,4.41,0.01,14,6174,买盘
352,14:12:12,4.4,-0.01,20,8800,卖盘
353,14:12:07,4.41,--,13,5733,买盘
354,14:11:52,4.41,0.01,12,5292,买盘
355,14:11:42,4.4,-0.01,8,3520,卖盘
356,14:11:37,4.41,--,76,33516,买盘
357,14:11:27,4.41,--,4,1764,买盘
358,14:11:22,4.41,--,19,8379,买盘
359,14:11:17,4.41,--,12,5292,买盘
360,14:11:12,4.41,--,45,19845,买盘
361,14:11:07,4.41,--,23,10143,买盘
362,14:11:02,4.41,--,25,11025,买盘
363,14:10:47,4.41,--,191,84231,买盘
364,14:10:42,4.41,--,15,6615,买盘
365,14:10:37,4.41,--,26,11466,买盘
366,14:10:32,4.41,--,16,7056,买盘
367,14:10:22,4.41,0.01,13,5733,买盘
368,14:10:02,4.4,--,15,6600,买盘
369,14:09:57,4.4,--,5,2200,买盘
370,14:09:52,4.4,--,305,134200,买盘
371,14:09:37,4.4,--,100,44000,买盘
372,14:09:32,4.4,--,134,58960,买盘
373,14:09:17,4.4,--,55,24200,买盘
374,14:09:07,4.4,--,5,2200,买盘
375,14:09:02,4.4,0.01,213,93720,买盘
376,14:08:42,4.39,-0.01,165,72435,卖盘
377,14:08:27,4.4,0.01,5,2200,买盘
378,14:08:07,4.39,--,298,130966,买盘
379,14:07:52,4.39,--,120,52679,买盘
380,14:07:42,4.39,--,195,85605,买盘
381,14:07:32,4.39,0.01,182,79898,买盘
382,14:07:26,4.38,0.01,16,7008,买盘
383,14:07:11,4.37,-0.01,13,5681,卖盘
384,14:06:47,4.38,--,42,18396,买盘
385,14:06:37,4.38,--,50,21900,买盘
386,14:06:17,4.38,-0.01,206,90228,卖盘
387,14:06:11,4.39,0.01,78,34242,买盘
388,14:05:56,4.38,-0.01,17,7446,卖盘
389,14:05:26,4.39,--,1853,813761,卖盘
390,14:05:06,4.39,--,102,44778,卖盘
391,14:05:01,4.39,--,2,877,卖盘
392,14:04:56,4.39,--,2,877,卖盘
393,14:04:36,4.39,-0.01,7,3073,卖盘
394,14:03:41,4.4,--,5,2200,买盘
395,14:03:26,4.4,--,30,13200,买盘
396,14:03:21,4.4,0.01,90,39600,买盘
397,14:03:11,4.39,--,9,3950,卖盘
398,14:03:06,4.39,-0.01,1,438,卖盘
399,14:03:01,4.4,--,205,90200,买盘
400,14:02:41,4.4,0.01,10,4400,买盘
401,14:02:16,4.39,--,5,2195,卖盘
402,14:02:11,4.39,--,260,114139,卖盘
403,14:01:46,4.39,-0.01,3,1317,卖盘
404,14:01:41,4.4,--,12,5280,卖盘
405,14:01:36,4.4,--,10,4400,卖盘
406,14:01:26,4.4,--,50,22000,卖盘
407,14:01:21,4.4,--,10,4400,卖盘
408,14:00:36,4.4,--,33,14520,卖盘
409,14:00:26,4.4,--,5,2200,卖盘
410,13:59:56,4.4,--,5,2200,卖盘
411,13:59:46,4.4,--,110,48400,卖盘
412,13:58:35,4.4,--,10,4400,卖盘
413,13:58:31,4.4,--,1,440,卖盘
414,13:58:26,4.4,--,22,9680,卖盘
415,13:58:20,4.4,-0.01,19,8360,卖盘
416,13:58:05,4.41,0.01,5,2205,买盘
417,13:57:35,4.4,-0.01,1,440,卖盘
418,13:56:45,4.41,0.01,13,5733,买盘
419,13:56:40,4.4,--,14,6160,买盘
420,13:56:25,4.4,--,6,2640,卖盘
421,13:56:20,4.4,--,131,57640,卖盘
422,13:55:50,4.4,--,4,1760,卖盘
423,13:55:45,4.4,-0.01,11,4840,卖盘
424,13:55:35,4.41,0.01,15,6615,买盘
425,13:55:10,4.4,-0.01,1,440,卖盘
426,13:54:45,4.41,0.01,30,13230,买盘
427,13:53:40,4.4,--,20,8800,卖盘
428,13:53:00,4.4,-0.01,20,8800,卖盘
429,13:52:35,4.41,0.01,3,1323,买盘
430,13:52:10,4.4,0.01,5,2200,卖盘
431,13:51:49,4.39,-0.02,165,72435,卖盘
432,13:51:40,4.41,0.01,182,80262,买盘
433,13:51:20,4.4,--,10,4400,卖盘
434,13:51:05,4.4,--,15,6600,卖盘
435,13:50:54,4.4,--,10,4400,卖盘
436,13:50:34,4.4,0.01,175,77000,买盘
437,13:50:14,4.39,--,32,14047,卖盘
438,13:49:34,4.39,--,6,2634,卖盘
439,13:49:09,4.39,--,9,3950,卖盘
440,13:49:04,4.39,--,3,1317,卖盘
441,13:48:44,4.39,--,58,25461,卖盘
442,13:48:34,4.39,--,30,13169,卖盘
443,13:48:24,4.39,-0.01,64,28095,卖盘
444,13:47:59,4.4,0.01,30,13200,卖盘
445,13:47:44,4.39,--,0,0,卖盘
446,13:47:24,4.39,-0.01,246,107993,卖盘
447,13:47:19,4.4,--,36,15840,卖盘
448,13:47:04,4.4,--,170,74800,卖盘
449,13:46:59,4.4,--,22,9680,卖盘
450,13:46:49,4.4,--,5,2200,卖盘
451,13:46:44,4.4,--,50,22000,卖盘
452,13:46:19,4.4,-0.01,12,5280,卖盘
453,13:46:14,4.41,0.01,3,1323,买盘
454,13:45:59,4.4,--,80,35200,卖盘
455,13:45:49,4.4,-0.01,10,4400,卖盘
456,13:45:44,4.41,0.01,2,882,买盘
457,13:45:04,4.4,-0.01,108,47520,卖盘
458,13:44:19,4.41,--,10,4410,买盘
459,13:43:53,4.41,--,15,6663,卖盘
460,13:43:49,4.41,--,50,22050,卖盘
461,13:43:44,4.41,--,20,8820,卖盘
462,13:43:34,4.41,--,121,53753,买盘
463,13:43:23,4.41,--,10,4410,买盘
464,13:42:28,4.41,--,5,2205,买盘
465,13:42:13,4.41,0.01,70,30870,买盘
466,13:41:28,4.4,-0.01,93,40920,卖盘
467,13:41:08,4.41,--,20,8820,买盘
468,13:40:28,4.41,0.01,2,882,买盘
469,13:40:08,4.4,--,90,39600,卖盘
470,13:40:03,4.4,--,3,1320,卖盘
471,13:39:53,4.4,--,175,77000,卖盘
472,13:39:43,4.4,--,6,2640,卖盘
473,13:39:33,4.4,--,40,17600,卖盘
474,13:39:28,4.4,-0.01,25,11000,卖盘
475,13:39:23,4.41,0.01,9,3969,买盘
476,13:39:08,4.4,-0.01,8,3520,卖盘
477,13:38:58,4.41,0.01,2,882,买盘
478,13:38:53,4.4,--,139,61160,卖盘
479,13:38:43,4.4,--,15,6600,卖盘
480,13:38:28,4.4,--,40,17600,卖盘
481,13:37:53,4.4,-0.01,21,9240,卖盘
482,13:37:33,4.41,--,28,12348,卖盘
483,13:37:23,4.41,--,202,89082,卖盘
484,13:36:47,4.41,--,6,2646,卖盘
485,13:36:43,4.41,-0.01,25,11025,卖盘
486,13:36:38,4.42,0.01,19,8398,买盘
487,13:36:32,4.41,-0.01,68,29988,卖盘
488,13:36:28,4.42,0.01,20,8840,买盘
489,13:36:23,4.41,--,87,38367,卖盘
490,13:36:17,4.41,--,22,9702,卖盘
491,13:36:13,4.41,--,42,18522,卖盘
492,13:36:07,4.41,--,13,5733,卖盘
493,13:36:02,4.41,--,5,2205,卖盘
494,13:35:58,4.41,--,17,7497,卖盘
495,13:35:43,4.41,--,1,441,卖盘
496,13:35:27,4.41,--,5,2205,卖盘
497,13:35:22,4.41,-0.01,1,441,卖盘
498,13:35:13,4.42,0.01,10,4420,买盘
499,13:35:02,4.41,--,2,882,卖盘
500,13:34:52,4.41,-0.01,107,47187,卖盘
501,13:34:47,4.42,0.01,1,442,买盘
502,13:34:37,4.41,-0.01,165,72765,卖盘
503,13:34:27,4.42,0.01,18,7956,买盘
504,13:34:17,4.41,-0.01,100,44100,卖盘
505,13:34:02,4.42,0.01,10,4420,买盘
506,13:33:52,4.41,--,137,60417,卖盘
507,13:33:47,4.41,-0.01,2,882,卖盘
508,13:33:17,4.42,--,3,1326,买盘
509,13:32:57,4.42,0.01,16,7072,买盘
510,13:32:37,4.41,--,20,8820,卖盘
511,13:32:22,4.41,-0.01,2,882,卖盘
512,13:31:52,4.42,-0.01,123,54414,卖盘
513,13:31:32,4.43,0.01,30,13290,买盘
514,13:31:27,4.42,--,5,2210,卖盘
515,13:31:17,4.42,--,26,11885,卖盘
516,13:31:12,4.42,--,64,28288,买盘
517,13:31:02,4.42,--,45,19890,买盘
518,13:30:52,4.42,--,100,44200,买盘
519,13:30:37,4.42,--,5,2210,买盘
520,13:30:22,4.42,--,119,52598,卖盘
521,13:30:17,4.42,--,15,6630,卖盘
522,13:30:07,4.42,--,607,268294,买盘
523,13:29:57,4.42,--,11,4862,买盘
524,13:29:52,4.42,--,22,9724,买盘
525,13:29:37,4.42,--,12,5304,买盘
526,13:29:27,4.42,--,10,4420,买盘
527,13:29:22,4.42,0.02,3,1326,买盘
528,13:29:17,4.4,--,0,0,卖盘
529,13:29:11,4.4,-0.04,319,140360,卖盘
530,13:29:07,4.44,--,0,0,买盘
531,13:28:52,4.44,--,0,0,买盘
532,13:28:41,4.44,--,27,11988,买盘
533,13:28:31,4.44,0.01,579,257076,买盘
534,13:28:22,4.43,0.01,1053,466478,买盘
535,13:28:16,4.42,--,50,22100,卖盘
536,13:28:11,4.42,0.01,604,266968,买盘
537,13:28:07,4.41,--,286,126126,卖盘
538,13:28:02,4.41,0.01,286,126126,买盘
539,13:27:51,4.4,0.01,20,8800,买盘
540,13:27:46,4.39,--,57,25022,卖盘
541,13:27:26,4.39,--,2,877,卖盘
542,13:27:01,4.39,-0.01,65,28534,卖盘
543,13:26:46,4.4,--,20,8800,买盘
544,13:26:41,4.4,--,88,38720,卖盘
545,13:26:36,4.4,--,5,2200,卖盘
546,13:26:06,4.4,--,14,6160,卖盘
547,13:25:36,4.4,--,93,40920,买盘
548,13:25:31,4.4,--,1,440,买盘
549,13:25:26,4.4,0.01,6,2640,买盘
550,13:25:16,4.39,-0.01,4,1755,卖盘
551,13:25:11,4.4,0.01,20,8800,中性盘
552,13:25:06,4.39,-0.01,165,72435,卖盘
553,13:25:01,4.4,--,196,86385,买盘
554,13:24:56,4.4,--,118,51920,买盘
555,13:24:46,4.4,0.01,100,44000,买盘
556,13:23:41,4.39,0.01,865,379735,买盘
557,13:23:31,4.38,--,8,3504,买盘
558,13:23:21,4.38,-0.01,42,18396,卖盘
559,13:23:06,4.39,--,90,39510,买盘
560,13:22:56,4.39,0.01,10,4390,买盘
561,13:22:51,4.38,-0.01,25,10950,卖盘
562,13:22:31,4.39,0.02,39,17121,买盘
563,13:22:26,4.37,--,13,5681,卖盘
564,13:21:20,4.37,--,2,874,卖盘
565,13:21:15,4.37,--,0,0,卖盘
566,13:20:56,4.37,--,0,0,卖盘
567,13:20:41,4.37,-0.01,37,16169,卖盘
568,13:20:35,4.38,--,0,0,卖盘
569,13:20:30,4.38,-0.01,128,56064,卖盘
570,13:20:16,4.39,--,321,140919,买盘
571,13:20:10,4.39,0.01,15,6584,买盘
572,13:19:50,4.38,--,11,4818,卖盘
573,13:19:45,4.38,--,74,32412,卖盘
574,13:19:40,4.38,--,11,4818,卖盘
575,13:19:35,4.38,-0.01,143,62634,卖盘
576,13:18:30,4.39,--,119,52240,卖盘
577,13:18:00,4.39,--,30,13169,卖盘
578,13:17:55,4.39,0.01,67,29412,买盘
579,13:17:30,4.38,--,4,1752,卖盘
580,13:16:40,4.38,-0.01,105,45990,卖盘
581,13:16:30,4.39,0.01,4,1755,买盘
582,13:16:20,4.38,-0.01,2,876,卖盘
583,13:15:55,4.39,--,2,877,卖盘
584,13:15:35,4.39,--,22,9658,买盘
585,13:15:15,4.39,--,5,2195,买盘
586,13:15:05,4.39,0.01,10,4390,买盘
587,13:14:50,4.38,-0.01,165,72270,卖盘
588,13:14:25,4.39,--,2,877,买盘
589,13:12:34,4.39,--,8,3511,买盘
590,13:12:29,4.39,--,20,8780,买盘
591,13:12:19,4.39,0.01,5,2195,买盘
592,13:12:04,4.38,-0.01,2,876,卖盘
593,13:11:54,4.39,--,3,1317,买盘
594,13:11:49,4.39,-0.01,5,2195,卖盘
595,13:11:34,4.4,0.01,6,2640,买盘
596,13:11:04,4.39,--,2,877,卖盘
597,13:10:49,4.39,0.01,66,28973,买盘
598,13:10:44,4.38,-0.01,1,438,卖盘
599,13:10:34,4.39,--,162,71118,卖盘
600,13:10:04,4.39,-0.01,3,1317,卖盘
601,13:09:54,4.4,-0.01,351,154440,卖盘
602,13:09:49,4.41,0.01,4,1764,买盘
603,13:09:34,4.4,--,7,3080,卖盘
604,13:09:24,4.4,-0.01,12,5280,卖盘
605,13:09:19,4.41,0.01,7,3087,买盘
606,13:09:14,4.4,--,3,1320,卖盘
607,13:09:09,4.4,-0.01,11,4840,卖盘
608,13:09:04,4.41,0.01,1,441,买盘
609,13:08:44,4.4,-0.01,5,2200,卖盘
610,13:08:19,4.41,--,10,4410,买盘
611,13:08:04,4.41,--,24,10584,买盘
612,13:07:39,4.41,0.01,333,146853,买盘
613,13:07:29,4.4,-0.01,30,13200,卖盘
614,13:07:14,4.41,--,2,882,买盘
615,13:07:09,4.41,--,5,2205,买盘
616,13:07:04,4.41,0.01,25,11025,买盘
617,13:06:39,4.4,--,5,2200,卖盘
618,13:06:19,4.4,--,11,4840,卖盘
619,13:06:14,4.4,--,155,68200,卖盘
620,13:06:09,4.4,-0.01,50,22000,卖盘
621,13:05:29,4.41,0.01,7,3087,买盘
622,13:04:43,4.4,--,20,8800,卖盘
623,13:04:18,4.4,--,5,2200,卖盘
624,13:03:18,4.4,-0.01,5,2200,卖盘
625,13:02:53,4.41,--,2,882,买盘
626,13:02:33,4.41,--,20,8820,买盘
627,13:02:13,4.41,--,15,6615,卖盘
628,13:02:03,4.41,-0.01,50,22050,卖盘
629,13:01:58,4.42,0.01,2,884,买盘
630,13:01:53,4.41,--,7,3087,卖盘
631,13:01:48,4.41,--,0,0,卖盘
632,13:01:43,4.41,-0.02,50,22050,卖盘
633,13:01:18,4.43,--,8,3544,买盘
634,13:01:13,4.43,--,680,301240,卖盘
635,13:01:03,4.43,-0.01,150,66450,卖盘
636,13:00:58,4.44,0.01,83,36852,买盘
637,13:00:48,4.43,-0.01,150,66450,卖盘
638,13:00:43,4.44,0.01,43,19092,买盘
639,13:00:23,4.43,--,19,8417,卖盘
640,13:00:13,4.43,--,95,42085,卖盘
641,13:00:08,4.43,0.03,1680,744240,买盘
642,11:30:00,4.4,--,0,0,卖盘
643,11:30:00,4.4,--,0,0,卖盘
644,11:29:58,4.4,-0.01,276,121440,卖盘
645,11:29:43,4.41,--,21,9261,买盘
646,11:29:28,4.41,--,20,8820,买盘
647,11:29:23,4.41,--,30,13230,买盘
648,11:29:18,4.41,--,80,35280,买盘
649,11:29:08,4.41,0.01,6,2646,买盘
650,11:28:59,4.4,-0.01,10,4400,卖盘
651,11:28:53,4.41,0.01,14,6174,买盘
652,11:28:38,4.4,0.01,1637,720280,买盘
653,11:27:58,4.39,0.01,204,89556,买盘
654,11:27:43,4.38,-0.01,12,5256,卖盘
655,11:27:38,4.39,--,14,6146,买盘
656,11:27:13,4.39,--,43,18877,买盘
657,11:27:03,4.39,--,23,10097,买盘
658,11:26:58,4.39,0.01,4,1755,买盘
659,11:26:43,4.38,--,36,15768,买盘
660,11:26:32,4.38,--,10,4380,买盘
661,11:26:28,4.38,--,39,17082,买盘
662,11:26:23,4.38,--,10,4380,买盘
663,11:26:08,4.38,0.01,18,7884,买盘
664,11:25:43,4.37,--,173,75601,买盘
665,11:25:32,4.37,--,230,100510,买盘
666,11:25:28,4.37,--,50,21850,买盘
667,11:25:23,4.37,--,63,27531,买盘
668,11:25:13,4.37,--,30,13110,买盘
669,11:24:58,4.37,--,13,5681,买盘
670,11:24:53,4.37,--,1,437,买盘
671,11:24:38,4.37,-0.01,125,54625,卖盘
672,11:24:17,4.38,--,50,21900,买盘
673,11:24:02,4.38,0.01,30,13140,买盘
674,11:23:43,4.37,--,5,2185,买盘
675,11:23:02,4.37,0.01,4,1748,买盘
676,11:22:53,4.36,-0.01,16,6976,卖盘
677,11:22:17,4.37,0.02,10,4370,买盘
678,11:20:02,4.35,--,0,0,卖盘
679,11:19:57,4.35,-0.01,2,869,卖盘
680,11:19:52,4.36,--,63,27468,买盘
681,11:19:41,4.36,--,121,52756,买盘
682,11:19:22,4.36,--,7,3052,买盘
683,11:19:17,4.36,--,13,5668,买盘
684,11:19:02,4.36,--,13,5668,买盘
685,11:18:56,4.36,0.01,10,4360,买盘
686,11:18:52,4.35,-0.01,3,1305,卖盘
687,11:18:11,4.36,--,50,21800,买盘
688,11:17:52,4.36,0.01,2,872,买盘
689,11:16:31,4.35,-0.01,9,3914,卖盘
690,11:16:22,4.36,0.01,10,4360,买盘
691,11:16:16,4.35,--,1,434,卖盘
692,11:16:07,4.35,--,2,869,卖盘
693,11:16:01,4.35,--,7,3044,卖盘
694,11:15:56,4.35,-0.01,40,17400,卖盘
695,11:15:51,4.36,--,10,4360,买盘
696,11:15:46,4.36,--,58,25288,卖盘
697,11:15:37,4.36,--,7,3052,卖盘
698,11:15:31,4.36,-0.01,107,46652,卖盘
699,11:15:26,4.37,0.01,5,2185,买盘
700,11:15:22,4.36,-0.01,15,6540,卖盘
701,11:15:01,4.37,0.01,1,437,买盘
702,11:14:56,4.36,--,16,6976,卖盘
703,11:14:52,4.36,-0.01,20,8720,卖盘
704,11:14:46,4.37,--,20,8740,买盘
705,11:14:11,4.37,0.01,30,13110,买盘
706,11:13:06,4.36,--,13,5668,卖盘
707,11:12:46,4.36,--,0,0,中性盘
708,11:12:41,4.36,-0.01,105,45780,卖盘
709,11:12:31,4.37,--,20,8740,买盘
710,11:12:11,4.37,--,7,3059,买盘
711,11:12:06,4.37,0.02,5,2185,买盘
712,11:11:56,4.35,-0.01,113,49276,卖盘
713,11:11:46,4.36,-0.01,100,43600,中性盘
714,11:11:41,4.37,--,30,13110,买盘
715,11:11:35,4.37,0.01,7,3059,买盘
716,11:11:31,4.36,0.01,2,872,卖盘
717,11:11:26,4.35,--,0,0,卖盘
718,11:11:10,4.35,--,0,0,卖盘
719,11:11:01,4.35,--,2,869,卖盘
720,11:10:35,4.35,-0.01,2,869,卖盘
721,11:09:46,4.36,--,0,0,中性盘
722,11:09:40,4.36,--,221,96356,卖盘
723,11:09:16,4.36,--,19,8284,卖盘
724,11:09:01,4.36,--,63,27468,卖盘
725,11:08:55,4.36,--,50,21800,卖盘
726,11:08:30,4.36,--,18,7848,卖盘
727,11:08:20,4.36,-0.01,18,7848,卖盘
728,11:08:15,4.37,0.01,10,4370,买盘
729,11:08:00,4.36,-0.01,7,3052,卖盘
730,11:07:50,4.37,0.01,3,1311,买盘
731,11:07:35,4.36,--,2,872,卖盘
732,11:07:30,4.36,--,7,3052,卖盘
733,11:06:55,4.36,-0.01,52,22672,卖盘
734,11:06:45,4.37,--,2,874,买盘
735,11:06:35,4.37,0.01,65,28405,买盘
736,11:05:15,4.36,--,50,21800,卖盘
737,11:04:50,4.36,--,101,44036,卖盘
738,11:04:45,4.36,--,14,6104,买盘
739,11:04:35,4.36,0.01,89,38804,买盘
740,11:04:25,4.35,--,1,434,卖盘
741,11:04:20,4.35,--,50,21750,卖盘
742,11:03:59,4.35,--,22,9570,卖盘
743,11:03:35,4.35,-0.01,16,6959,卖盘
744,11:03:29,4.36,0.01,2,872,买盘
745,11:03:25,4.35,--,14,6089,卖盘
746,11:03:10,4.35,--,7,3044,卖盘
747,11:03:05,4.35,--,20,8700,卖盘
748,11:02:59,4.35,--,0,0,卖盘
749,11:02:55,4.35,-0.01,33,14354,卖盘
750,11:02:49,4.36,--,102,44472,卖盘
751,11:02:40,4.36,--,2,872,卖盘
752,11:02:34,4.36,--,25,10900,卖盘
753,11:02:19,4.36,--,1,436,卖盘
754,11:02:10,4.36,0.01,11,4796,买盘
755,11:02:04,4.35,--,18,7829,卖盘
756,11:01:55,4.35,-0.01,16,6959,卖盘
757,11:01:40,4.36,--,13,5668,卖盘
758,11:01:34,4.36,--,18,7848,卖盘
759,11:01:04,4.36,--,2,872,卖盘
760,11:00:59,4.36,--,0,0,中性盘
761,11:00:34,4.36,--,7,3052,卖盘
762,11:00:24,4.36,-0.01,5,2180,卖盘
763,11:00:04,4.37,0.01,8,3496,买盘
764,10:59:54,4.36,--,2,872,卖盘
765,10:59:24,4.36,--,191,83276,卖盘
766,10:59:09,4.36,--,7,3052,卖盘
767,10:58:34,4.36,--,17,7412,卖盘
768,10:58:29,4.36,--,2,872,卖盘
769,10:58:09,4.36,-0.01,7,3052,卖盘
770,10:57:59,4.37,0.01,6,2622,买盘
771,10:57:54,4.36,-0.01,7,3052,卖盘
772,10:57:34,4.37,--,5,2185,卖盘
773,10:57:29,4.37,-0.01,2,874,卖盘
774,10:57:14,4.38,0.01,8,3504,买盘
775,10:57:09,4.37,--,9,3933,卖盘
776,10:57:04,4.37,--,11,4807,卖盘
777,10:56:54,4.37,--,21,9177,买盘
778,10:56:44,4.37,--,2,874,买盘
779,10:56:38,4.37,--,477,208449,卖盘
780,10:56:34,4.37,-0.01,41,17917,卖盘
781,10:56:29,4.38,--,7,3066,买盘
782,10:56:19,4.38,--,21,9198,买盘
783,10:56:04,4.38,0.01,10,4380,买盘
784,10:55:34,4.37,0.01,194,84778,买盘
785,10:55:08,4.36,-0.01,10,4360,卖盘
786,10:54:49,4.37,0.01,2,874,买盘
787,10:54:44,4.36,--,6,2616,卖盘
788,10:54:18,4.36,--,49,21364,中性盘
789,10:54:04,4.36,--,1,436,买盘
790,10:53:58,4.36,--,9,3924,卖盘
791,10:53:49,4.36,--,1,436,卖盘
792,10:53:38,4.36,0.01,21,9156,买盘
793,10:53:28,4.35,--,18,7829,卖盘
794,10:53:03,4.35,0.01,1171,509467,买盘
795,10:52:58,4.34,--,18,7812,卖盘
796,10:52:49,4.34,--,2,868,卖盘
797,10:52:38,4.34,--,25,10850,卖盘
798,10:52:28,4.34,--,18,7812,卖盘
799,10:51:58,4.34,-0.01,18,7812,卖盘
800,10:51:43,4.35,0.01,10,4350,买盘
801,10:51:28,4.34,-0.01,28,12152,卖盘
802,10:51:23,4.35,0.01,18,7829,买盘
803,10:51:03,4.34,--,2,868,卖盘
804,10:50:53,4.34,-0.01,52,22568,卖盘
805,10:50:13,4.35,0.01,16,6959,买盘
806,10:50:08,4.34,-0.01,4,1736,卖盘
807,10:49:58,4.35,--,27,11744,买盘
808,10:49:53,4.35,0.01,5,2175,买盘
809,10:49:43,4.34,--,2,868,卖盘
810,10:49:13,4.34,--,2,868,卖盘
811,10:48:32,4.34,-0.01,2,868,卖盘
812,10:48:23,4.35,--,30,13049,买盘
813,10:48:17,4.35,--,1,434,买盘
814,10:48:08,4.35,--,1,434,买盘
815,10:47:32,4.35,--,30,13049,买盘
816,10:47:28,4.35,--,252,109619,买盘
817,10:47:13,4.35,--,103,44804,买盘
818,10:47:02,4.35,--,109,47414,买盘
819,10:46:52,4.35,--,40,17400,买盘
820,10:46:42,4.35,--,26,11309,买盘
821,10:46:37,4.35,-0.02,111,48663,卖盘
822,10:46:27,4.37,0.02,15,6555,买盘
823,10:46:17,4.35,--,74,32542,卖盘
824,10:46:12,4.35,--,3,1444,买盘
825,10:45:57,4.35,--,3,1305,买盘
826,10:45:52,4.35,-0.03,20,8700,卖盘
827,10:45:47,4.38,--,0,0,买盘
828,10:45:42,4.38,0.03,2,876,买盘
829,10:45:37,4.35,-0.03,31,13484,卖盘
830,10:45:27,4.38,--,50,21900,买盘
831,10:45:22,4.38,--,3,1314,买盘
832,10:44:52,4.38,--,3,1314,买盘
833,10:44:37,4.38,0.01,20,8760,买盘
834,10:44:27,4.37,--,0,0,中性盘
835,10:44:22,4.37,--,0,0,中性盘
836,10:44:17,4.37,0.03,1860,812820,买盘
837,10:44:12,4.34,--,30,13020,买盘
838,10:44:07,4.34,--,9,3906,买盘
839,10:43:57,4.34,--,14,6076,买盘
840,10:43:52,4.34,--,68,29512,买盘
841,10:43:37,4.34,--,924,401016,买盘
842,10:43:27,4.34,--,78,33852,卖盘
843,10:43:22,4.34,--,717,311178,卖盘
844,10:43:12,4.34,-0.01,5,2170,卖盘
845,10:43:07,4.35,0.01,71,30884,买盘
846,10:42:47,4.34,--,47,20398,买盘
847,10:42:37,4.34,--,7,3038,买盘
848,10:42:27,4.34,--,50,21700,买盘
849,10:42:02,4.34,--,154,66836,卖盘
850,10:41:37,4.34,--,10,4340,买盘
851,10:41:07,4.34,-0.01,1,434,卖盘
852,10:41:02,4.35,0.02,2,869,买盘
853,10:40:47,4.33,-0.01,50,21650,卖盘
854,10:40:41,4.34,--,13,5642,买盘
855,10:40:31,4.34,0.01,300,130200,买盘
856,10:40:26,4.33,-0.01,10,4330,卖盘
857,10:40:22,4.34,--,4,1736,买盘
858,10:40:06,4.34,--,12,5208,买盘
859,10:39:57,4.34,--,80,34720,买盘
860,10:39:51,4.34,-0.01,101,43834,卖盘
861,10:39:26,4.35,0.01,6,2610,买盘
862,10:39:06,4.34,-0.01,10,4340,中性盘
863,10:38:51,4.35,0.02,671,291885,买盘
864,10:38:46,4.33,--,20,8660,卖盘
865,10:38:36,4.33,--,1,433,卖盘
866,10:38:11,4.33,-0.01,20,8660,卖盘
867,10:38:06,4.34,--,90,39060,买盘
868,10:37:51,4.34,--,53,23002,买盘
869,10:37:06,4.34,0.01,19,8246,买盘
870,10:36:46,4.33,--,13,5629,买盘
871,10:36:41,4.33,--,15,6495,买盘
872,10:36:31,4.33,0.01,43,18619,买盘
873,10:36:11,4.32,--,33,14256,卖盘
874,10:36:06,4.32,-0.01,33,14256,卖盘
875,10:36:01,4.33,--,26,11258,买盘
876,10:35:56,4.33,0.01,20,8660,买盘
877,10:35:51,4.32,-0.01,26,11232,卖盘
878,10:35:46,4.33,--,30,12990,买盘
879,10:35:41,4.33,--,9,3897,买盘
880,10:35:36,4.33,--,31,13423,买盘
881,10:35:26,4.33,--,21,9093,买盘
882,10:35:16,4.33,--,9,3897,买盘
883,10:35:01,4.33,--,9,3897,买盘
884,10:34:51,4.33,--,22,9526,卖盘
885,10:34:46,4.33,--,5,2165,卖盘
886,10:34:41,4.33,--,8,3464,卖盘
887,10:34:36,4.33,--,2,866,卖盘
888,10:34:16,4.33,0.01,21,9093,买盘
889,10:34:11,4.32,--,192,82944,卖盘
890,10:34:01,4.32,--,10,4320,卖盘
891,10:33:56,4.32,--,11,4752,卖盘
892,10:33:46,4.32,--,20,8640,卖盘
893,10:33:41,4.32,--,0,0,卖盘
894,10:33:31,4.32,-0.02,25,10800,卖盘
895,10:33:05,4.34,0.02,7,3038,买盘
896,10:33:01,4.32,-0.01,53,22896,卖盘
897,10:32:56,4.33,0.01,1,433,卖盘
898,10:32:50,4.32,--,0,0,卖盘
899,10:32:40,4.32,--,47,20304,卖盘
900,10:32:36,4.32,-0.01,3,1296,卖盘
901,10:32:31,4.33,0.01,2,866,中性盘
902,10:32:25,4.32,-0.01,418,180576,卖盘
903,10:32:20,4.33,--,9,3897,卖盘
904,10:32:10,4.33,--,16,6928,卖盘
905,10:32:06,4.33,--,134,58022,卖盘
906,10:32:01,4.33,--,10,4330,卖盘
907,10:31:50,4.33,-0.01,12,5196,卖盘
908,10:31:46,4.34,0.01,7,3038,买盘
909,10:31:40,4.33,-0.01,69,29877,卖盘
910,10:31:25,4.34,--,46,20159,卖盘
911,10:31:15,4.34,--,21,9114,卖盘
912,10:31:05,4.34,--,191,82894,卖盘
913,10:31:00,4.34,--,436,189475,卖盘
914,10:30:45,4.34,--,321,139539,卖盘
915,10:30:40,4.34,--,321,139509,卖盘
916,10:30:35,4.34,--,10,4340,卖盘
917,10:30:25,4.34,--,20,8680,卖盘
918,10:30:15,4.34,-0.01,46,19964,卖盘
919,10:30:00,4.35,0.01,10,4350,买盘
920,10:29:55,4.34,-0.01,2,868,卖盘
921,10:29:50,4.35,--,22,9570,买盘
922,10:29:40,4.35,--,8,3479,买盘
923,10:29:20,4.35,--,83,36105,买盘
924,10:29:15,4.35,--,50,21750,买盘
925,10:28:55,4.35,--,38,16603,卖盘
926,10:28:45,4.35,--,2,869,卖盘
927,10:28:30,4.35,--,27,12106,买盘
928,10:28:25,4.35,--,39,16965,买盘
929,10:28:15,4.35,--,0,73,卖盘
930,10:27:30,4.35,--,109,47414,卖盘
931,10:27:10,4.35,--,67,29144,卖盘
932,10:26:20,4.35,-0.01,150,65249,卖盘
933,10:26:05,4.36,0.01,27,11772,买盘
934,10:25:50,4.35,-0.01,1,434,卖盘
935,10:25:24,4.36,0.01,4,1744,买盘
936,10:25:19,4.35,--,91,39585,卖盘
937,10:25:14,4.35,--,5,2175,卖盘
938,10:25:04,4.35,--,1,434,卖盘
939,10:24:44,4.35,--,203,88305,卖盘
940,10:24:34,4.35,--,86,37410,卖盘
941,10:24:24,4.35,--,86,37410,卖盘
942,10:24:09,4.35,--,20,8700,卖盘
943,10:24:05,4.35,-0.01,2,869,卖盘
944,10:23:49,4.36,--,15,6540,买盘
945,10:23:39,4.36,0.01,1,436,买盘
946,10:23:34,4.35,--,2,869,卖盘
947,10:23:14,4.35,-0.01,10,4350,卖盘
948,10:23:04,4.36,--,16,6976,买盘
949,10:22:54,4.36,0.01,5,2180,买盘
950,10:22:44,4.35,-0.01,50,21750,卖盘
951,10:22:39,4.36,0.01,20,8720,买盘
952,10:21:49,4.35,--,6,2610,卖盘
953,10:21:24,4.35,-0.01,24,10440,卖盘
954,10:21:14,4.36,--,21,9156,买盘
955,10:21:04,4.36,--,200,87561,买盘
956,10:20:59,4.36,0.02,33,14388,买盘
957,10:20:34,4.34,--,0,0,卖盘
958,10:20:29,4.34,-0.02,26,11284,卖盘
959,10:20:09,4.36,0.02,2,872,买盘
960,10:19:49,4.34,-0.01,30,13020,卖盘
961,10:19:44,4.35,0.01,42,18270,买盘
962,10:19:24,4.34,0.01,137,59722,买盘
963,10:19:19,4.33,-0.01,235,101755,卖盘
964,10:19:03,4.34,0.01,24,10416,买盘
965,10:18:18,4.33,--,9,3897,买盘
966,10:18:14,4.33,--,46,19918,买盘
967,10:18:04,4.33,--,2,866,买盘
968,10:17:59,4.33,-0.01,302,130766,卖盘
969,10:17:48,4.34,0.01,27,11718,买盘
970,10:17:43,4.33,--,75,32475,卖盘
971,10:17:33,4.33,--,6,2598,卖盘
972,10:17:18,4.33,--,255,110415,卖盘
973,10:17:14,4.33,-0.01,32,13856,卖盘
974,10:17:08,4.34,--,5,2170,买盘
975,10:17:03,4.34,--,744,322896,买盘
976,10:16:48,4.34,--,10,4340,买盘
977,10:16:38,4.34,--,437,189658,卖盘
978,10:16:33,4.34,--,100,43400,卖盘
979,10:16:13,4.34,-0.01,25,10850,卖盘
980,10:16:08,4.35,--,1,434,买盘
981,10:16:03,4.35,--,1,434,买盘
982,10:15:58,4.35,--,87,38136,卖盘
983,10:15:53,4.35,--,25,10875,卖盘
984,10:15:48,4.35,--,30,13432,卖盘
985,10:15:43,4.35,--,1,434,卖盘
986,10:15:33,4.35,--,112,48828,卖盘
987,10:15:23,4.35,--,10,4350,卖盘
988,10:15:13,4.35,--,161,70122,卖盘
989,10:15:03,4.35,--,1,434,卖盘
990,10:14:58,4.35,--,40,17400,卖盘
991,10:14:43,4.35,--,10,4350,卖盘
992,10:14:33,4.35,-0.01,600,260999,卖盘
993,10:14:28,4.36,--,2,872,买盘
994,10:14:18,4.36,0.01,22,9592,买盘
995,10:14:03,4.35,-0.01,16,6959,卖盘
996,10:13:58,4.36,--,2,872,买盘
997,10:13:43,4.36,--,18,7861,卖盘
998,10:13:33,4.36,--,84,36624,卖盘
999,10:13:23,4.36,--,3,1308,卖盘
1000,10:13:13,4.36,--,30,13080,卖盘
1001,10:13:07,4.36,--,23,10028,卖盘
1002,10:12:58,4.36,--,51,22236,卖盘
1003,10:12:48,4.36,-0.01,0,422,卖盘
1004,10:12:42,4.37,0.01,20,8740,买盘
1005,10:12:37,4.36,--,200,87200,卖盘
1006,10:12:33,4.36,--,40,17440,卖盘
1007,10:12:28,4.36,--,10,4360,卖盘
1008,10:11:43,4.36,--,111,48396,卖盘
1009,10:11:32,4.36,--,46,20056,卖盘
1010,10:11:28,4.36,--,107,46652,卖盘
1011,10:11:13,4.36,--,164,71504,卖盘
1012,10:11:08,4.36,-0.01,12,5232,卖盘
1013,10:11:02,4.37,0.01,14,6118,买盘
1014,10:10:58,4.36,--,35,15260,卖盘
1015,10:10:38,4.36,-0.01,1,436,卖盘
1016,10:10:32,4.37,0.01,22,9614,买盘
1017,10:10:27,4.36,-0.01,7,3052,卖盘
1018,10:10:17,4.37,--,172,75164,卖盘
1019,10:10:12,4.37,--,23,10051,卖盘
1020,10:10:07,4.37,--,8,3496,卖盘
1021,10:10:02,4.37,--,51,22287,卖盘
1022,10:09:57,4.37,--,96,41952,卖盘
1023,10:09:47,4.37,--,50,21850,卖盘
1024,10:09:22,4.37,--,11,4807,卖盘
1025,10:09:02,4.37,--,7,3059,卖盘
1026,10:08:57,4.37,--,10,4370,卖盘
1027,10:08:52,4.37,--,85,37145,卖盘
1028,10:08:42,4.37,--,7,3059,卖盘
1029,10:08:37,4.37,--,2,874,卖盘
1030,10:08:22,4.37,0.01,212,92644,买盘
1031,10:08:12,4.36,--,110,47960,卖盘
1032,10:08:02,4.36,-0.01,129,56244,卖盘
1033,10:07:47,4.37,0.01,2,874,买盘
1034,10:07:42,4.36,--,21,9156,卖盘
1035,10:06:57,4.36,--,3,1308,卖盘
1036,10:06:42,4.36,--,41,17876,卖盘
1037,10:05:57,4.36,--,2,872,卖盘
1038,10:05:47,4.36,--,1,436,卖盘
1039,10:05:42,4.36,--,5,2180,卖盘
1040,10:05:37,4.36,-0.01,2,872,卖盘
1041,10:05:27,4.37,0.01,37,16169,买盘
1042,10:05:22,4.36,-0.01,8,3488,卖盘
1043,10:05:07,4.37,0.01,1,437,买盘
1044,10:04:52,4.36,-0.01,120,52320,卖盘
1045,10:04:42,4.37,0.01,22,9614,买盘
1046,10:04:16,4.36,--,6,2616,卖盘
1047,10:03:46,4.36,--,204,88944,卖盘
1048,10:03:42,4.36,--,100,43600,卖盘
1049,10:03:36,4.36,-0.01,52,22672,卖盘
1050,10:03:31,4.37,--,2,874,买盘
1051,10:03:26,4.37,--,10,4370,买盘
1052,10:03:16,4.37,--,1,437,买盘
1053,10:03:11,4.37,-0.01,136,59432,卖盘
1054,10:03:06,4.38,0.01,10,4380,买盘
1055,10:02:51,4.37,--,10,4370,卖盘
1056,10:02:21,4.37,--,2,874,卖盘
1057,10:01:56,4.37,--,22,9614,卖盘
1058,10:01:41,4.37,--,195,85215,卖盘
1059,10:01:26,4.37,0.01,55,24035,买盘
1060,10:01:21,4.36,-0.01,2,872,卖盘
1061,10:01:11,4.37,--,30,13110,买盘
1062,10:00:46,4.37,0.01,5,2185,买盘
1063,10:00:31,4.36,--,80,34880,卖盘
1064,10:00:26,4.36,--,22,9592,卖盘
1065,10:00:11,4.36,--,2,872,卖盘
1066,10:00:06,4.36,--,14,6104,卖盘
1067,10:00:01,4.36,-0.01,21,9156,卖盘
1068,09:59:56,4.37,--,10,4370,买盘
1069,09:59:51,4.37,--,12,5244,买盘
1070,09:59:46,4.37,0.01,52,22724,买盘
1071,09:59:40,4.36,--,3,1308,卖盘
1072,09:59:36,4.36,--,8,3488,卖盘
1073,09:59:21,4.36,--,123,53628,买盘
1074,09:59:16,4.36,--,87,37932,买盘
1075,09:59:06,4.36,0.01,1,436,买盘
1076,09:59:01,4.35,-0.01,65,28274,卖盘
1077,09:58:51,4.36,0.01,5,2180,买盘
1078,09:58:35,4.35,--,10,4350,卖盘
1079,09:58:31,4.35,--,2,869,卖盘
1080,09:58:25,4.35,-0.01,2,869,卖盘
1081,09:58:20,4.36,--,620,270320,买盘
1082,09:58:16,4.36,--,1,436,买盘
1083,09:58:01,4.36,--,29,12644,买盘
1084,09:57:50,4.36,-0.01,164,71504,卖盘
1085,09:57:35,4.37,0.01,30,13110,买盘
1086,09:57:30,4.36,-0.01,88,38368,卖盘
1087,09:57:10,4.37,0.01,20,8740,买盘
1088,09:57:05,4.36,-0.01,2,872,卖盘
1089,09:57:01,4.37,--,7,3059,卖盘
1090,09:56:45,4.37,--,2,874,卖盘
1091,09:56:30,4.37,-0.01,1,437,卖盘
1092,09:56:25,4.38,0.01,10,4380,买盘
1093,09:56:00,4.37,--,31,13547,卖盘
1094,09:55:50,4.37,0.01,90,39330,买盘
1095,09:55:45,4.36,--,5,2180,卖盘
1096,09:55:35,4.36,0.01,46,20056,买盘
1097,09:55:30,4.35,-0.01,80,34800,卖盘
1098,09:55:25,4.36,--,20,8720,买盘
1099,09:55:20,4.36,--,32,13952,买盘
1100,09:55:15,4.36,0.01,38,16568,买盘
1101,09:55:05,4.35,-0.01,14,6089,卖盘
1102,09:55:00,4.36,0.01,69,30084,买盘
1103,09:54:50,4.35,-0.01,20,8700,卖盘
1104,09:54:45,4.36,0.01,15,6540,买盘
1105,09:54:40,4.35,-0.01,22,9570,卖盘
1106,09:54:35,4.36,--,46,20056,买盘
1107,09:54:30,4.36,--,26,11336,买盘
1108,09:54:20,4.36,--,49,21364,买盘
1109,09:54:15,4.36,--,10,4360,买盘
1110,09:54:05,4.36,--,111,48396,买盘
1111,09:54:00,4.36,--,30,13080,买盘
1112,09:53:55,4.36,0.01,10,4360,买盘
1113,09:53:50,4.35,-0.01,1,434,卖盘
1114,09:53:45,4.36,--,2,872,买盘
1115,09:53:40,4.36,--,5,2180,买盘
1116,09:53:35,4.36,--,107,46652,买盘
1117,09:53:30,4.36,--,35,15260,买盘
1118,09:53:25,4.36,--,20,8720,买盘
1119,09:53:20,4.36,--,100,43600,买盘
1120,09:53:15,4.36,--,18,7848,买盘
1121,09:53:10,4.36,--,10,4360,买盘
1122,09:53:00,4.36,--,10,4360,买盘
1123,09:52:40,4.36,--,69,30084,卖盘
1124,09:52:30,4.36,--,205,89380,卖盘
1125,09:52:15,4.36,-0.01,5,2180,卖盘
1126,09:52:00,4.37,0.01,3,1311,买盘
1127,09:51:55,4.36,--,37,16132,卖盘
1128,09:51:45,4.36,--,101,44036,卖盘
1129,09:51:30,4.36,--,1,436,卖盘
1130,09:51:15,4.36,-0.01,1,436,卖盘
1131,09:51:10,4.37,--,10,4370,买盘
1132,09:50:55,4.37,--,23,10051,卖盘
1133,09:50:19,4.37,0.01,28,12236,买盘
1134,09:50:14,4.36,--,0,0,卖盘
1135,09:50:04,4.36,-0.01,261,113796,卖盘
1136,09:49:49,4.37,--,10,4370,卖盘
1137,09:49:44,4.37,--,3,1311,卖盘
1138,09:49:14,4.37,--,280,122360,买盘
1139,09:49:04,4.37,--,1,437,买盘
1140,09:48:54,4.37,--,2,874,买盘
1141,09:48:39,4.37,0.01,2,874,买盘
1142,09:48:29,4.36,--,1,436,卖盘
1143,09:48:19,4.36,--,1,436,卖盘
1144,09:48:14,4.36,--,21,9156,卖盘
1145,09:48:09,4.36,--,1,436,卖盘
1146,09:47:54,4.36,-0.01,80,34880,买盘
1147,09:47:49,4.37,--,0,0,买盘
1148,09:47:44,4.37,0.01,40,17480,买盘
1149,09:47:39,4.36,--,78,34008,卖盘
1150,09:47:34,4.36,--,14,6104,卖盘
1151,09:47:29,4.36,--,3,1308,卖盘
1152,09:47:19,4.36,--,537,234132,卖盘
1153,09:47:09,4.36,--,55,23980,卖盘
1154,09:46:54,4.36,-0.02,35,15260,卖盘
1155,09:46:49,4.38,0.01,126,55188,买盘
1156,09:46:44,4.37,--,0,0,中性盘
1157,09:46:24,4.37,--,0,0,卖盘
1158,09:46:14,4.37,--,100,43700,卖盘
1159,09:45:49,4.37,--,150,65550,买盘
1160,09:45:39,4.37,--,47,20539,买盘
1161,09:45:34,4.37,--,50,21850,买盘
1162,09:45:19,4.37,--,76,33212,买盘
1163,09:45:09,4.37,--,6,2622,买盘
1164,09:44:59,4.37,--,5,2185,买盘
1165,09:44:49,4.37,--,79,34523,买盘
1166,09:44:44,4.37,--,9,3933,买盘
1167,09:44:24,4.37,--,1,437,买盘
1168,09:44:18,4.37,--,139,60743,卖盘
1169,09:44:09,4.37,--,0,0,买盘
1170,09:44:04,4.37,--,52,22724,买盘
1171,09:43:54,4.37,--,1,437,买盘
1172,09:43:49,4.37,-0.01,285,124545,卖盘
1173,09:43:34,4.38,--,90,39420,买盘
1174,09:43:24,4.38,--,6,2628,买盘
1175,09:43:19,4.38,--,8,3504,买盘
1176,09:43:13,4.38,--,44,19272,卖盘
1177,09:43:09,4.38,0.01,97,42486,买盘
1178,09:42:54,4.37,-0.01,15,6555,卖盘
1179,09:42:39,4.38,--,9,3942,买盘
1180,09:42:33,4.38,0.01,17,7446,买盘
1181,09:42:28,4.37,--,1,437,卖盘
1182,09:42:08,4.37,-0.01,11,4807,卖盘
1183,09:42:03,4.38,--,9,3942,买盘
1184,09:41:53,4.38,0.01,27,11826,买盘
1185,09:41:48,4.37,-0.01,1,437,卖盘
1186,09:41:38,4.38,--,11,4818,买盘
1187,09:41:28,4.38,--,20,8760,买盘
1188,09:41:23,4.38,-0.01,21,9198,卖盘
1189,09:41:08,4.39,--,2,877,买盘
1190,09:40:53,4.39,0.01,126,55313,买盘
1191,09:40:48,4.38,-0.01,74,32412,卖盘
1192,09:40:38,4.39,--,5,2195,买盘
1193,09:40:03,4.39,0.01,30,13169,买盘
1194,09:39:38,4.38,-0.01,29,12702,卖盘
1195,09:39:23,4.39,0.01,100,43900,买盘
1196,09:39:18,4.38,-0.01,3,1314,卖盘
1197,09:39:12,4.39,0.01,26,11414,买盘
1198,09:38:53,4.38,--,67,29346,卖盘
1199,09:38:48,4.38,--,30,13140,卖盘
1200,09:38:43,4.38,--,269,117822,买盘
1201,09:38:38,4.38,--,13,5694,买盘
1202,09:38:23,4.38,--,7,3066,买盘
1203,09:38:18,4.38,--,1,438,买盘
1204,09:38:08,4.38,--,1,438,买盘
1205,09:38:03,4.38,-0.01,16,7008,卖盘
1206,09:37:58,4.39,--,2,877,买盘
1207,09:37:53,4.39,0.01,115,50484,买盘
1208,09:37:48,4.38,--,11,4818,卖盘
1209,09:37:43,4.38,-0.01,37,16206,卖盘
1210,09:37:28,4.39,0.01,1,438,卖盘
1211,09:37:23,4.38,--,0,0,卖盘
1212,09:37:18,4.38,-0.02,16,7008,卖盘
1213,09:37:13,4.4,0.02,64,28160,买盘
1214,09:37:08,4.38,0.06,7,3066,中性盘
1215,09:37:03,4.32,-0.09,3500,1512000,卖盘
1216,09:36:58,4.41,--,1,441,买盘
1217,09:36:53,4.41,--,18,7938,买盘
1218,09:36:48,4.41,0.01,22,9702,买盘
1219,09:36:43,4.4,-0.01,2,880,卖盘
1220,09:36:38,4.41,--,49,21609,买盘
1221,09:36:33,4.41,--,30,13230,买盘
1222,09:36:17,4.41,0.01,113,49833,买盘
1223,09:35:42,4.4,-0.01,57,25080,卖盘
1224,09:35:33,4.41,0.01,10,4410,买盘
1225,09:35:28,4.4,--,5,2200,卖盘
1226,09:35:23,4.4,--,89,39160,卖盘
1227,09:35:12,4.4,--,27,11880,卖盘
1228,09:35:08,4.4,--,15,6600,卖盘
1229,09:35:02,4.4,--,132,58080,卖盘
1230,09:34:57,4.4,--,126,55440,卖盘
1231,09:34:47,4.4,--,118,51920,卖盘
1232,09:34:42,4.4,--,1,440,卖盘
1233,09:34:37,4.4,-0.01,50,22000,卖盘
1234,09:34:32,4.41,0.01,67,29547,买盘
1235,09:34:27,4.4,-0.01,85,37400,卖盘
1236,09:34:17,4.41,--,200,88200,买盘
1237,09:34:12,4.41,--,70,30870,买盘
1238,09:34:02,4.41,0.01,127,56007,买盘
1239,09:33:52,4.4,--,39,17160,卖盘
1240,09:33:47,4.4,--,1,440,卖盘
1241,09:33:42,4.4,--,2,880,卖盘
1242,09:33:32,4.4,--,22,9680,卖盘
1243,09:33:27,4.4,--,29,12760,卖盘
1244,09:33:17,4.4,--,100,44000,卖盘
1245,09:33:12,4.4,-0.01,30,13200,卖盘
1246,09:33:06,4.41,--,1,441,买盘
1247,09:33:02,4.41,--,2,882,买盘
1248,09:32:57,4.41,--,33,14553,卖盘
1249,09:32:52,4.41,-0.01,34,14994,卖盘
1250,09:32:47,4.42,0.01,10,4420,买盘
1251,09:32:42,4.41,--,11,4851,卖盘
1252,09:32:37,4.41,--,45,19845,卖盘
1253,09:32:32,4.41,--,50,22050,卖盘
1254,09:32:27,4.41,-0.01,7,3087,卖盘
1255,09:32:17,4.42,--,3,1326,买盘
1256,09:32:12,4.42,--,40,17680,买盘
1257,09:32:07,4.42,0.01,11,4862,买盘
1258,09:32:02,4.41,-0.01,20,8820,卖盘
1259,09:31:57,4.42,-0.01,750,331500,卖盘
1260,09:31:47,4.43,--,10,4430,买盘
1261,09:31:42,4.43,--,24,10632,买盘
1262,09:31:37,4.43,--,11,4873,买盘
1263,09:31:17,4.43,--,20,8860,买盘
1264,09:31:12,4.43,--,6,2658,买盘
1265,09:31:07,4.43,0.01,1,443,买盘
1266,09:31:02,4.42,-0.01,91,40222,卖盘
1267,09:30:57,4.43,--,5,2215,买盘
1268,09:30:52,4.43,--,1,443,买盘
1269,09:30:47,4.43,--,45,19935,买盘
1270,09:30:42,4.43,--,56,24808,买盘
1271,09:30:36,4.43,--,65,28794,卖盘
1272,09:30:27,4.43,0.01,11,4873,买盘
1273,09:30:06,4.42,0.01,795,351390,买盘
1274,09:28:55,4.41,--,0,0,卖盘
1275,09:25:04,4.41,4.41,327,144207,买盘
