,time,price,change,volume,amount,type
0,15:00:03,42.13,--,734,3092636,卖盘
1,14:57:00,42.13,-0.01,9,37917,卖盘
2,14:56:57,42.14,--,2,8428,买盘
3,14:56:51,42.14,-0.01,32,134848,卖盘
4,14:56:48,42.15,--,6,25290,买盘
5,14:56:45,42.15,--,4,16860,买盘
6,14:56:42,42.15,0.01,7,29505,买盘
7,14:56:36,42.14,-0.01,1,4214,卖盘
8,14:56:33,42.15,-0.05,204,863021,卖盘
9,14:56:30,42.2,0.02,64,270080,买盘
10,14:56:21,42.18,0.03,15,63270,中性盘
11,14:56:18,42.15,-0.04,2,8430,卖盘
12,14:56:15,42.19,0.04,5,21095,买盘
13,14:56:12,42.15,-0.03,289,1218135,卖盘
14,14:56:09,42.18,--,6,25308,买盘
15,14:56:06,42.18,--,10,42180,卖盘
16,14:56:03,42.18,--,17,71706,卖盘
17,14:55:54,42.18,--,16,67488,卖盘
18,14:55:51,42.18,-0.02,2,8436,卖盘
19,14:55:45,42.2,0.02,2,8440,买盘
20,14:55:42,42.18,0.01,2,8436,买盘
21,14:55:39,42.17,--,30,126510,卖盘
22,14:55:36,42.17,-0.01,36,151812,卖盘
23,14:55:33,42.18,--,6,25308,买盘
24,14:55:30,42.18,--,41,172938,买盘
25,14:55:27,42.18,0.01,15,63270,买盘
26,14:55:24,42.17,-0.01,44,185548,卖盘
27,14:55:18,42.18,--,2,8436,买盘
28,14:55:15,42.18,--,33,139194,买盘
29,14:55:12,42.18,0.01,1,4218,买盘
30,14:55:09,42.17,0.01,2,8434,卖盘
31,14:55:06,42.16,-0.02,8,33728,卖盘
32,14:55:00,42.18,0.01,6,25308,买盘
33,14:54:57,42.17,-0.01,4,16868,中性盘
34,14:54:54,42.18,0.02,31,132867,买盘
35,14:54:51,42.16,-0.01,70,295120,卖盘
36,14:54:45,42.17,--,6,25302,卖盘
37,14:54:42,42.17,--,10,42170,卖盘
38,14:54:39,42.17,0.01,1,4217,卖盘
39,14:54:36,42.16,-0.01,50,210799,卖盘
40,14:54:33,42.17,--,4,16868,买盘
41,14:54:30,42.17,0.01,2,8434,买盘
42,14:54:24,42.16,-0.01,36,152830,卖盘
43,14:54:21,42.17,--,1,4217,买盘
44,14:54:18,42.17,-0.01,1,4217,中性盘
45,14:54:15,42.18,0.01,9,37962,买盘
46,14:54:12,42.17,-0.01,1,4217,卖盘
47,14:54:09,42.18,0.01,3,12654,买盘
48,14:54:06,42.17,0.01,5,21085,中性盘
49,14:54:03,42.16,-0.02,9,37944,卖盘
50,14:54:00,42.18,0.02,5,21090,买盘
51,14:53:57,42.16,--,15,63239,卖盘
52,14:53:54,42.16,--,3,12647,卖盘
53,14:53:48,42.16,-0.02,16,67456,卖盘
54,14:53:42,42.18,0.02,1,4218,中性盘
55,14:53:39,42.16,-0.01,40,170748,卖盘
56,14:53:36,42.17,--,6,25302,买盘
57,14:53:33,42.17,--,6,27410,卖盘
58,14:53:27,42.17,--,3,12651,卖盘
59,14:53:24,42.17,--,24,103316,卖盘
60,14:53:15,42.17,-0.01,2,8434,卖盘
61,14:53:09,42.18,--,8,33744,买盘
62,14:53:06,42.18,--,20,84360,卖盘
63,14:53:03,42.18,-0.02,8,33744,卖盘
64,14:53:00,42.2,--,2,8440,买盘
65,14:52:54,42.2,--,12,50640,买盘
66,14:52:51,42.2,-0.03,169,716387,卖盘
67,14:52:42,42.23,-0.07,3,12668,中性盘
68,14:52:39,42.3,--,6,25380,买盘
69,14:52:33,42.3,0.02,21,88830,买盘
70,14:52:27,42.28,0.05,21,88788,卖盘
71,14:52:24,42.23,-0.06,37,156251,卖盘
72,14:52:21,42.29,0.01,6,25374,中性盘
73,14:52:18,42.28,-0.02,3,12684,卖盘
74,14:52:15,42.3,0.02,7,29609,买盘
75,14:52:12,42.28,-0.02,10,42280,卖盘
76,14:52:03,42.3,0.01,42,177660,买盘
77,14:52:00,42.29,--,17,71893,买盘
78,14:51:54,42.29,--,4,19030,买盘
79,14:51:51,42.29,--,3,12687,买盘
80,14:51:48,42.29,-0.01,13,54977,卖盘
81,14:51:45,42.3,--,2,8460,买盘
82,14:51:42,42.3,--,6,25380,买盘
83,14:51:39,42.3,--,8,33840,买盘
84,14:51:36,42.3,--,1,4230,买盘
85,14:51:33,42.3,--,53,226304,卖盘
86,14:51:30,42.3,-0.09,22,95175,卖盘
87,14:51:27,42.39,0.06,8,33912,买盘
88,14:51:24,42.33,0.03,7,29631,中性盘
89,14:51:21,42.3,-0.03,500,2115000,卖盘
90,14:51:18,42.33,--,8,33864,卖盘
91,14:51:12,42.33,0.01,3,12699,卖盘
92,14:51:09,42.32,0.02,1,4232,买盘
93,14:51:06,42.3,--,16,67680,卖盘
94,14:51:03,42.3,--,12,50760,卖盘
95,14:51:00,42.3,--,476,2013479,买盘
96,14:50:57,42.3,0.02,4,16920,买盘
97,14:50:54,42.28,--,3,14798,卖盘
98,14:50:51,42.28,-0.02,37,156436,卖盘
99,14:50:48,42.3,--,2,8460,买盘
100,14:50:42,42.3,--,2,8460,卖盘
101,14:50:27,42.3,--,13,54989,卖盘
102,14:50:24,42.3,0.05,503,2130862,买盘
103,14:50:21,42.25,-0.04,5,21125,卖盘
104,14:50:15,42.29,0.08,1,4229,买盘
105,14:50:12,42.21,-0.04,4,18994,买盘
106,14:50:06,42.25,-0.04,0,2112,卖盘
107,14:50:03,42.29,0.08,6,27488,买盘
108,14:50:00,42.21,--,3,12663,买盘
109,14:49:57,42.21,--,6,27436,卖盘
110,14:49:54,42.21,--,7,31657,卖盘
111,14:49:45,42.21,0.01,10,42210,卖盘
112,14:49:33,42.2,-0.04,3,12660,卖盘
113,14:49:27,42.24,0.04,10,42240,买盘
114,14:49:24,42.2,--,5,23210,卖盘
115,14:49:21,42.2,--,2,8440,卖盘
116,14:49:18,42.2,--,2,8440,卖盘
117,14:49:15,42.2,--,10,43212,买盘
118,14:49:12,42.2,--,113,476860,买盘
119,14:49:06,42.2,--,2,8440,买盘
120,14:49:00,42.2,--,26,109720,买盘
121,14:48:54,42.2,-0.09,45,190617,卖盘
122,14:48:48,42.29,0.04,14,59206,买盘
123,14:48:45,42.25,--,1,4225,买盘
124,14:48:42,42.25,-0.04,1,4225,卖盘
125,14:48:36,42.29,0.01,29,122641,买盘
126,14:48:27,42.28,-0.01,3,12684,卖盘
127,14:48:24,42.29,-0.01,3,12687,中性盘
128,14:48:18,42.3,--,4,16920,买盘
129,14:48:15,42.3,0.01,11,46530,买盘
130,14:48:12,42.29,-0.01,2,8458,中性盘
131,14:48:06,42.3,--,1,4230,买盘
132,14:48:03,42.3,0.02,1,4230,买盘
133,14:48:00,42.28,--,9,38052,卖盘
134,14:47:54,42.28,-0.02,22,93016,卖盘
135,14:47:48,42.3,0.02,10,42300,买盘
136,14:47:36,42.28,0.04,14,59192,中性盘
137,14:47:30,42.24,--,14,59136,卖盘
138,14:47:24,42.24,--,3,13432,卖盘
139,14:47:21,42.24,--,2,8448,卖盘
140,14:47:18,42.24,--,3,12672,买盘
141,14:47:12,42.24,0.04,3,15417,买盘
142,14:47:06,42.2,-0.01,8,33760,卖盘
143,14:47:03,42.21,--,9,39466,卖盘
144,14:47:00,42.21,0.01,1,4854,买盘
145,14:46:54,42.2,0.02,1,6330,中性盘
146,14:46:45,42.18,-0.02,101,426018,卖盘
147,14:46:42,42.2,0.02,5,21100,买盘
148,14:46:30,42.18,0.01,9,37962,卖盘
149,14:46:27,42.17,--,25,105425,买盘
150,14:46:21,42.17,-0.04,5,21085,卖盘
151,14:46:12,42.21,0.03,10,42210,买盘
152,14:46:09,42.18,--,1,4218,买盘
153,14:46:06,42.18,-0.02,4,17926,卖盘
154,14:46:03,42.2,0.02,5,21100,买盘
155,14:46:00,42.18,-0.02,8,33744,卖盘
156,14:45:54,42.2,--,4,20045,买盘
157,14:45:51,42.2,--,4,18990,卖盘
158,14:45:48,42.2,--,1,4220,卖盘
159,14:45:45,42.2,--,5,23210,买盘
160,14:45:42,42.2,--,0,2110,卖盘
161,14:45:39,42.2,-0.01,1,4220,卖盘
162,14:45:30,42.21,0.01,5,21105,买盘
163,14:45:24,42.2,0.03,14,61190,买盘
164,14:45:21,42.17,-0.03,6,25302,卖盘
165,14:45:15,42.2,--,2,8440,买盘
166,14:45:12,42.2,0.03,2,8440,买盘
167,14:45:09,42.17,-0.03,3,12651,卖盘
168,14:45:03,42.2,--,2,8440,买盘
169,14:45:00,42.2,-0.01,11,46420,买盘
170,14:44:54,42.21,--,60,254188,买盘
171,14:44:48,42.21,--,1,4221,买盘
172,14:44:42,42.21,0.01,7,29547,买盘
173,14:44:39,42.2,--,1,4220,买盘
174,14:44:36,42.2,--,1,4220,买盘
175,14:44:33,42.2,-0.01,6,25320,买盘
176,14:44:30,42.21,-0.03,2,8442,买盘
177,14:44:27,42.24,0.05,1,4224,买盘
178,14:44:24,42.19,--,85,359669,卖盘
179,14:44:15,42.19,0.01,49,208840,卖盘
180,14:43:54,42.18,--,5,25181,卖盘
181,14:43:42,42.18,--,3,12907,买盘
182,14:43:36,42.18,0.04,25,105450,买盘
183,14:43:33,42.14,-0.04,1,4214,中性盘
184,14:43:24,42.18,0.04,49,206682,买盘
185,14:43:15,42.14,0.02,2,8428,中性盘
186,14:43:06,42.12,--,114,480167,买盘
187,14:43:03,42.12,0.02,12,50544,买盘
188,14:43:00,42.1,--,7,29470,中性盘
189,14:42:57,42.1,-0.02,2,8420,中性盘
190,14:42:54,42.12,--,25,106900,买盘
191,14:42:51,42.12,0.02,24,101088,买盘
192,14:42:48,42.1,--,7,29470,买盘
193,14:42:45,42.1,--,2,8420,买盘
194,14:42:42,42.1,-0.02,3,12630,卖盘
195,14:42:39,42.12,0.02,2,8424,买盘
196,14:42:36,42.1,-0.02,17,71570,卖盘
197,14:42:33,42.12,0.02,8,33696,买盘
198,14:42:27,42.1,--,1,4210,卖盘
199,14:42:24,42.1,-0.03,4,16840,卖盘
200,14:42:21,42.13,0.04,2,8426,中性盘
201,14:42:12,42.09,-0.01,32,134688,卖盘
202,14:42:09,42.1,--,7,30522,买盘
203,14:42:03,42.1,--,2,8420,买盘
204,14:42:00,42.1,0.02,3,12630,买盘
205,14:41:54,42.08,-0.07,75,315600,卖盘
206,14:41:48,42.15,--,13,54795,卖盘
207,14:41:45,42.15,-0.03,5,23182,中性盘
208,14:41:27,42.18,0.08,1,4218,中性盘
209,14:41:24,42.1,-0.08,22,94725,卖盘
210,14:41:15,42.18,0.09,9,37962,买盘
211,14:41:12,42.09,-0.01,44,187384,卖盘
212,14:41:09,42.1,--,3,12630,买盘
213,14:41:06,42.1,--,4,16840,买盘
214,14:41:03,42.1,--,20,84200,买盘
215,14:41:00,42.1,--,1,4210,买盘
216,14:40:57,42.1,-0.08,51,216730,卖盘
217,14:40:54,42.18,-0.11,31,130758,卖盘
218,14:40:51,42.29,0.11,1,4229,买盘
219,14:40:48,42.18,--,1,4218,卖盘
220,14:40:45,42.18,-0.1,2,8436,卖盘
221,14:40:42,42.28,0.1,4,16912,买盘
222,14:40:39,42.18,-0.02,23,97014,中性盘
223,14:40:33,42.2,--,2,8440,卖盘
224,14:40:30,42.2,0.02,2,8440,卖盘
225,14:40:27,42.18,0.08,2,8436,买盘
226,14:40:24,42.1,--,99,418768,卖盘
227,14:40:18,42.1,-0.18,6,25260,卖盘
228,14:40:12,42.28,0.08,8,33824,买盘
229,14:40:06,42.2,0.02,61,257420,买盘
230,14:40:03,42.18,-0.12,8,33744,卖盘
231,14:39:57,42.3,0.1,6,25380,买盘
232,14:39:54,42.2,-0.1,6,27219,卖盘
233,14:39:48,42.3,--,2,8460,买盘
234,14:39:45,42.3,0.1,14,59642,买盘
235,14:39:42,42.2,--,5,21100,卖盘
236,14:39:39,42.2,-0.1,1,4220,卖盘
237,14:39:33,42.3,--,1,4230,买盘
238,14:39:27,42.3,-0.09,23,97290,卖盘
239,14:39:21,42.39,--,5,21195,卖盘
240,14:39:18,42.39,--,4,16956,卖盘
241,14:39:15,42.39,-0.01,6,25434,卖盘
242,14:39:09,42.4,--,40,169600,买盘
243,14:39:03,42.4,-0.12,61,260760,卖盘
244,14:38:54,42.52,-0.08,14,59528,卖盘
245,14:38:45,42.6,0.08,5,21300,买盘
246,14:38:30,42.52,0.02,1,4252,买盘
247,14:38:24,42.5,-0.02,1,6375,卖盘
248,14:38:18,42.52,-0.14,3,12756,卖盘
249,14:38:15,42.66,0.16,1,4266,中性盘
250,14:37:57,42.5,--,1,4250,买盘
251,14:37:54,42.5,--,42,178500,买盘
252,14:37:51,42.5,0.1,3,12750,买盘
253,14:37:45,42.4,-0.2,30,127200,卖盘
254,14:37:36,42.6,0.01,10,42600,买盘
255,14:37:30,42.59,0.11,2,8518,买盘
256,14:37:24,42.48,-0.03,5,23364,卖盘
257,14:37:21,42.51,--,5,21255,卖盘
258,14:37:18,42.51,0.11,4,17004,中性盘
259,14:37:03,42.4,--,18,76320,卖盘
260,14:36:57,42.4,--,5,21200,卖盘
261,14:36:54,42.4,0.01,111,474371,买盘
262,14:36:51,42.39,--,99,419661,卖盘
263,14:36:42,42.39,--,2,8478,买盘
264,14:36:39,42.39,0.04,2,8478,买盘
265,14:36:36,42.35,-0.04,3,12705,卖盘
266,14:36:30,42.39,0.08,5,21195,买盘
267,14:36:24,42.31,0.01,17,74042,买盘
268,14:36:21,42.3,--,5,21150,买盘
269,14:36:18,42.3,--,4,16920,买盘
270,14:36:15,42.3,--,5,21150,买盘
271,14:36:09,42.3,0.04,9,38070,买盘
272,14:36:03,42.26,0.08,36,152136,买盘
273,14:36:00,42.18,0.08,6,25308,买盘
274,14:35:57,42.1,--,2,8420,卖盘
275,14:35:54,42.1,--,20,86305,卖盘
276,14:35:51,42.1,--,14,58940,卖盘
277,14:35:48,42.1,--,4,16840,卖盘
278,14:35:42,42.1,--,8,33680,买盘
279,14:35:39,42.1,--,8,33680,买盘
280,14:35:36,42.1,--,5,21050,买盘
281,14:35:33,42.1,--,5,21050,买盘
282,14:35:30,42.1,0.02,15,63150,买盘
283,14:35:27,42.08,--,1,4208,买盘
284,14:35:24,42.08,-0.12,54,227232,买盘
285,14:35:21,42.2,0.02,12,50640,买盘
286,14:35:18,42.18,0.08,5,21090,中性盘
287,14:35:15,42.1,0.06,12,50520,卖盘
288,14:35:12,42.04,-0.16,70,294280,卖盘
289,14:35:09,42.2,--,6,25320,买盘
290,14:35:06,42.2,0.03,32,135040,买盘
291,14:35:03,42.17,-0.03,8,33736,卖盘
292,14:35:00,42.2,--,5,21100,买盘
293,14:34:57,42.2,--,3,12660,买盘
294,14:34:54,42.2,--,8,33760,买盘
295,14:34:51,42.2,-0.1,59,248980,卖盘
296,14:34:48,42.3,--,9,38070,买盘
297,14:34:45,42.3,--,29,122669,卖盘
298,14:34:39,42.3,-0.01,7,29609,卖盘
299,14:34:36,42.31,--,16,67696,买盘
300,14:34:33,42.31,0.01,4,16924,买盘
301,14:34:30,42.3,-0.01,5,23265,卖盘
302,14:34:27,42.31,--,8,33848,卖盘
303,14:34:24,42.31,--,5,23270,卖盘
304,14:34:18,42.31,-0.02,10,42310,卖盘
305,14:34:12,42.33,-0.07,1,4233,卖盘
306,14:34:06,42.4,--,6,27560,卖盘
307,14:34:03,42.4,--,1,4240,卖盘
308,14:33:54,42.4,--,0,2120,卖盘
309,14:33:51,42.4,--,2,8480,卖盘
310,14:33:48,42.4,-0.08,2,8480,卖盘
311,14:33:39,42.48,--,15,63719,卖盘
312,14:33:36,42.48,-0.01,3,12743,卖盘
313,14:33:24,42.49,-0.09,6,28510,卖盘
314,14:33:21,42.58,0.08,1,4258,买盘
315,14:33:18,42.5,--,10,42500,卖盘
316,14:33:15,42.5,-0.09,64,274422,卖盘
317,14:33:12,42.59,-0.01,1,4259,中性盘
318,14:33:03,42.6,--,3,12780,卖盘
319,14:32:57,42.6,-0.01,6,25560,卖盘
320,14:32:54,42.61,-0.04,25,106525,卖盘
321,14:32:51,42.65,0.02,2,8530,买盘
322,14:32:42,42.63,-0.03,11,46893,卖盘
323,14:32:30,42.66,--,12,53324,卖盘
324,14:32:24,42.66,-0.03,11,49058,卖盘
325,14:32:15,42.69,-0.01,2,8538,卖盘
326,14:32:09,42.7,--,7,29890,卖盘
327,14:32:06,42.7,--,1,4270,卖盘
328,14:31:57,42.7,--,1,4270,卖盘
329,14:31:54,42.7,-0.01,4,17080,卖盘
330,14:31:51,42.71,--,1,4271,买盘
331,14:31:45,42.71,--,0,2135,卖盘
332,14:31:30,42.71,--,1,4271,卖盘
333,14:31:24,42.71,--,1,6406,卖盘
334,14:31:12,42.71,-0.07,3,12813,卖盘
335,14:31:09,42.78,0.01,10,42780,买盘
336,14:30:57,42.77,0.06,2,8554,买盘
337,14:30:51,42.71,-0.05,6,25626,卖盘
338,14:30:48,42.76,--,0,1582,卖盘
339,14:30:45,42.76,0.01,0,2693,买盘
340,14:30:42,42.75,-0.01,1,4275,卖盘
341,14:30:36,42.76,--,1,5858,卖盘
342,14:30:33,42.76,--,10,42760,卖盘
343,14:30:27,42.76,-0.01,3,12828,卖盘
344,14:30:24,42.77,-0.01,0,1625,卖盘
345,14:30:12,42.78,--,0,2139,卖盘
346,14:29:57,42.78,--,1,4278,卖盘
347,14:29:54,42.78,--,1,6417,卖盘
348,14:29:42,42.78,-0.02,2,8556,卖盘
349,14:29:36,42.8,--,1,4280,买盘
350,14:29:27,42.8,0.03,9,38520,买盘
351,14:29:24,42.77,-0.03,0,3207,卖盘
352,14:29:15,42.8,--,7,32099,卖盘
353,14:29:09,42.8,-0.01,18,77040,卖盘
354,14:29:06,42.81,0.01,1,4281,买盘
355,14:29:00,42.8,-0.01,1,4280,卖盘
356,14:28:57,42.81,0.01,4,17124,买盘
357,14:28:54,42.8,--,24,104860,卖盘
358,14:28:45,42.8,-0.01,48,205440,卖盘
359,14:28:39,42.81,--,4,17124,卖盘
360,14:28:24,42.81,0.01,8,34248,买盘
361,14:28:12,42.8,0.03,1,4280,买盘
362,14:28:09,42.77,--,6,25662,卖盘
363,14:28:06,42.77,--,5,21385,卖盘
364,14:27:54,42.77,0.01,7,32077,中性盘
365,14:27:42,42.76,--,6,25656,卖盘
366,14:27:39,42.76,-0.04,19,81244,卖盘
367,14:27:36,42.8,--,3,12840,买盘
368,14:27:33,42.8,0.04,2,8560,买盘
369,14:27:24,42.76,--,35,149660,卖盘
370,14:27:09,42.76,0.01,31,132556,中性盘
371,14:27:03,42.75,--,1,4275,卖盘
372,14:26:54,42.75,--,11,49162,卖盘
373,14:26:51,42.75,--,30,128250,卖盘
374,14:26:39,42.75,--,17,72675,卖盘
375,14:26:36,42.75,0.01,6,25650,卖盘
376,14:26:33,42.74,--,4,17096,买盘
377,14:26:21,42.74,--,1,4274,买盘
378,14:26:18,42.74,-0.06,5,21370,卖盘
379,14:26:09,42.8,0.06,2,8560,买盘
380,14:26:06,42.74,--,6,25644,卖盘
381,14:26:03,42.74,-0.06,2,8548,中性盘
382,14:25:54,42.8,0.1,23,98440,买盘
383,14:25:42,42.7,-0.04,10,42700,卖盘
384,14:25:39,42.74,0.05,1,4274,买盘
385,14:25:36,42.69,--,7,29883,卖盘
386,14:25:24,42.69,--,6,27748,卖盘
387,14:25:21,42.69,--,8,34152,买盘
388,14:25:09,42.69,-0.05,1,4269,中性盘
389,14:25:00,42.74,-0.07,1,4274,中性盘
390,14:24:54,42.81,0.16,26,113446,买盘
391,14:24:45,42.65,0.04,1,4265,中性盘
392,14:24:33,42.61,--,2,8522,卖盘
393,14:24:30,42.61,0.01,1,4261,中性盘
394,14:24:24,42.6,-0.05,71,304291,卖盘
395,14:24:21,42.65,0.05,40,173798,买盘
396,14:24:15,42.6,--,30,127800,卖盘
397,14:24:12,42.6,--,2,8520,卖盘
398,14:24:09,42.6,--,1,4260,卖盘
399,14:24:03,42.6,--,43,183180,卖盘
400,14:24:00,42.6,--,29,123540,卖盘
401,14:23:57,42.6,--,8,34080,卖盘
402,14:23:54,42.6,0.1,105,447896,买盘
403,14:23:51,42.5,--,14,59500,卖盘
404,14:23:48,42.5,--,48,204000,卖盘
405,14:23:45,42.5,-0.09,518,2201500,卖盘
406,14:23:39,42.59,0.08,21,89439,买盘
407,14:23:33,42.51,-0.01,3,12753,卖盘
408,14:23:27,42.52,-0.07,1,4252,卖盘
409,14:23:24,42.59,-0.01,15,65077,买盘
410,14:23:18,42.6,0.09,5,21300,中性盘
411,14:23:15,42.51,-0.09,141,599391,卖盘
412,14:23:12,42.6,--,3,12780,卖盘
413,14:23:09,42.6,-0.01,8,34080,卖盘
414,14:22:57,42.61,--,5,21305,卖盘
415,14:22:54,42.61,-0.01,2,8522,卖盘
416,14:22:48,42.62,--,4,17048,卖盘
417,14:22:45,42.62,--,5,21310,卖盘
418,14:22:42,42.62,--,1,4262,卖盘
419,14:22:36,42.62,-0.02,5,21310,卖盘
420,14:22:33,42.64,--,1,4264,买盘
421,14:22:27,42.64,--,5,21320,卖盘
422,14:22:24,42.64,-0.01,5,21320,卖盘
423,14:22:21,42.65,--,1,4265,买盘
424,14:22:18,42.65,--,1,4265,买盘
425,14:22:15,42.65,-0.05,98,419036,卖盘
426,14:22:09,42.7,--,2,8540,卖盘
427,14:22:03,42.7,--,47,200690,卖盘
428,14:21:54,42.7,--,2,11742,卖盘
429,14:21:51,42.7,--,1,6405,买盘
430,14:21:36,42.7,--,1,6405,卖盘
431,14:21:33,42.7,--,7,32025,买盘
432,14:21:30,42.7,0.03,1,4270,买盘
433,14:21:27,42.67,-0.01,2,8534,卖盘
434,14:21:24,42.68,-0.02,1,6402,卖盘
435,14:21:21,42.7,--,6,25620,买盘
436,14:21:15,42.7,--,1,4270,买盘
437,14:21:12,42.7,0.03,23,98210,买盘
438,14:21:09,42.67,-0.03,20,87473,卖盘
439,14:21:06,42.7,--,3,12810,卖盘
440,14:21:03,42.7,--,3,12810,卖盘
441,14:20:54,42.7,-0.05,6,25620,卖盘
442,14:20:39,42.75,0.05,31,132525,买盘
443,14:20:33,42.7,--,1,4270,卖盘
444,14:20:30,42.7,--,1,4270,买盘
445,14:20:27,42.7,0.02,5,21350,买盘
446,14:20:24,42.68,-0.02,2,8536,卖盘
447,14:20:15,42.7,--,5,21350,买盘
448,14:20:12,42.7,--,2,8540,买盘
449,14:20:09,42.7,0.03,1,4270,买盘
450,14:20:06,42.67,-0.03,9,38403,卖盘
451,14:20:00,42.7,--,1,4270,买盘
452,14:19:57,42.7,--,1,4270,卖盘
453,14:19:54,42.7,--,2,8540,卖盘
454,14:19:51,42.7,-0.01,2,8540,卖盘
455,14:19:42,42.71,0.04,5,21355,卖盘
456,14:19:36,42.67,0.01,0,2133,买盘
457,14:19:30,42.66,-0.01,4,17064,卖盘
458,14:19:21,42.67,-0.01,10,42670,卖盘
459,14:19:18,42.68,0.03,1,4268,中性盘
460,14:19:06,42.65,-0.03,9,38385,卖盘
461,14:18:57,42.68,--,3,12804,卖盘
462,14:18:54,42.68,-0.02,5,21340,卖盘
463,14:18:51,42.7,--,1,4270,买盘
464,14:18:42,42.7,-0.05,4,17080,卖盘
465,14:18:36,42.75,--,3,12825,买盘
466,14:18:30,42.75,--,0,2137,卖盘
467,14:18:27,42.75,--,1,4275,卖盘
468,14:18:24,42.75,-0.05,3,14962,卖盘
469,14:18:21,42.8,--,7,29959,买盘
470,14:18:15,42.8,--,1,4280,买盘
471,14:18:09,42.8,-0.01,7,31372,卖盘
472,14:17:54,42.81,-0.04,5,21405,中性盘
473,14:17:48,42.85,-0.01,13,55705,卖盘
474,14:17:39,42.86,--,1,4286,买盘
475,14:17:36,42.86,0.01,2,8572,买盘
476,14:17:33,42.85,--,178,762730,卖盘
477,14:17:27,42.85,-0.01,190,814150,卖盘
478,14:17:21,42.86,0.01,1,4286,买盘
479,14:17:18,42.85,-0.01,120,514200,卖盘
480,14:17:03,42.86,-0.02,122,526320,卖盘
481,14:17:00,42.88,-0.08,4,17152,卖盘
482,14:16:51,42.96,-0.04,1,4296,卖盘
483,14:16:42,43.0,--,4,17200,买盘
484,14:16:39,43.0,--,12,55470,卖盘
485,14:16:33,43.0,-0.15,33,144781,卖盘
486,14:16:30,43.15,0.09,2,8630,买盘
487,14:16:27,43.06,-0.09,3,12918,卖盘
488,14:16:15,43.15,0.09,20,86300,买盘
489,14:16:09,43.06,-0.09,1,4306,卖盘
490,14:16:03,43.15,0.09,14,64293,买盘
491,14:16:00,43.06,-0.04,2,8612,卖盘
492,14:15:57,43.1,-0.05,1,4310,卖盘
493,14:15:48,43.15,0.03,1,4315,买盘
494,14:15:42,43.12,-0.04,2,8624,卖盘
495,14:15:39,43.16,0.01,3,12947,买盘
496,14:15:36,43.15,--,0,172,卖盘
497,14:15:33,43.15,-0.02,0,1467,卖盘
498,14:15:24,43.17,0.01,7,30219,买盘
499,14:15:15,43.16,0.01,11,47475,买盘
500,14:15:12,43.15,--,1,4315,卖盘
501,14:15:06,43.15,--,30,131262,卖盘
502,14:14:54,43.15,0.03,16,69903,买盘
503,14:14:48,43.12,-0.01,12,55193,中性盘
504,14:14:42,43.13,0.11,1,4313,买盘
505,14:14:33,43.02,-0.11,7,30974,卖盘
506,14:14:27,43.13,--,2,8626,买盘
507,14:14:24,43.13,0.11,1,4313,买盘
508,14:14:21,43.02,-0.11,7,30114,卖盘
509,14:14:15,43.13,0.03,52,224276,买盘
510,14:14:03,43.1,-0.03,36,155160,卖盘
511,14:14:00,43.13,0.03,2,8626,买盘
512,14:13:39,43.1,0.04,10,43100,买盘
513,14:13:33,43.06,0.04,83,357398,买盘
514,14:13:27,43.02,0.01,5,21510,中性盘
515,14:13:21,43.01,0.01,3,12903,卖盘
516,14:13:15,43.0,--,12,53449,买盘
517,14:13:12,43.0,0.01,10,43000,买盘
518,14:13:09,42.99,-0.01,11,49739,卖盘
519,14:13:06,43.0,-0.08,87,374444,卖盘
520,14:13:00,43.08,0.08,23,99084,买盘
521,14:12:57,43.0,--,1,4300,卖盘
522,14:12:54,43.0,--,10,43000,卖盘
523,14:12:36,43.0,--,13,58050,卖盘
524,14:12:27,43.0,--,60,261655,买盘
525,14:12:24,43.0,0.01,12,51600,买盘
526,14:12:21,42.99,-0.01,3,12897,卖盘
527,14:12:12,43.0,--,60,258000,买盘
528,14:12:09,43.0,--,1,4300,买盘
529,14:12:06,43.0,0.03,13,55900,买盘
530,14:12:03,42.97,-0.03,102,438508,卖盘
531,14:12:00,43.0,--,2,8600,买盘
532,14:11:57,43.0,--,2,8600,买盘
533,14:11:51,43.0,0.01,21,90300,买盘
534,14:11:45,42.99,--,1,4299,卖盘
535,14:11:42,42.99,--,136,584664,买盘
536,14:11:36,42.99,--,12,53522,买盘
537,14:11:33,42.99,0.09,10,42990,买盘
538,14:11:21,42.9,--,6,27885,买盘
539,14:11:18,42.9,-0.04,19,83655,卖盘
540,14:11:09,42.94,--,27,115938,买盘
541,14:11:06,42.94,0.04,10,42940,买盘
542,14:11:03,42.9,-0.04,14,62205,卖盘
543,14:11:00,42.94,--,1,4294,买盘
544,14:10:57,42.94,0.04,5,21470,买盘
545,14:10:54,42.9,-0.04,1,4290,卖盘
546,14:10:51,42.94,0.06,1,4294,买盘
547,14:10:33,42.88,--,46,198105,卖盘
548,14:10:18,42.88,--,10,42880,卖盘
549,14:10:12,42.88,0.08,21,90048,买盘
550,14:10:06,42.8,--,1,4280,卖盘
551,14:10:03,42.8,-0.08,21,89880,卖盘
552,14:10:00,42.88,--,2,8576,买盘
553,14:09:57,42.88,--,14,60032,买盘
554,14:09:39,42.88,0.08,17,72896,买盘
555,14:09:36,42.8,-0.07,9,42372,卖盘
556,14:09:27,42.87,0.01,11,50457,买盘
557,14:09:21,42.86,--,2,8572,买盘
558,14:09:15,42.86,-0.01,13,56703,卖盘
559,14:09:12,42.87,0.01,5,21435,买盘
560,14:09:09,42.86,--,1,4286,卖盘
561,14:09:03,42.86,-0.01,56,240316,卖盘
562,14:08:57,42.87,0.01,2,8574,买盘
563,14:08:48,42.86,0.11,12,54432,买盘
564,14:08:33,42.75,-0.05,0,3847,卖盘
565,14:08:30,42.8,-0.06,15,64199,中性盘
566,14:08:12,42.86,--,29,127379,卖盘
567,14:08:06,42.86,--,60,259217,卖盘
568,14:07:45,42.86,0.05,1,7714,买盘
569,14:07:42,42.81,--,1,4281,买盘
570,14:07:36,42.81,--,13,59077,买盘
571,14:07:30,42.81,0.01,3,12843,买盘
572,14:07:24,42.8,--,1,4280,买盘
573,14:07:21,42.8,--,2,8560,买盘
574,14:07:15,42.8,--,2,8560,买盘
575,14:07:12,42.8,--,4,17120,买盘
576,14:07:09,42.8,--,15,65055,卖盘
577,14:07:06,42.8,--,85,367224,卖盘
578,14:06:51,42.8,--,2,8560,卖盘
579,14:06:48,42.8,-0.01,6,25680,中性盘
580,14:06:39,42.81,0.11,4,17124,买盘
581,14:06:30,42.7,-0.11,1,4270,卖盘
582,14:06:15,42.81,0.01,1,4281,买盘
583,14:06:12,42.8,0.12,1,4280,卖盘
584,14:06:09,42.68,-0.12,1,4268,卖盘
585,14:06:06,42.8,0.12,8,34240,买盘
586,14:06:03,42.68,-0.12,5,21340,卖盘
587,14:05:48,42.8,0.12,15,64199,买盘
588,14:05:42,42.68,--,3,12804,卖盘
589,14:05:39,42.68,--,6,25608,买盘
590,14:05:27,42.68,0.08,9,38412,买盘
591,14:05:21,42.6,--,11,46860,买盘
592,14:05:18,42.6,0.02,19,80940,中性盘
593,14:05:06,42.58,-0.02,10,42580,卖盘
594,14:05:03,42.6,--,2,8520,卖盘
595,14:05:00,42.6,--,12,51120,买盘
596,14:04:57,42.6,0.02,7,29820,买盘
597,14:04:54,42.58,-0.02,5,21290,卖盘
598,14:04:48,42.6,0.02,4,17040,买盘
599,14:04:42,42.58,--,5,21290,卖盘
600,14:04:30,42.58,--,6,25548,卖盘
601,14:04:27,42.58,--,4,17032,卖盘
602,14:04:24,42.58,0.07,4,18905,买盘
603,14:04:21,42.51,0.01,2,8502,中性盘
604,14:04:18,42.5,-0.08,20,85000,卖盘
605,14:04:15,42.58,0.08,18,76644,买盘
606,14:04:09,42.5,-0.05,94,399500,卖盘
607,14:04:06,42.55,-0.03,1,4255,卖盘
608,14:03:57,42.58,--,2,8516,卖盘
609,14:03:51,42.58,-0.02,13,55354,卖盘
610,14:03:48,42.6,--,3,12780,买盘
611,14:03:39,42.6,-0.06,10,42600,卖盘
612,14:03:30,42.66,-0.02,21,89586,卖盘
613,14:03:24,42.68,-0.02,52,221936,卖盘
614,14:03:09,42.7,-0.08,30,128100,卖盘
615,14:03:06,42.78,-0.02,3,12834,卖盘
616,14:03:03,42.8,--,15,66853,卖盘
617,14:03:00,42.8,--,10,42800,卖盘
618,14:02:51,42.8,-0.01,2,8560,卖盘
619,14:02:48,42.81,--,3,12843,买盘
620,14:02:45,42.81,0.01,1,4281,买盘
621,14:02:36,42.8,--,1,4280,卖盘
622,14:02:30,42.8,-0.01,30,128399,卖盘
623,14:02:27,42.81,--,5,21405,卖盘
624,14:02:24,42.81,--,1,4281,卖盘
625,14:02:12,42.81,0.01,26,112932,买盘
626,14:02:06,42.8,-0.01,19,81320,卖盘
627,14:01:57,42.81,--,1,4281,买盘
628,14:01:48,42.81,-0.06,26,111306,买盘
629,14:01:45,42.87,0.07,6,25722,买盘
630,14:01:42,42.8,-0.07,24,102720,卖盘
631,14:01:33,42.87,--,9,38583,买盘
632,14:01:18,42.87,0.06,7,30009,买盘
633,14:01:15,42.81,--,4,17124,买盘
634,14:01:09,42.81,--,1,4281,买盘
635,14:01:06,42.81,--,7,29967,卖盘
636,14:00:42,42.81,-0.07,143,612183,卖盘
637,14:00:39,42.88,-0.06,11,47168,卖盘
638,14:00:27,42.94,0.01,5,21470,买盘
639,14:00:24,42.93,0.05,6,25758,买盘
640,14:00:18,42.88,-0.06,16,68608,卖盘
641,13:59:45,42.94,--,1,4294,买盘
642,13:59:42,42.94,--,10,42940,买盘
643,13:59:30,42.94,--,9,38646,卖盘
644,13:59:21,42.94,-0.06,5,21470,卖盘
645,13:59:09,43.0,-0.01,2,8600,买盘
646,13:59:06,43.01,0.14,11,47311,买盘
647,13:58:57,42.87,--,2,8574,买盘
648,13:58:54,42.87,-0.12,9,38583,卖盘
649,13:58:51,42.99,--,6,25794,买盘
650,13:58:48,42.99,0.12,3,12897,买盘
651,13:58:45,42.87,--,1,4287,卖盘
652,13:58:30,42.87,-0.09,98,420126,卖盘
653,13:58:24,42.96,--,10,42960,买盘
654,13:58:21,42.96,-0.04,32,140307,卖盘
655,13:58:12,43.0,--,0,1462,买盘
656,13:58:06,43.0,--,20,86000,买盘
657,13:58:00,43.0,--,50,215000,买盘
658,13:57:42,43.0,--,11,47300,买盘
659,13:57:39,43.0,--,7,30100,买盘
660,13:57:36,43.0,--,20,86000,买盘
661,13:57:33,43.0,--,3,12900,买盘
662,13:57:24,43.0,0.01,2,8600,买盘
663,13:57:21,42.99,-0.01,3,12897,卖盘
664,13:57:18,43.0,--,3,12900,买盘
665,13:57:00,43.0,0.01,68,292400,买盘
666,13:56:51,42.99,--,3,12897,买盘
667,13:56:48,42.99,--,1,4299,买盘
668,13:56:45,42.99,--,6,25794,买盘
669,13:56:42,42.99,--,12,51588,买盘
670,13:56:39,42.99,--,2,8598,买盘
671,13:56:36,42.99,--,10,42990,买盘
672,13:56:33,42.99,--,2,8598,买盘
673,13:56:24,42.99,--,1,4299,买盘
674,13:56:12,42.99,0.06,3,12897,买盘
675,13:56:06,42.93,--,67,287631,买盘
676,13:55:57,42.93,--,2,8586,买盘
677,13:55:54,42.93,--,9,38637,买盘
678,13:55:36,42.93,0.05,52,223236,买盘
679,13:55:33,42.88,--,1,4288,买盘
680,13:55:30,42.88,--,8,34304,买盘
681,13:55:24,42.88,--,2,8576,买盘
682,13:55:12,42.88,--,58,248704,卖盘
683,13:54:51,42.88,--,11,47168,买盘
684,13:54:48,42.88,--,4,17152,买盘
685,13:54:45,42.88,0.07,1,4288,买盘
686,13:54:39,42.81,-0.07,58,248298,卖盘
687,13:54:36,42.88,0.01,14,60032,买盘
688,13:54:30,42.87,-0.01,4,17148,卖盘
689,13:54:27,42.88,--,2,8576,买盘
690,13:54:24,42.88,0.02,1,4288,买盘
691,13:54:06,42.86,--,3,12858,买盘
692,13:54:00,42.86,--,4,17144,买盘
693,13:53:51,42.86,--,5,21430,买盘
694,13:53:48,42.86,--,2,8572,买盘
695,13:53:45,42.86,0.02,5,21430,买盘
696,13:53:33,42.84,--,3,12852,卖盘
697,13:53:24,42.84,--,5,21420,买盘
698,13:53:03,42.84,--,1,4284,买盘
699,13:52:42,42.84,0.02,25,107100,买盘
700,13:52:36,42.82,--,8,34256,买盘
701,13:52:30,42.82,0.01,12,51384,买盘
702,13:52:24,42.81,-0.01,6,25686,卖盘
703,13:52:12,42.82,0.01,4,17128,买盘
704,13:52:06,42.81,--,2,8562,买盘
705,13:52:03,42.81,0.01,20,85620,买盘
706,13:52:00,42.8,--,4,17120,卖盘
707,13:51:54,42.8,--,2,8560,卖盘
708,13:51:51,42.8,--,6,25680,卖盘
709,13:51:45,42.8,--,3,12840,卖盘
710,13:51:42,42.8,-0.01,7,29959,卖盘
711,13:51:33,42.81,--,10,42810,买盘
712,13:51:30,42.81,--,1,4281,买盘
713,13:51:27,42.81,0.01,2,8562,买盘
714,13:51:24,42.8,-0.03,100,428000,卖盘
715,13:51:06,42.83,0.02,6,25698,买盘
716,13:51:00,42.81,-0.02,2,8562,卖盘
717,13:50:51,42.83,0.02,2,8566,买盘
718,13:50:42,42.81,--,2,8562,卖盘
719,13:50:30,42.81,-0.02,1,4281,卖盘
720,13:50:27,42.83,--,2,8566,买盘
721,13:50:24,42.83,--,6,25698,买盘
722,13:50:12,42.83,--,26,111358,中性盘
723,13:50:09,42.83,-0.01,1,4283,卖盘
724,13:49:57,42.84,--,10,42840,买盘
725,13:49:42,42.84,--,1,4284,买盘
726,13:49:39,42.84,-0.02,29,124236,卖盘
727,13:49:36,42.86,--,4,17144,卖盘
728,13:49:27,42.86,0.02,5,21430,卖盘
729,13:49:21,42.84,-0.02,24,102816,卖盘
730,13:49:03,42.86,--,2,8572,买盘
731,13:49:00,42.86,0.01,2,8572,买盘
732,13:48:57,42.85,-0.01,2,8570,卖盘
733,13:48:48,42.86,--,4,17144,卖盘
734,13:48:39,42.86,-0.02,1,4286,卖盘
735,13:48:33,42.88,0.02,20,85760,买盘
736,13:48:30,42.86,-0.02,6,25716,卖盘
737,13:48:21,42.88,--,1,4288,买盘
738,13:48:18,42.88,--,5,21440,买盘
739,13:48:15,42.88,0.03,1,4288,买盘
740,13:48:03,42.85,-0.03,1,4285,卖盘
741,13:47:57,42.88,0.03,21,90048,买盘
742,13:47:48,42.85,--,5,21425,卖盘
743,13:47:42,42.85,--,1,4285,卖盘
744,13:47:33,42.85,0.01,20,85700,中性盘
745,13:47:24,42.84,-0.01,36,157522,卖盘
746,13:47:18,42.85,--,9,38565,卖盘
747,13:47:15,42.85,--,5,21425,卖盘
748,13:47:06,42.85,-0.03,1,4285,卖盘
749,13:47:03,42.88,0.03,6,25728,买盘
750,13:46:57,42.85,-0.03,6,25710,卖盘
751,13:46:51,42.88,--,3,12864,买盘
752,13:46:45,42.88,0.03,1,4288,买盘
753,13:46:30,42.85,0.01,1,4285,中性盘
754,13:46:21,42.84,-0.01,18,77112,卖盘
755,13:46:18,42.85,0.01,1,4285,买盘
756,13:46:15,42.84,--,18,77112,卖盘
757,13:46:12,42.84,-0.01,1,5355,卖盘
758,13:46:09,42.85,--,0,3042,买盘
759,13:46:06,42.85,0.01,10,42850,买盘
760,13:46:03,42.84,--,2,8568,卖盘
761,13:46:00,42.84,--,3,12852,卖盘
762,13:45:57,42.84,-0.01,50,214200,卖盘
763,13:45:54,42.85,0.01,17,72845,买盘
764,13:45:48,42.84,-0.01,21,89964,卖盘
765,13:45:45,42.85,0.01,30,128550,买盘
766,13:45:39,42.84,--,4,17136,卖盘
767,13:45:36,42.84,-0.01,7,33500,卖盘
768,13:45:33,42.85,--,6,25710,买盘
769,13:45:30,42.85,0.01,1,4285,买盘
770,13:45:27,42.84,--,5,21420,卖盘
771,13:45:24,42.84,--,25,107100,卖盘
772,13:45:00,42.84,-0.04,98,419832,卖盘
773,13:44:57,42.88,-0.01,31,132928,卖盘
774,13:44:54,42.89,--,2,8578,买盘
775,13:44:45,42.89,--,55,236881,卖盘
776,13:44:39,42.89,-0.01,3,12867,卖盘
777,13:44:36,42.9,-0.05,2,8580,中性盘
778,13:44:30,42.95,0.06,30,128850,买盘
779,13:44:27,42.89,-0.06,150,643392,卖盘
780,13:44:24,42.95,--,3,12885,买盘
781,13:44:18,42.95,-0.03,4,17180,卖盘
782,13:44:12,42.98,--,21,90258,买盘
783,13:44:03,42.98,--,4,17192,买盘
784,13:43:51,42.98,--,2,8596,买盘
785,13:43:48,42.98,--,1,4298,买盘
786,13:43:39,42.98,-0.01,10,42980,卖盘
787,13:43:33,42.99,--,1,4299,买盘
788,13:43:24,42.99,--,10,42990,买盘
789,13:43:12,42.99,0.01,3,12897,买盘
790,13:43:09,42.98,0.07,13,55873,买盘
791,13:43:06,42.91,--,8,34328,买盘
792,13:43:03,42.91,-0.08,35,150185,卖盘
793,13:42:57,42.99,--,17,73083,买盘
794,13:42:54,42.99,0.08,5,21495,买盘
795,13:42:48,42.91,-0.08,3,12872,中性盘
796,13:42:39,42.99,0.09,20,85980,买盘
797,13:42:36,42.9,--,1,4290,卖盘
798,13:42:33,42.9,-0.01,70,303131,卖盘
799,13:42:30,42.91,--,10,42910,买盘
800,13:42:27,42.91,--,3,12872,买盘
801,13:42:24,42.91,--,31,133021,卖盘
802,13:42:09,42.91,0.01,5,21455,中性盘
803,13:42:00,42.9,--,62,265980,卖盘
804,13:41:57,42.9,--,4,17160,卖盘
805,13:41:54,42.9,-0.01,18,77649,卖盘
806,13:41:48,42.91,--,1,4291,买盘
807,13:41:45,42.91,-0.01,45,193094,卖盘
808,13:41:36,42.92,-0.01,7,30044,卖盘
809,13:41:30,42.93,--,1,4293,买盘
810,13:41:27,42.93,-0.06,1,4293,卖盘
811,13:41:21,42.99,--,5,21495,买盘
812,13:41:18,42.99,0.03,10,42990,买盘
813,13:41:15,42.96,-0.03,9,38664,卖盘
814,13:41:12,42.99,--,5,21495,买盘
815,13:41:06,42.99,-0.01,8,34392,中性盘
816,13:41:00,43.0,--,9,38700,买盘
817,13:40:57,43.0,--,2,8600,买盘
818,13:40:54,43.0,--,10,43000,买盘
819,13:40:48,43.0,--,1,4300,买盘
820,13:40:45,43.0,-0.02,18,77400,中性盘
821,13:40:39,43.02,0.02,6,25812,买盘
822,13:40:33,43.0,-0.01,17,77228,卖盘
823,13:40:30,43.01,-0.02,52,225028,卖盘
824,13:40:24,43.03,0.01,5,21515,买盘
825,13:40:21,43.02,-0.01,1,4302,中性盘
826,13:40:18,43.03,-0.02,82,352846,中性盘
827,13:40:12,43.05,0.02,1,4305,买盘
828,13:40:09,43.03,0.02,1,4303,买盘
829,13:40:06,43.01,-0.02,6,25806,买盘
830,13:40:03,43.03,--,99,425997,买盘
831,13:39:57,43.03,--,5,21515,买盘
832,13:39:51,43.03,0.03,7,30121,中性盘
833,13:39:45,43.0,-0.03,127,546100,卖盘
834,13:39:42,43.03,--,2,11704,买盘
835,13:39:36,43.03,--,32,137696,买盘
836,13:39:33,43.03,0.01,5,21515,买盘
837,13:39:30,43.02,-0.01,2,8604,卖盘
838,13:39:27,43.03,--,1,4303,买盘
839,13:39:24,43.03,0.01,30,129090,买盘
840,13:39:21,43.02,0.01,8,34416,中性盘
841,13:39:18,43.01,--,6,25806,卖盘
842,13:39:09,43.01,--,11,47311,卖盘
843,13:38:54,43.01,-0.05,25,107525,卖盘
844,13:38:51,43.06,0.04,1,4306,买盘
845,13:38:45,43.02,-0.05,20,86040,卖盘
846,13:38:33,43.07,--,35,150745,卖盘
847,13:38:24,43.07,-0.08,24,103368,卖盘
848,13:38:18,43.15,0.05,2,8630,买盘
849,13:38:15,43.1,--,4,17240,卖盘
850,13:38:12,43.1,--,4,17240,卖盘
851,13:38:09,43.1,-0.05,7,30170,卖盘
852,13:37:57,43.15,--,3,12945,卖盘
853,13:37:54,43.15,-0.01,2,8630,卖盘
854,13:37:51,43.16,-0.01,4,17264,中性盘
855,13:37:42,43.17,--,28,120876,买盘
856,13:37:39,43.17,--,9,38853,买盘
857,13:37:33,43.17,--,4,17268,买盘
858,13:37:30,43.17,--,5,21585,卖盘
859,13:37:27,43.17,-0.01,24,103608,卖盘
860,13:37:21,43.18,0.01,6,25908,中性盘
861,13:37:12,43.17,-0.03,14,60438,卖盘
862,13:37:09,43.2,--,2,8640,卖盘
863,13:37:03,43.2,-0.07,5,21600,卖盘
864,13:36:57,43.27,-0.03,2,8654,买盘
865,13:36:48,43.3,--,256,1108480,卖盘
866,13:36:45,43.3,--,11,47630,卖盘
867,13:36:42,43.3,-0.01,1,4330,卖盘
868,13:36:39,43.31,-0.04,8,34648,卖盘
869,13:36:33,43.35,--,1,4335,买盘
870,13:36:27,43.35,-0.02,36,156060,卖盘
871,13:36:21,43.37,-0.01,3,13011,卖盘
872,13:36:12,43.38,-0.03,25,108450,卖盘
873,13:36:03,43.41,0.01,5,21705,买盘
874,13:36:00,43.4,-0.01,10,43400,卖盘
875,13:35:57,43.41,--,11,47750,卖盘
876,13:35:51,43.41,-0.01,2,8682,卖盘
877,13:35:45,43.42,0.01,1,4342,卖盘
878,13:35:39,43.41,-0.01,100,434099,卖盘
879,13:35:36,43.42,--,3,13026,卖盘
880,13:35:33,43.42,--,2,8684,买盘
881,13:35:27,43.42,--,11,47762,买盘
882,13:35:24,43.42,-0.02,87,377754,卖盘
883,13:35:18,43.44,--,25,108600,卖盘
884,13:35:15,43.44,-0.06,7,30408,卖盘
885,13:35:03,43.5,--,16,69600,买盘
886,13:34:57,43.5,--,3,13050,买盘
887,13:34:54,43.5,--,1,4350,买盘
888,13:34:48,43.5,-0.08,10,47415,卖盘
889,13:34:45,43.58,-0.01,23,100234,卖盘
890,13:34:42,43.59,--,19,82821,买盘
891,13:34:39,43.59,0.01,19,82821,买盘
892,13:34:33,43.58,--,15,65370,卖盘
893,13:34:21,43.58,0.08,22,95876,买盘
894,13:34:18,43.5,--,10,43500,卖盘
895,13:34:15,43.5,0.01,1,4350,卖盘
896,13:34:09,43.49,-0.01,1,4783,买盘
897,13:34:06,43.5,--,2,8700,买盘
898,13:33:57,43.5,--,1,4350,买盘
899,13:33:45,43.5,--,5,21750,买盘
900,13:33:42,43.5,--,1,4350,买盘
901,13:33:36,43.5,--,12,52200,买盘
902,13:33:03,43.5,0.07,1,4350,买盘
903,13:32:42,43.43,--,2,8686,卖盘
904,13:32:30,43.43,--,4,17372,买盘
905,13:32:27,43.43,--,1,4343,买盘
906,13:32:21,43.43,--,1,4343,买盘
907,13:32:12,43.43,-0.07,4,17372,卖盘
908,13:32:03,43.5,--,13,56550,买盘
909,13:31:57,43.5,0.07,2,8700,买盘
910,13:31:54,43.43,-0.07,7,30401,卖盘
911,13:31:45,43.5,0.07,40,174000,买盘
912,13:31:36,43.43,--,1,4343,卖盘
913,13:31:33,43.43,--,6,26058,卖盘
914,13:31:30,43.43,-0.03,13,56459,中性盘
915,13:31:27,43.46,0.04,12,52152,买盘
916,13:31:24,43.42,--,5,21710,卖盘
917,13:31:21,43.42,-0.01,55,238810,卖盘
918,13:31:15,43.43,-0.02,1,4343,卖盘
919,13:31:03,43.45,-0.01,20,86900,卖盘
920,13:30:57,43.46,-0.04,10,43460,卖盘
921,13:30:45,43.5,-0.03,10,47415,卖盘
922,13:30:39,43.53,0.03,0,435,买盘
923,13:30:36,43.5,-0.08,10,43500,卖盘
924,13:30:33,43.58,--,4,21354,卖盘
925,13:30:30,43.58,0.08,1,4793,买盘
926,13:30:21,43.5,-0.03,22,95700,卖盘
927,13:30:15,43.53,-0.02,5,21765,卖盘
928,13:30:09,43.55,--,1,4355,买盘
929,13:30:06,43.55,-0.02,9,39195,卖盘
930,13:30:00,43.57,--,4,17428,买盘
931,13:29:57,43.57,-0.01,2,8714,中性盘
932,13:29:30,43.58,0.01,1,4358,买盘
933,13:29:24,43.57,--,1,4357,买盘
934,13:29:12,43.57,-0.01,13,60562,卖盘
935,13:29:03,43.58,-0.02,3,13074,卖盘
936,13:29:00,43.6,0.02,1,4360,买盘
937,13:28:54,43.58,--,15,65370,卖盘
938,13:28:48,43.58,--,3,13074,卖盘
939,13:28:39,43.58,--,14,61012,买盘
940,13:28:36,43.58,--,9,39222,买盘
941,13:28:24,43.58,0.01,1,4358,买盘
942,13:28:03,43.57,0.02,8,35291,买盘
943,13:27:57,43.55,--,1,4355,卖盘
944,13:27:42,43.55,-0.02,4,17420,卖盘
945,13:27:27,43.57,0.02,16,69712,买盘
946,13:27:24,43.55,-0.02,1,4355,卖盘
947,13:27:18,43.57,--,2,8714,买盘
948,13:27:09,43.57,--,4,17428,买盘
949,13:27:06,43.57,--,1,4357,买盘
950,13:27:00,43.57,--,10,43570,买盘
951,13:26:33,43.57,--,1,4357,买盘
952,13:26:24,43.57,--,20,87140,买盘
953,13:26:15,43.57,-0.01,5,25706,卖盘
954,13:26:12,43.58,0.01,6,26148,买盘
955,13:26:09,43.57,--,1,4357,卖盘
956,13:26:06,43.57,--,1,4357,卖盘
957,13:25:48,43.57,--,2,8714,卖盘
958,13:25:45,43.57,0.03,8,35291,买盘
959,13:25:39,43.54,-0.02,2,8708,卖盘
960,13:25:36,43.56,--,1,4356,卖盘
961,13:25:33,43.56,-0.01,3,13068,中性盘
962,13:25:21,43.57,--,3,13071,买盘
963,13:25:15,43.57,--,1,4357,买盘
964,13:25:06,43.57,--,7,30499,买盘
965,13:25:03,43.57,-0.04,34,148138,卖盘
966,13:24:57,43.61,0.01,4,17444,买盘
967,13:24:45,43.6,--,1,4360,卖盘
968,13:24:42,43.6,-0.01,3,13080,卖盘
969,13:24:30,43.61,--,4,17444,买盘
970,13:24:27,43.61,-0.01,5,21805,卖盘
971,13:24:09,43.62,--,2,8724,买盘
972,13:24:06,43.62,-0.06,53,234544,卖盘
973,13:24:03,43.68,--,2,8736,买盘
974,13:24:00,43.68,--,12,52416,卖盘
975,13:23:54,43.68,--,15,65520,卖盘
976,13:23:51,43.68,--,1,4368,卖盘
977,13:23:45,43.68,--,3,13104,卖盘
978,13:23:42,43.68,-0.02,3,14108,卖盘
979,13:23:33,43.7,--,42,183540,买盘
980,13:23:15,43.7,--,45,196650,卖盘
981,13:23:12,43.7,--,3,13110,卖盘
982,13:23:06,43.7,-0.01,8,34960,卖盘
983,13:22:57,43.71,-0.02,125,549740,卖盘
984,13:22:51,43.73,0.01,5,21865,买盘
985,13:22:48,43.72,-0.01,15,65580,卖盘
986,13:22:36,43.73,--,5,21865,卖盘
987,13:22:33,43.73,-0.05,30,131190,卖盘
988,13:22:30,43.78,--,1,4378,卖盘
989,13:22:27,43.78,0.06,9,39402,买盘
990,13:22:21,43.72,-0.01,9,40353,卖盘
991,13:22:18,43.73,-0.05,2,8746,卖盘
992,13:22:03,43.78,-0.02,1,4378,卖盘
993,13:21:57,43.8,--,5,21900,买盘
994,13:21:48,43.8,--,7,30659,买盘
995,13:21:39,43.8,0.01,24,105120,买盘
996,13:21:33,43.79,--,3,13137,卖盘
997,13:21:24,43.79,--,5,21895,卖盘
998,13:21:12,43.79,--,15,65685,买盘
999,13:20:48,43.79,--,2,8758,买盘
1000,13:20:45,43.79,0.07,5,21895,买盘
1001,13:20:21,43.72,-0.07,1,4372,中性盘
1002,13:20:09,43.79,0.08,3,13137,中性盘
1003,13:19:30,43.71,-0.09,1,4371,卖盘
1004,13:19:24,43.8,0.1,2,8760,买盘
1005,13:19:15,43.7,--,8,34960,卖盘
1006,13:18:54,43.7,--,1,4370,卖盘
1007,13:18:48,43.7,--,1,4370,买盘
1008,13:18:45,43.7,--,1,4370,买盘
1009,13:18:42,43.7,0.02,1,4370,买盘
1010,13:18:39,43.68,--,5,21840,卖盘
1011,13:18:36,43.68,--,3,13104,卖盘
1012,13:18:30,43.68,--,3,13104,卖盘
1013,13:18:06,43.68,0.03,4,17472,中性盘
1014,13:17:42,43.65,--,10,43650,买盘
1015,13:17:39,43.65,0.02,1,4365,买盘
1016,13:17:30,43.63,0.01,5,21815,中性盘
1017,13:17:21,43.62,-0.01,3,13086,卖盘
1018,13:17:15,43.63,0.01,1,4363,中性盘
1019,13:17:03,43.62,0.03,8,34896,中性盘
1020,13:16:51,43.59,0.01,5,21795,卖盘
1021,13:16:48,43.58,-0.04,13,56654,卖盘
1022,13:16:39,43.62,0.04,10,43620,卖盘
1023,13:16:36,43.58,-0.06,10,43580,卖盘
1024,13:16:30,43.64,--,4,17456,卖盘
1025,13:16:24,43.64,-0.17,1,4364,卖盘
1026,13:16:18,43.81,0.15,5,21905,买盘
1027,13:16:15,43.66,-0.02,17,74222,卖盘
1028,13:16:12,43.68,--,5,21840,买盘
1029,13:16:09,43.68,-0.13,19,82992,卖盘
1030,13:16:03,43.81,--,1,4381,买盘
1031,13:15:57,43.81,--,1,4381,买盘
1032,13:15:54,43.81,0.11,1,4381,中性盘
1033,13:15:48,43.7,-0.11,53,231610,卖盘
1034,13:15:39,43.81,--,2,8762,卖盘
1035,13:15:33,43.81,--,8,35048,卖盘
1036,13:15:30,43.81,--,6,26286,卖盘
1037,13:15:27,43.81,0.01,23,100763,卖盘
1038,13:15:24,43.8,--,15,65700,买盘
1039,13:15:21,43.8,-0.01,12,52560,卖盘
1040,13:15:12,43.81,--,15,65715,卖盘
1041,13:15:09,43.81,--,5,21905,卖盘
1042,13:15:00,43.81,-0.02,30,131430,卖盘
1043,13:14:57,43.83,-0.07,4,17532,卖盘
1044,13:14:51,43.9,0.05,1,4390,卖盘
1045,13:14:48,43.85,0.02,9,39465,中性盘
1046,13:14:42,43.83,-0.07,5,21915,卖盘
1047,13:14:27,43.9,0.02,2,8780,中性盘
1048,13:14:21,43.88,-0.12,1,4388,中性盘
1049,13:14:15,44.0,0.11,123,541200,买盘
1050,13:14:12,43.89,0.01,3,13167,卖盘
1051,13:14:09,43.88,-0.01,3,13164,卖盘
1052,13:14:06,43.89,0.01,1,4389,中性盘
1053,13:14:00,43.88,-0.02,5,21940,卖盘
1054,13:13:57,43.9,--,4,17560,买盘
1055,13:13:45,43.9,--,16,71908,卖盘
1056,13:13:33,43.9,--,35,156371,买盘
1057,13:13:27,43.9,0.01,33,144870,买盘
1058,13:13:24,43.89,-0.02,1,4389,卖盘
1059,13:13:15,43.91,0.01,7,30736,买盘
1060,13:13:12,43.9,--,5,21950,买盘
1061,13:13:06,43.9,--,10,43900,买盘
1062,13:13:00,43.9,--,34,149260,卖盘
1063,13:12:57,43.9,-0.01,10,43900,卖盘
1064,13:12:42,43.91,-0.09,5,21955,卖盘
1065,13:12:36,44.0,0.09,1,4400,中性盘
1066,13:12:30,43.91,--,3,13172,卖盘
1067,13:12:27,43.91,-0.19,1,4391,卖盘
1068,13:12:15,44.1,0.19,6,26460,买盘
1069,13:12:12,43.91,-0.19,2,8782,卖盘
1070,13:12:06,44.1,--,24,105840,买盘
1071,13:12:03,44.1,-0.05,1,4410,中性盘
1072,13:11:51,44.15,0.24,81,357615,买盘
1073,13:11:48,43.91,-0.19,1,4391,卖盘
1074,13:11:45,44.1,--,3,13230,买盘
1075,13:11:42,44.1,--,10,48465,卖盘
1076,13:11:39,44.1,--,1,4410,卖盘
1077,13:11:36,44.1,--,2,8820,卖盘
1078,13:11:33,44.1,--,4,17640,卖盘
1079,13:11:30,44.1,--,50,220500,卖盘
1080,13:11:24,44.1,0.1,38,167624,买盘
1081,13:11:21,44.0,0.09,1,4400,买盘
1082,13:11:18,43.91,-0.19,3,13172,卖盘
1083,13:11:03,44.1,0.1,20,88200,买盘
1084,13:11:00,44.0,--,2,13156,卖盘
1085,13:10:54,44.0,--,0,44,买盘
1086,13:10:51,44.0,--,7,30800,买盘
1087,13:10:48,44.0,--,1,8756,卖盘
1088,13:10:45,44.0,-0.1,7,30800,卖盘
1089,13:10:42,44.1,0.1,1,4410,中性盘
1090,13:10:30,44.0,-0.1,19,83600,卖盘
1091,13:10:24,44.1,0.1,10,44100,中性盘
1092,13:10:06,44.0,-0.16,6,26400,卖盘
1093,13:10:03,44.16,0.16,12,52991,买盘
1094,13:10:00,44.0,--,1,4444,卖盘
1095,13:09:57,44.0,-0.17,16,70400,卖盘
1096,13:09:51,44.17,0.17,20,88340,买盘
1097,13:09:48,44.0,-0.1,20,88000,卖盘
1098,13:09:39,44.1,--,5,22050,卖盘
1099,13:09:36,44.1,--,24,105840,卖盘
1100,13:09:33,44.1,--,3,13230,买盘
1101,13:09:30,44.1,0.1,6,26460,买盘
1102,13:09:24,44.0,--,2,8800,卖盘
1103,13:09:21,44.0,-0.1,1,4400,中性盘
1104,13:09:15,44.1,0.21,110,485100,买盘
1105,13:09:12,43.89,-0.1,4,17556,卖盘
1106,13:09:00,43.99,0.1,19,83581,买盘
1107,13:08:57,43.89,--,6,26334,买盘
1108,13:08:54,43.89,0.01,1,4389,买盘
1109,13:08:45,43.88,0.06,57,250116,买盘
1110,13:08:36,43.82,-0.01,11,48202,卖盘
1111,13:08:21,43.83,0.02,3,13149,买盘
1112,13:08:06,43.81,0.01,1,4381,买盘
1113,13:08:03,43.8,--,2,8760,卖盘
1114,13:07:54,43.8,--,12,52560,买盘
1115,13:07:51,43.8,--,3,13140,买盘
1116,13:07:42,43.8,0.05,1,4380,买盘
1117,13:07:39,43.75,-0.05,20,87500,卖盘
1118,13:07:36,43.8,--,1,4380,买盘
1119,13:07:33,43.8,0.01,5,21900,买盘
1120,13:07:30,43.79,--,1,4379,卖盘
1121,13:07:12,43.79,--,8,35032,卖盘
1122,13:07:00,43.79,0.04,1,4379,中性盘
1123,13:06:51,43.75,--,1,4375,卖盘
1124,13:06:45,43.75,-0.05,2,8750,卖盘
1125,13:06:42,43.8,--,1,4380,买盘
1126,13:06:12,43.8,0.05,2,8760,中性盘
1127,13:06:06,43.75,-0.05,3,13125,卖盘
1128,13:06:03,43.8,--,5,21900,卖盘
1129,13:05:48,43.8,--,19,84052,买盘
1130,13:05:30,43.8,0.01,6,26280,买盘
1131,13:05:27,43.79,-0.01,5,21895,卖盘
1132,13:05:18,43.8,-0.01,28,122639,卖盘
1133,13:05:15,43.81,--,5,21905,买盘
1134,13:05:06,43.81,--,1,4381,买盘
1135,13:05:03,43.81,--,1,4381,买盘
1136,13:04:57,43.81,--,1,4381,卖盘
1137,13:04:54,43.81,--,10,43810,卖盘
1138,13:04:42,43.81,--,1,4381,买盘
1139,13:04:39,43.81,0.01,2,8762,买盘
1140,13:04:33,43.8,0.07,12,52560,买盘
1141,13:04:09,43.73,--,1,4373,卖盘
1142,13:03:48,43.73,-0.08,25,109324,卖盘
1143,13:03:39,43.81,--,4,17524,卖盘
1144,13:03:33,43.81,-0.01,1,4381,卖盘
1145,13:03:21,43.82,--,3,13146,买盘
1146,13:03:03,43.82,-0.01,5,21910,卖盘
1147,13:02:51,43.83,--,11,48213,卖盘
1148,13:02:48,43.83,-0.05,10,43830,卖盘
1149,13:02:45,43.88,--,1,4388,买盘
1150,13:02:42,43.88,0.05,2,8776,中性盘
1151,13:02:33,43.83,-0.06,24,105192,卖盘
1152,13:02:24,43.89,--,1,4389,买盘
1153,13:02:18,43.89,-0.01,3,13167,卖盘
1154,13:02:15,43.9,--,3,13170,中性盘
1155,13:02:03,43.9,0.01,3,13170,买盘
1156,13:02:00,43.89,-0.01,1,4389,卖盘
1157,13:01:57,43.9,-0.05,2,8780,买盘
1158,13:01:54,43.95,-0.05,48,210960,卖盘
1159,13:01:51,44.0,-0.18,2,8800,中性盘
1160,13:01:45,44.18,0.18,190,839420,买盘
1161,13:01:36,44.0,-0.01,16,70400,卖盘
1162,13:01:24,44.01,--,26,114426,买盘
1163,13:01:18,44.01,--,9,39609,卖盘
1164,13:01:06,44.01,-0.02,11,48411,卖盘
1165,13:00:54,44.03,0.08,3,13209,买盘
1166,13:00:45,43.95,-0.05,6,26370,卖盘
1167,13:00:42,44.0,--,2,8800,买盘
1168,13:00:33,44.0,--,7,30800,买盘
1169,13:00:24,44.0,--,1,4400,买盘
1170,13:00:21,44.0,--,1,4400,买盘
1171,13:00:09,44.0,--,1,4400,买盘
1172,13:00:06,44.0,-0.02,42,184800,卖盘
1173,13:00:03,44.02,0.17,251,1104902,买盘
1174,13:00:00,43.85,--,0,0,卖盘
1175,11:30:00,43.85,-0.15,1,4385,卖盘
1176,11:29:42,44.0,--,1,4400,买盘
1177,11:29:30,44.0,-0.01,3,13200,中性盘
1178,11:29:24,44.01,0.01,53,233253,买盘
1179,11:29:21,44.0,--,7,30800,买盘
1180,11:29:18,44.0,--,25,110000,中性盘
1181,11:29:12,44.0,--,41,180400,卖盘
1182,11:29:09,44.0,--,2,8800,卖盘
1183,11:29:06,44.0,-0.01,75,330000,卖盘
1184,11:29:03,44.01,--,12,52812,买盘
1185,11:29:00,44.01,0.01,12,52812,买盘
1186,11:28:57,44.0,--,5,22000,卖盘
1187,11:28:51,44.0,--,2,8800,卖盘
1188,11:28:48,44.0,--,1,4400,卖盘
1189,11:28:45,44.0,0.15,535,2354000,买盘
1190,11:28:36,43.85,-0.14,3,13155,卖盘
1191,11:28:33,43.99,--,10,43990,买盘
1192,11:28:30,43.99,--,165,725835,买盘
1193,11:28:21,43.99,0.09,239,1051361,买盘
1194,11:28:18,43.9,0.07,131,575090,买盘
1195,11:28:12,43.83,0.03,5,21915,买盘
1196,11:28:00,43.8,-0.03,30,131400,卖盘
1197,11:27:57,43.83,-0.07,14,61362,卖盘
1198,11:27:54,43.9,0.09,9,39510,买盘
1199,11:27:39,43.81,0.01,2,8762,买盘
1200,11:27:36,43.8,-0.1,10,43800,卖盘
1201,11:27:33,43.9,--,1,4390,买盘
1202,11:27:30,43.9,0.1,2,8780,买盘
1203,11:27:27,43.8,-0.1,13,56939,卖盘
1204,11:27:21,43.9,0.1,7,30730,买盘
1205,11:27:18,43.8,-0.1,5,21900,卖盘
1206,11:27:12,43.9,--,9,39510,买盘
1207,11:27:09,43.9,0.1,7,30730,买盘
1208,11:27:06,43.8,--,4,17520,卖盘
1209,11:27:03,43.8,--,2,8760,卖盘
1210,11:27:00,43.8,--,3,13140,卖盘
1211,11:26:57,43.8,--,40,175200,卖盘
1212,11:26:54,43.8,--,248,1086240,卖盘
1213,11:26:51,43.8,--,1,4380,卖盘
1214,11:26:48,43.8,0.07,111,486179,买盘
1215,11:26:39,43.73,-0.04,121,529133,卖盘
1216,11:26:36,43.77,0.01,7,30639,买盘
1217,11:26:33,43.76,--,1,4376,买盘
1218,11:26:30,43.76,-0.02,10,43760,卖盘
1219,11:26:27,43.78,--,12,52536,卖盘
1220,11:26:21,43.78,--,1,4378,卖盘
1221,11:26:18,43.78,--,5,21890,买盘
1222,11:26:15,43.78,0.01,3,13134,买盘
1223,11:26:12,43.77,-0.01,2,8754,卖盘
1224,11:26:09,43.78,--,1,4378,买盘
1225,11:26:06,43.78,0.01,4,17512,买盘
1226,11:26:03,43.77,-0.01,1,4377,卖盘
1227,11:26:00,43.78,--,1,4378,买盘
1228,11:25:54,43.78,0.06,128,560384,买盘
1229,11:25:51,43.72,--,8,34976,卖盘
1230,11:25:48,43.72,--,1,4372,卖盘
1231,11:25:45,43.72,-0.03,3,13116,卖盘
1232,11:25:42,43.75,0.03,20,87500,买盘
1233,11:25:39,43.72,--,9,39348,卖盘
1234,11:25:36,43.72,0.01,1,4372,卖盘
1235,11:25:33,43.71,0.03,27,118017,买盘
1236,11:25:24,43.68,--,12,52416,买盘
1237,11:25:15,43.68,-0.03,3,13104,中性盘
1238,11:25:09,43.71,0.03,150,655650,买盘
1239,11:25:03,43.68,0.01,38,165984,买盘
1240,11:25:00,43.67,--,2,8734,中性盘
1241,11:24:48,43.67,--,5,21835,买盘
1242,11:24:42,43.67,--,2,8734,买盘
1243,11:24:36,43.67,-0.01,3,13101,卖盘
1244,11:24:33,43.68,0.01,2,8736,买盘
1245,11:24:30,43.67,--,12,52404,卖盘
1246,11:24:27,43.67,-0.01,15,65505,卖盘
1247,11:24:24,43.68,0.01,18,78624,买盘
1248,11:24:21,43.67,--,4,17468,卖盘
1249,11:24:18,43.67,-0.01,5,21835,卖盘
1250,11:24:15,43.68,0.01,10,43680,买盘
1251,11:24:12,43.67,--,1,4367,卖盘
1252,11:24:09,43.67,0.07,3,13101,买盘
1253,11:24:00,43.6,-0.03,25,109000,卖盘
1254,11:23:57,43.63,0.03,3,13089,买盘
1255,11:23:51,43.6,0.04,141,614760,买盘
1256,11:23:45,43.56,-0.04,7,30492,卖盘
1257,11:23:39,43.6,0.02,98,427280,买盘
1258,11:23:33,43.58,0.08,14,61012,买盘
1259,11:23:30,43.5,-0.06,60,263349,卖盘
1260,11:23:27,43.56,--,4,17424,买盘
1261,11:23:24,43.56,--,11,47916,买盘
1262,11:23:15,43.56,0.05,5,21780,买盘
1263,11:23:12,43.51,-0.05,1,4351,中性盘
1264,11:23:09,43.56,0.06,150,653400,买盘
1265,11:23:03,43.5,--,1,4350,卖盘
1266,11:23:00,43.5,--,101,441481,买盘
1267,11:22:57,43.5,--,7,30450,买盘
1268,11:22:54,43.5,--,6,26100,买盘
1269,11:22:51,43.5,--,15,65250,买盘
1270,11:22:48,43.5,0.01,1,4350,买盘
1271,11:22:45,43.49,-0.01,1,4349,中性盘
1272,11:22:42,43.5,--,50,217500,买盘
1273,11:22:39,43.5,--,6,26100,买盘
1274,11:22:36,43.5,0.01,74,321900,买盘
1275,11:22:33,43.49,0.06,11,47839,买盘
1276,11:22:24,43.43,-0.06,1,4343,卖盘
1277,11:22:21,43.49,0.04,104,452296,买盘
1278,11:22:15,43.45,--,8,34760,买盘
1279,11:22:12,43.45,0.04,101,438845,买盘
1280,11:22:09,43.41,--,26,115123,买盘
1281,11:22:06,43.41,--,2,8682,买盘
1282,11:22:03,43.41,0.01,11,47750,买盘
1283,11:22:00,43.4,-0.01,22,95480,中性盘
1284,11:21:57,43.41,0.01,12,52091,买盘
1285,11:21:54,43.4,--,23,99820,买盘
1286,11:21:51,43.4,--,15,65100,买盘
1287,11:21:45,43.4,--,8,34720,买盘
1288,11:21:24,43.4,0.02,13,56420,买盘
1289,11:21:18,43.38,--,31,134478,买盘
1290,11:21:09,43.38,--,4,17352,买盘
1291,11:21:03,43.38,--,2,8676,买盘
1292,11:20:57,43.38,--,2,8676,买盘
1293,11:20:45,43.38,0.21,13,56394,买盘
1294,11:20:39,43.17,--,17,73389,卖盘
1295,11:20:00,43.17,--,10,43170,买盘
1296,11:19:54,43.17,-0.11,29,125193,卖盘
1297,11:19:51,43.28,--,1,4328,买盘
1298,11:19:48,43.28,0.11,2,8656,买盘
1299,11:19:42,43.17,-0.11,1,4317,卖盘
1300,11:19:33,43.28,--,2,8656,卖盘
1301,11:19:24,43.28,-0.1,2,8656,卖盘
1302,11:19:21,43.38,--,4,17352,买盘
1303,11:19:15,43.38,--,5,21690,买盘
1304,11:19:09,43.38,--,1,4338,买盘
1305,11:19:06,43.38,--,2,8676,买盘
1306,11:19:00,43.38,--,2,8676,卖盘
1307,11:18:54,43.38,--,5,21690,卖盘
1308,11:18:51,43.38,-0.02,25,108450,卖盘
1309,11:18:48,43.4,0.01,4,17360,买盘
1310,11:18:42,43.39,--,4,17356,买盘
1311,11:18:39,43.39,0.01,5,21695,买盘
1312,11:18:36,43.38,-0.01,1,4338,卖盘
1313,11:18:33,43.39,0.01,1,4339,买盘
1314,11:18:27,43.38,-0.02,3,13014,卖盘
1315,11:18:15,43.4,0.02,4,17360,买盘
1316,11:18:09,43.38,-0.02,7,30366,卖盘
1317,11:18:06,43.4,0.01,7,30380,买盘
1318,11:18:03,43.39,0.01,4,17356,买盘
1319,11:18:00,43.38,-0.01,2,8676,卖盘
1320,11:17:45,43.39,0.01,4,17356,买盘
1321,11:17:42,43.38,--,5,21690,卖盘
1322,11:17:39,43.38,0.04,154,668052,买盘
1323,11:17:18,43.34,--,9,39006,买盘
1324,11:17:12,43.34,--,4,17336,买盘
1325,11:17:06,43.34,--,2,8668,买盘
1326,11:16:51,43.34,-0.01,2,8668,中性盘
1327,11:16:48,43.35,0.17,1,4335,买盘
1328,11:16:39,43.18,--,9,38862,买盘
1329,11:16:33,43.18,-0.17,31,133858,卖盘
1330,11:16:21,43.35,--,3,13005,买盘
1331,11:16:06,43.35,-0.03,1,4335,中性盘
1332,11:16:03,43.38,-0.01,5,21690,中性盘
1333,11:15:57,43.39,0.03,4,17356,买盘
1334,11:15:51,43.36,-0.02,10,43360,卖盘
1335,11:15:45,43.38,--,5,21690,买盘
1336,11:15:27,43.38,0.19,10,43380,买盘
1337,11:15:21,43.19,-0.11,1,4319,卖盘
1338,11:15:06,43.3,0.11,1,4330,买盘
1339,11:15:00,43.19,--,3,12957,买盘
1340,11:14:51,43.19,--,11,47509,买盘
1341,11:14:45,43.19,--,2,8638,买盘
1342,11:14:24,43.19,--,5,21595,买盘
1343,11:14:12,43.19,--,5,21595,买盘
1344,11:14:09,43.19,--,10,43190,买盘
1345,11:14:06,43.19,--,1,4319,买盘
1346,11:14:03,43.19,0.01,6,25914,买盘
1347,11:13:51,43.18,-0.01,3,12954,卖盘
1348,11:13:42,43.19,--,3,12957,买盘
1349,11:13:33,43.19,--,9,38871,买盘
1350,11:13:30,43.19,--,3,12957,买盘
1351,11:13:27,43.19,--,3,12957,卖盘
1352,11:13:15,43.19,-0.2,2,8638,卖盘
1353,11:13:06,43.39,-0.01,1,4339,中性盘
1354,11:12:54,43.4,--,11,47740,买盘
1355,11:12:48,43.4,0.2,7,30380,买盘
1356,11:12:30,43.2,-0.2,1,4320,买盘
1357,11:12:27,43.4,0.2,20,86800,买盘
1358,11:12:24,43.2,-0.2,1,4320,卖盘
1359,11:12:15,43.4,--,4,17360,买盘
1360,11:12:12,43.4,--,7,30380,买盘
1361,11:12:09,43.4,-0.01,6,26040,卖盘
1362,11:12:06,43.41,-0.02,1,4341,中性盘
1363,11:11:42,43.43,0.02,37,160691,买盘
1364,11:11:39,43.41,-0.02,3,13022,卖盘
1365,11:11:36,43.43,--,5,21715,买盘
1366,11:11:15,43.43,--,5,21715,买盘
1367,11:11:09,43.43,--,6,26058,买盘
1368,11:11:06,43.43,0.02,14,60802,买盘
1369,11:11:03,43.41,-0.03,1,4341,卖盘
1370,11:10:39,43.44,0.03,5,21720,买盘
1371,11:10:33,43.41,-0.03,5,21705,卖盘
1372,11:10:27,43.44,-0.03,10,43483,卖盘
1373,11:10:24,43.47,--,4,17388,中性盘
1374,11:10:18,43.47,0.02,6,26082,买盘
1375,11:10:15,43.45,--,3,13035,卖盘
1376,11:10:12,43.45,-0.02,5,21725,卖盘
1377,11:10:06,43.47,--,1,4347,买盘
1378,11:10:03,43.47,--,5,21735,买盘
1379,11:09:57,43.47,--,1,4347,中性盘
1380,11:09:54,43.47,--,3,13041,卖盘
1381,11:09:51,43.47,0.02,5,21735,买盘
1382,11:09:45,43.45,-0.03,5,21725,卖盘
1383,11:09:33,43.48,--,10,43480,买盘
1384,11:09:30,43.48,0.03,7,30435,买盘
1385,11:09:24,43.45,-0.03,1,4345,卖盘
1386,11:09:18,43.48,0.03,4,17392,买盘
1387,11:09:12,43.45,-0.04,11,47795,卖盘
1388,11:09:06,43.49,0.04,1,4349,买盘
1389,11:09:03,43.45,--,3,13035,卖盘
1390,11:09:00,43.45,--,121,530046,卖盘
1391,11:08:57,43.45,--,10,43450,卖盘
1392,11:08:54,43.45,-0.02,50,217250,卖盘
1393,11:08:51,43.47,0.02,10,43470,买盘
1394,11:08:48,43.45,--,33,143385,卖盘
1395,11:08:45,43.45,0.05,14,60830,买盘
1396,11:08:18,43.4,0.22,1,4340,买盘
1397,11:08:12,43.18,--,9,38862,买盘
1398,11:08:06,43.18,-0.29,80,345440,卖盘
1399,11:07:57,43.47,0.02,16,69552,买盘
1400,11:07:48,43.45,--,1,4345,卖盘
1401,11:07:45,43.45,-0.03,7,30415,卖盘
1402,11:07:36,43.48,0.03,9,39132,买盘
1403,11:07:30,43.45,0.06,2,8690,卖盘
1404,11:07:15,43.39,--,5,21695,买盘
1405,11:07:06,43.39,--,105,455595,卖盘
1406,11:07:00,43.39,--,4,17356,买盘
1407,11:06:54,43.39,--,2,8678,买盘
1408,11:06:42,43.39,-0.11,7,30373,中性盘
1409,11:06:33,43.5,--,39,169650,买盘
1410,11:06:27,43.5,--,1,4350,买盘
1411,11:06:21,43.5,--,4,17400,买盘
1412,11:06:18,43.5,--,26,113100,买盘
1413,11:06:15,43.5,--,6,26100,买盘
1414,11:06:12,43.5,--,8,34800,买盘
1415,11:06:09,43.5,--,10,43500,买盘
1416,11:06:06,43.5,--,3,13050,买盘
1417,11:05:57,43.5,0.03,8,34800,买盘
1418,11:05:51,43.47,--,11,47817,买盘
1419,11:05:45,43.47,--,1,4347,买盘
1420,11:05:42,43.47,0.01,28,121716,买盘
1421,11:05:39,43.46,-0.01,8,34768,中性盘
1422,11:05:36,43.47,--,4,17388,买盘
1423,11:05:30,43.47,--,4,17388,买盘
1424,11:05:24,43.47,-0.03,3,13041,中性盘
1425,11:05:15,43.5,--,1,4350,买盘
1426,11:05:09,43.5,--,1,4350,买盘
1427,11:05:06,43.5,--,106,461100,买盘
1428,11:05:03,43.5,0.01,13,56550,买盘
1429,11:05:00,43.49,0.39,1,4349,买盘
1430,11:04:57,43.1,-0.4,86,370660,卖盘
1431,11:04:54,43.5,--,14,60900,买盘
1432,11:04:51,43.5,--,4,17400,买盘
1433,11:04:48,43.5,0.1,52,226200,买盘
1434,11:04:45,43.4,0.09,3,13020,买盘
1435,11:04:42,43.31,-0.17,1,4331,卖盘
1436,11:04:39,43.48,0.08,51,221747,买盘
1437,11:04:33,43.4,0.01,12,52080,买盘
1438,11:04:30,43.39,0.08,2,8678,买盘
1439,11:04:27,43.31,0.03,5,21655,卖盘
1440,11:04:24,43.28,0.14,1,4328,买盘
1441,11:04:18,43.14,-0.14,1,4314,中性盘
1442,11:04:09,43.28,--,5,21640,买盘
1443,11:04:06,43.28,0.14,8,34624,中性盘
1444,11:03:51,43.14,-0.26,1,4314,中性盘
1445,11:03:48,43.4,0.3,340,1475600,买盘
1446,11:03:45,43.1,--,7,30170,卖盘
1447,11:03:36,43.1,--,5,21550,卖盘
1448,11:03:27,43.1,-0.02,7,30170,卖盘
1449,11:03:18,43.12,--,4,17248,买盘
1450,11:03:12,43.12,--,6,25872,买盘
1451,11:03:06,43.12,0.12,8,34496,买盘
1452,11:03:03,43.0,-0.01,79,339700,卖盘
1453,11:02:57,43.01,--,1,4301,卖盘
1454,11:02:48,43.01,-0.11,1,4301,卖盘
1455,11:02:45,43.12,0.07,16,68992,买盘
1456,11:02:42,43.05,-0.07,134,576870,卖盘
1457,11:02:39,43.12,-0.02,5,21560,中性盘
1458,11:02:33,43.14,0.08,6,25884,买盘
1459,11:02:24,43.06,-0.01,8,34448,卖盘
1460,11:02:15,43.07,-0.07,8,34456,中性盘
1461,11:02:09,43.14,--,6,25884,买盘
1462,11:02:06,43.14,0.08,1,4314,买盘
1463,11:02:03,43.06,-0.08,7,30142,卖盘
1464,11:01:57,43.14,--,5,21570,买盘
1465,11:01:51,43.14,--,11,47454,买盘
1466,11:01:48,43.14,0.09,4,17256,买盘
1467,11:01:42,43.05,-0.09,7,30134,卖盘
1468,11:01:24,43.14,0.02,5,21570,买盘
1469,11:01:21,43.12,-0.01,7,30184,卖盘
1470,11:01:18,43.13,-0.01,5,21565,卖盘
1471,11:01:12,43.14,--,4,17256,买盘
1472,11:01:06,43.14,0.01,1,4314,买盘
1473,11:01:03,43.13,0.01,1,4313,买盘
1474,11:01:00,43.12,-0.01,7,30184,卖盘
1475,11:00:57,43.13,0.01,3,12939,买盘
1476,11:00:51,43.12,-0.01,4,17248,中性盘
1477,11:00:45,43.13,0.01,5,21565,买盘
1478,11:00:42,43.12,0.07,4,17248,买盘
1479,11:00:39,43.05,-0.07,7,30134,卖盘
1480,11:00:36,43.12,--,1,4312,买盘
1481,11:00:30,43.12,-0.01,4,17248,中性盘
1482,11:00:21,43.13,--,30,129390,买盘
1483,11:00:06,43.13,0.08,11,47443,买盘
1484,11:00:00,43.05,--,2,8610,卖盘
1485,10:59:45,43.05,-0.03,130,559650,卖盘
1486,10:59:33,43.08,--,3,12924,买盘
1487,10:59:30,43.08,0.03,5,21540,买盘
1488,10:59:15,43.05,--,4,17220,买盘
1489,10:59:09,43.05,-0.08,5,21525,中性盘
1490,10:59:06,43.13,0.08,1,4313,买盘
1491,10:59:00,43.05,-0.03,4,17220,卖盘
1492,10:58:57,43.08,0.03,9,38772,卖盘
1493,10:58:54,43.05,--,1,4305,买盘
1494,10:58:48,43.05,--,1,4305,中性盘
1495,10:58:18,43.05,-0.1,63,271215,卖盘
1496,10:58:09,43.15,--,5,21575,买盘
1497,10:58:06,43.15,--,1,4315,买盘
1498,10:58:03,43.15,--,2,8630,买盘
1499,10:58:00,43.15,--,4,17260,买盘
1500,10:57:54,43.15,-0.14,3,12945,卖盘
1501,10:57:51,43.29,--,6,29870,卖盘
1502,10:57:45,43.29,--,3,12987,卖盘
1503,10:57:36,43.29,-0.01,17,73593,卖盘
1504,10:57:33,43.3,--,5,21650,买盘
1505,10:57:30,43.3,--,8,34640,买盘
1506,10:57:27,43.3,0.01,3,12990,买盘
1507,10:57:24,43.29,-0.01,4,17316,卖盘
1508,10:57:06,43.3,0.01,1,4330,买盘
1509,10:57:03,43.29,-0.01,1,4329,卖盘
1510,10:57:00,43.3,--,42,181860,买盘
1511,10:56:57,43.3,--,10,43733,买盘
1512,10:56:54,43.3,0.01,55,238149,买盘
1513,10:56:51,43.29,-0.01,1,4329,卖盘
1514,10:56:39,43.3,--,3,12990,买盘
1515,10:56:36,43.3,0.01,1,4330,买盘
1516,10:56:33,43.29,-0.01,1,4329,卖盘
1517,10:56:30,43.3,--,2,8660,买盘
1518,10:56:27,43.3,--,4,17320,买盘
1519,10:56:24,43.3,--,1,4330,买盘
1520,10:56:21,43.3,0.01,5,21650,买盘
1521,10:56:15,43.29,--,18,77922,卖盘
1522,10:56:09,43.29,-0.01,10,43290,卖盘
1523,10:56:06,43.3,0.01,1,4330,买盘
1524,10:56:00,43.29,-0.01,2,8658,卖盘
1525,10:55:51,43.3,--,10,43300,买盘
1526,10:55:45,43.3,--,5,21650,买盘
1527,10:55:39,43.3,-0.01,14,60619,卖盘
1528,10:55:27,43.31,--,5,21655,买盘
1529,10:55:24,43.31,0.01,4,17324,买盘
1530,10:55:18,43.3,-0.01,40,173200,中性盘
1531,10:55:09,43.31,--,5,21655,买盘
1532,10:55:06,43.31,0.01,1,4331,买盘
1533,10:55:03,43.3,--,20,86600,买盘
1534,10:54:51,43.3,0.01,4,17320,买盘
1535,10:54:48,43.29,--,30,129870,卖盘
1536,10:54:45,43.29,--,1,4329,卖盘
1537,10:54:36,43.29,--,8,34632,卖盘
1538,10:54:33,43.29,--,3,12987,卖盘
1539,10:54:30,43.29,--,7,30303,卖盘
1540,10:54:24,43.29,-0.01,4,17316,卖盘
1541,10:54:18,43.3,0.01,64,277120,买盘
1542,10:54:15,43.29,--,16,69264,卖盘
1543,10:54:12,43.29,--,2,8658,中性盘
1544,10:54:06,43.29,-0.01,3,12987,中性盘
1545,10:54:00,43.3,0.01,8,34640,买盘
1546,10:53:51,43.29,--,5,21645,买盘
1547,10:53:45,43.29,--,4,17316,买盘
1548,10:53:42,43.29,0.16,26,112554,买盘
1549,10:53:39,43.13,-0.17,4,17252,卖盘
1550,10:53:27,43.3,0.26,5,21650,买盘
1551,10:53:21,43.04,-0.26,7,30128,卖盘
1552,10:53:18,43.3,--,8,34640,买盘
1553,10:53:12,43.3,--,4,17320,买盘
1554,10:53:06,43.3,0.27,1,4330,买盘
1555,10:53:03,43.03,-0.27,7,30121,中性盘
1556,10:53:00,43.3,0.28,4,17320,买盘
1557,10:52:57,43.02,0.01,2,8604,中性盘
1558,10:52:51,43.01,-0.01,7,30107,卖盘
1559,10:52:45,43.02,--,1,4302,买盘
1560,10:52:42,43.02,-0.28,5,21510,卖盘
1561,10:52:39,43.3,0.28,12,51960,买盘
1562,10:52:33,43.02,0.01,7,30114,卖盘
1563,10:52:15,43.01,-0.29,7,30107,卖盘
1564,10:52:12,43.3,0.01,1,4330,买盘
1565,10:52:06,43.29,-0.02,1,4329,中性盘
1566,10:51:57,43.31,0.01,16,69296,买盘
1567,10:51:51,43.3,--,57,246809,卖盘
1568,10:51:39,43.3,--,7,30309,卖盘
1569,10:51:36,43.3,--,56,242479,买盘
1570,10:51:21,43.3,0.29,23,99590,买盘
1571,10:51:18,43.01,--,1,4301,卖盘
1572,10:51:15,43.01,-0.29,1,4301,中性盘
1573,10:51:06,43.3,0.3,17,73610,买盘
1574,10:51:03,43.0,--,7,30100,卖盘
1575,10:50:51,43.0,-0.2,10,43000,卖盘
1576,10:50:48,43.2,--,5,21600,买盘
1577,10:50:45,43.2,--,12,51840,买盘
1578,10:50:42,43.2,0.19,2,8640,买盘
1579,10:50:39,43.01,-0.31,15,64515,卖盘
1580,10:50:30,43.32,0.02,17,73644,买盘
1581,10:50:24,43.3,--,2,8660,买盘
1582,10:50:18,43.3,0.3,4,17320,中性盘
1583,10:50:12,43.0,-0.32,28,120400,卖盘
1584,10:50:06,43.32,--,26,112632,买盘
1585,10:50:03,43.32,--,5,21660,买盘
1586,10:49:57,43.32,-0.08,2,8664,买盘
1587,10:49:54,43.4,--,3,13020,买盘
1588,10:49:51,43.4,0.17,73,316820,买盘
1589,10:49:48,43.23,-0.13,68,293964,卖盘
1590,10:49:45,43.36,0.05,1,4336,中性盘
1591,10:49:39,43.31,-0.02,4,17324,卖盘
1592,10:49:36,43.33,0.02,14,60662,买盘
1593,10:49:33,43.31,--,5,21655,买盘
1594,10:49:27,43.31,0.01,5,21655,买盘
1595,10:49:24,43.3,--,10,43300,卖盘
1596,10:49:21,43.3,0.08,31,134230,买盘
1597,10:49:18,43.22,-0.04,5,21610,卖盘
1598,10:49:15,43.26,-0.04,1,4326,卖盘
1599,10:49:12,43.3,0.08,50,216500,买盘
1600,10:49:09,43.22,-0.01,3,12966,卖盘
1601,10:49:06,43.23,0.01,2,8646,买盘
1602,10:49:03,43.22,0.02,24,103728,买盘
1603,10:49:00,43.2,--,8,34560,卖盘
1604,10:48:57,43.2,--,5,21600,卖盘
1605,10:48:54,43.2,--,1,4320,卖盘
1606,10:48:51,43.2,0.19,48,207360,买盘
1607,10:48:45,43.01,-0.19,57,245157,卖盘
1608,10:48:39,43.2,--,4,17280,买盘
1609,10:48:33,43.2,0.2,100,432000,买盘
1610,10:48:24,43.0,-0.17,7,30100,卖盘
1611,10:48:21,43.17,--,5,21585,买盘
1612,10:48:18,43.17,--,50,215850,买盘
1613,10:48:12,43.17,0.16,12,51804,买盘
1614,10:48:09,43.01,--,3,12903,卖盘
1615,10:48:06,43.01,--,8,34408,卖盘
1616,10:47:45,43.01,-0.19,7,30107,卖盘
1617,10:47:33,43.2,0.13,50,216000,买盘
1618,10:47:27,43.07,-0.13,57,245499,卖盘
1619,10:47:24,43.2,0.01,8,34560,买盘
1620,10:47:21,43.19,0.03,10,43190,中性盘
1621,10:47:03,43.16,--,7,30211,卖盘
1622,10:47:00,43.16,-0.04,50,215799,卖盘
1623,10:46:57,43.2,0.03,7,30240,买盘
1624,10:46:48,43.17,0.01,53,228801,买盘
1625,10:46:45,43.16,0.05,13,56107,买盘
1626,10:46:42,43.11,-0.05,7,30177,卖盘
1627,10:46:39,43.16,--,5,21580,买盘
1628,10:46:33,43.16,--,6,25895,买盘
1629,10:46:27,43.16,--,1,4316,买盘
1630,10:46:24,43.16,--,12,51791,买盘
1631,10:46:21,43.16,-0.01,12,51791,卖盘
1632,10:46:15,43.17,0.02,4,17268,买盘
1633,10:46:09,43.15,0.07,18,77670,买盘
1634,10:46:03,43.08,-0.02,18,77544,中性盘
1635,10:46:00,43.1,0.08,9,38790,买盘
1636,10:45:57,43.02,-0.08,7,30114,卖盘
1637,10:45:45,43.1,0.02,6,25860,买盘
1638,10:45:42,43.08,--,10,43080,买盘
1639,10:45:39,43.08,0.04,16,68928,买盘
1640,10:45:27,43.04,0.03,4,17216,买盘
1641,10:45:21,43.01,-0.07,3,12903,卖盘
1642,10:45:15,43.08,0.07,5,21540,买盘
1643,10:45:09,43.01,0.01,3,14537,买盘
1644,10:45:03,43.0,--,8,34400,买盘
1645,10:44:48,43.0,--,16,68800,买盘
1646,10:44:45,43.0,0.04,1,4300,买盘
1647,10:44:42,42.96,--,11,48587,买盘
1648,10:44:39,42.96,--,10,42960,买盘
1649,10:44:36,42.96,--,1,4296,买盘
1650,10:44:30,42.96,0.06,210,902160,买盘
1651,10:44:27,42.9,-0.06,10,42900,卖盘
1652,10:44:24,42.96,--,14,60144,买盘
1653,10:44:12,42.96,0.06,5,21480,买盘
1654,10:44:06,42.9,0.01,11,47190,买盘
1655,10:43:57,42.89,0.04,18,77202,买盘
1656,10:43:54,42.85,--,11,47135,买盘
1657,10:43:51,42.85,-0.04,48,205680,卖盘
1658,10:43:48,42.89,0.04,3,12867,买盘
1659,10:43:45,42.85,--,26,111410,卖盘
1660,10:43:39,42.85,-0.01,32,137120,卖盘
1661,10:43:36,42.86,-0.03,3,12858,中性盘
1662,10:43:33,42.89,0.04,8,34312,买盘
1663,10:43:27,42.85,0.01,4,17140,买盘
1664,10:43:24,42.84,--,9,38556,卖盘
1665,10:43:21,42.84,--,5,21420,卖盘
1666,10:43:18,42.84,-0.05,2,8568,中性盘
1667,10:43:09,42.89,--,11,47179,买盘
1668,10:43:03,42.89,-0.06,13,55757,卖盘
1669,10:43:00,42.95,0.06,60,257700,买盘
1670,10:42:57,42.89,-0.01,2,8578,卖盘
1671,10:42:54,42.9,--,3,12870,买盘
1672,10:42:48,42.9,--,17,72930,买盘
1673,10:42:45,42.9,-0.01,9,38610,卖盘
1674,10:42:42,42.91,-0.02,8,34328,卖盘
1675,10:42:39,42.93,-0.02,8,34344,卖盘
1676,10:42:36,42.95,--,4,17180,买盘
1677,10:42:33,42.95,--,4,17180,买盘
1678,10:42:30,42.95,--,1,4295,买盘
1679,10:42:27,42.95,--,24,103080,买盘
1680,10:42:21,42.95,--,13,55835,买盘
1681,10:42:15,42.95,0.05,5,21475,中性盘
1682,10:42:03,42.9,0.05,11,47190,中性盘
1683,10:42:00,42.85,-0.11,7,29995,卖盘
1684,10:41:57,42.96,--,8,34368,买盘
1685,10:41:54,42.96,0.06,11,47256,买盘
1686,10:41:51,42.9,--,4,17160,卖盘
1687,10:41:39,42.9,-0.06,7,30030,卖盘
1688,10:41:36,42.96,0.06,5,21480,买盘
1689,10:41:30,42.9,--,11,47190,卖盘
1690,10:41:24,42.9,-0.06,83,356070,卖盘
1691,10:41:21,42.96,--,4,17184,买盘
1692,10:41:18,42.96,0.05,2,8592,买盘
1693,10:41:15,42.91,-0.05,8,34328,卖盘
1694,10:41:09,42.96,--,1,4296,买盘
1695,10:41:03,42.96,--,3,12888,卖盘
1696,10:41:00,42.96,-0.04,7,30072,卖盘
1697,10:40:57,43.0,0.04,5,21500,买盘
1698,10:40:54,42.96,--,9,38664,卖盘
1699,10:40:51,42.96,--,17,73032,卖盘
1700,10:40:48,42.96,-0.05,2,8592,卖盘
1701,10:40:45,43.01,0.05,10,43010,买盘
1702,10:40:39,42.96,-0.04,7,30072,卖盘
1703,10:40:36,43.0,--,2,8600,买盘
1704,10:40:33,43.0,--,20,86000,买盘
1705,10:40:30,43.0,--,0,2666,卖盘
1706,10:40:24,43.0,-0.01,6,25800,卖盘
1707,10:40:21,43.01,0.01,5,21505,买盘
1708,10:40:18,43.0,-0.01,1,4300,卖盘
1709,10:40:15,43.01,0.01,5,21505,买盘
1710,10:40:12,43.0,--,1,4300,卖盘
1711,10:40:09,43.0,--,42,182234,买盘
1712,10:40:06,43.0,--,1,4300,买盘
1713,10:40:00,43.0,-0.01,4,19866,卖盘
1714,10:39:54,43.01,--,9,38709,中性盘
1715,10:39:48,43.01,-0.07,1,4301,卖盘
1716,10:39:45,43.08,0.07,10,43080,买盘
1717,10:39:39,43.01,0.01,204,877404,买盘
1718,10:39:36,43.0,-0.01,1,4300,卖盘
1719,10:39:30,43.01,--,12,51612,买盘
1720,10:39:27,43.01,0.01,3,12903,中性盘
1721,10:39:21,43.0,-0.08,100,430000,卖盘
1722,10:39:15,43.08,0.07,5,21540,买盘
1723,10:39:12,43.01,-0.07,7,30107,卖盘
1724,10:39:09,43.08,0.06,12,51696,买盘
1725,10:39:03,43.02,0.01,3,12906,中性盘
1726,10:38:54,43.01,--,7,30107,卖盘
1727,10:38:51,43.01,--,7,30107,卖盘
1728,10:38:48,43.01,-0.02,5,21505,卖盘
1729,10:38:45,43.03,-0.08,120,516360,卖盘
1730,10:38:39,43.11,--,4,17244,买盘
1731,10:38:36,43.11,0.08,7,30177,买盘
1732,10:38:33,43.03,--,6,25818,卖盘
1733,10:38:30,43.03,-0.08,7,30121,卖盘
1734,10:38:21,43.11,0.08,1,4311,买盘
1735,10:38:18,43.03,-0.08,100,430300,卖盘
1736,10:38:12,43.11,--,2,8622,买盘
1737,10:38:09,43.11,0.03,69,297459,买盘
1738,10:38:06,43.08,-0.03,12,51696,卖盘
1739,10:38:03,43.11,--,39,168129,买盘
1740,10:38:00,43.11,--,24,103464,买盘
1741,10:37:54,43.11,0.01,7,30177,买盘
1742,10:37:48,43.1,--,2,8620,卖盘
1743,10:37:45,43.1,-0.01,8,34480,卖盘
1744,10:37:36,43.11,0.02,4,17244,买盘
1745,10:37:30,43.09,-0.01,2,8618,卖盘
1746,10:37:27,43.1,--,11,47410,买盘
1747,10:37:24,43.1,--,10,43100,买盘
1748,10:37:21,43.1,--,21,90510,买盘
1749,10:37:18,43.1,--,10,43100,买盘
1750,10:37:12,43.1,--,112,482720,卖盘
1751,10:37:09,43.1,0.02,1,4310,中性盘
1752,10:37:06,43.08,-0.03,14,60312,卖盘
1753,10:37:03,43.11,--,5,21555,买盘
1754,10:37:00,43.11,--,4,17244,买盘
1755,10:36:57,43.11,0.01,6,25866,买盘
1756,10:36:48,43.1,--,4,17240,卖盘
1757,10:36:45,43.1,-0.01,7,30170,卖盘
1758,10:36:39,43.11,0.01,46,198306,买盘
1759,10:36:36,43.1,--,1,4310,买盘
1760,10:36:33,43.1,0.04,6,25860,买盘
1761,10:36:30,43.06,--,8,34448,买盘
1762,10:36:24,43.06,-0.04,12,51672,卖盘
1763,10:36:21,43.1,0.04,5,21550,买盘
1764,10:36:18,43.06,-0.04,10,43060,卖盘
1765,10:36:15,43.1,0.04,50,215500,买盘
1766,10:36:12,43.06,0.01,5,21530,买盘
1767,10:36:06,43.05,-0.01,1,4305,卖盘
1768,10:36:03,43.06,0.03,58,249748,买盘
1769,10:36:00,43.03,0.01,47,202241,买盘
1770,10:35:57,43.02,--,1,4302,买盘
1771,10:35:54,43.02,0.01,1,4302,买盘
1772,10:35:51,43.01,--,0,43,卖盘
1773,10:35:48,43.01,0.01,5,23096,买盘
1774,10:35:45,43.0,--,4,17200,卖盘
1775,10:35:42,43.0,-0.01,8,34400,卖盘
1776,10:35:39,43.01,0.01,1,4301,买盘
1777,10:35:36,43.0,-0.01,11,47300,卖盘
1778,10:35:33,43.01,0.01,3,12903,买盘
1779,10:35:30,43.0,--,2,8600,买盘
1780,10:35:27,43.0,--,40,172000,买盘
1781,10:35:24,43.0,--,5,21500,买盘
1782,10:35:21,43.0,0.01,90,387000,买盘
1783,10:35:18,42.99,0.01,5,21495,卖盘
1784,10:35:15,42.98,0.02,42,180516,买盘
1785,10:35:09,42.96,-0.04,10,42960,中性盘
1786,10:35:06,43.0,0.02,32,137600,买盘
1787,10:35:03,42.98,--,3,12893,卖盘
1788,10:35:00,42.98,-0.03,1,4298,卖盘
1789,10:34:54,43.01,0.01,8,34408,买盘
1790,10:34:51,43.0,--,4,19909,卖盘
1791,10:34:48,43.0,--,44,189200,卖盘
1792,10:34:45,43.0,-0.02,67,288100,卖盘
1793,10:34:42,43.02,--,38,163476,买盘
1794,10:34:36,43.02,--,1,4302,买盘
1795,10:34:30,43.02,-0.01,1,4302,卖盘
1796,10:34:24,43.03,--,4,17212,买盘
1797,10:34:18,43.03,-0.08,203,873509,卖盘
1798,10:34:15,43.11,0.03,4,17244,买盘
1799,10:34:12,43.08,-0.02,43,185244,卖盘
1800,10:34:09,43.1,-0.01,294,1267140,卖盘
1801,10:34:06,43.11,0.01,1,4311,买盘
1802,10:34:03,43.1,-0.01,32,137920,卖盘
1803,10:34:00,43.11,0.01,36,155196,买盘
1804,10:33:57,43.1,-0.01,6,25860,卖盘
1805,10:33:51,43.11,-0.09,5,21555,买盘
1806,10:33:45,43.2,0.1,50,216000,买盘
1807,10:33:42,43.1,-0.1,11,47410,卖盘
1808,10:33:39,43.2,--,3,12960,买盘
1809,10:33:36,43.2,0.09,5,21600,买盘
1810,10:33:33,43.11,-0.09,8,34488,卖盘
1811,10:33:30,43.2,--,1,4320,买盘
1812,10:33:21,43.2,-0.02,32,138240,卖盘
1813,10:33:18,43.22,--,4,17288,买盘
1814,10:33:12,43.22,0.02,11,47542,买盘
1815,10:33:09,43.2,-0.02,10,43200,卖盘
1816,10:33:06,43.22,--,1,4322,买盘
1817,10:33:03,43.22,--,6,25932,买盘
1818,10:33:00,43.22,--,2,8644,买盘
1819,10:32:57,43.22,-0.05,20,87779,卖盘
1820,10:32:51,43.27,0.05,4,17308,买盘
1821,10:32:48,43.22,--,20,86440,卖盘
1822,10:32:45,43.22,-0.01,25,108050,卖盘
1823,10:32:39,43.23,0.01,1,4323,卖盘
1824,10:32:36,43.22,--,2,8644,卖盘
1825,10:32:33,43.22,-0.01,51,220422,卖盘
1826,10:32:30,43.23,--,36,158610,买盘
1827,10:32:21,43.23,0.01,5,21615,买盘
1828,10:32:18,43.22,-0.01,34,146948,卖盘
1829,10:32:15,43.23,0.01,5,21615,买盘
1830,10:32:12,43.22,--,3,12966,卖盘
1831,10:32:09,43.22,-0.01,42,184160,卖盘
1832,10:32:06,43.23,-0.02,3,15130,卖盘
1833,10:32:03,43.25,0.03,4,21149,买盘
1834,10:31:57,43.22,--,11,47542,卖盘
1835,10:31:54,43.22,--,4,17288,卖盘
1836,10:31:51,43.22,--,17,73474,卖盘
1837,10:31:48,43.22,-0.01,6,25932,卖盘
1838,10:31:45,43.23,0.01,22,95106,买盘
1839,10:31:39,43.22,--,3,12966,卖盘
1840,10:31:27,43.22,--,24,103728,卖盘
1841,10:31:24,43.22,-0.01,2,8644,卖盘
1842,10:31:21,43.23,-0.04,23,99429,卖盘
1843,10:31:09,43.27,--,5,21635,买盘
1844,10:31:06,43.27,-0.03,7,30289,卖盘
1845,10:31:03,43.3,--,1,4330,买盘
1846,10:31:00,43.3,--,8,34640,买盘
1847,10:30:54,43.3,-0.07,34,147263,卖盘
1848,10:30:42,43.37,0.07,2,8674,中性盘
1849,10:30:39,43.3,-0.1,64,277120,卖盘
1850,10:30:36,43.4,--,4,21656,买盘
1851,10:30:33,43.4,0.03,7,30380,买盘
1852,10:30:30,43.37,--,1,4337,卖盘
1853,10:30:27,43.37,0.02,11,47707,中性盘
1854,10:30:21,43.35,-0.05,3,13005,卖盘
1855,10:30:18,43.4,0.05,8,34720,买盘
1856,10:30:12,43.35,--,7,30345,卖盘
1857,10:30:09,43.35,--,4,17340,卖盘
1858,10:30:06,43.35,-0.02,7,30345,卖盘
1859,10:30:03,43.37,0.02,5,21685,中性盘
1860,10:30:00,43.35,--,4,17340,卖盘
1861,10:29:57,43.35,-0.02,85,368475,卖盘
1862,10:29:51,43.37,-0.03,10,43370,卖盘
1863,10:29:48,43.4,--,1,4340,买盘
1864,10:29:45,43.4,--,8,34720,买盘
1865,10:29:39,43.4,--,61,264740,卖盘
1866,10:29:33,43.4,--,8,34720,卖盘
1867,10:29:30,43.4,-0.01,37,160580,卖盘
1868,10:29:27,43.41,--,3,13022,买盘
1869,10:29:21,43.41,--,7,30386,中性盘
1870,10:29:15,43.41,0.01,1,4341,买盘
1871,10:29:12,43.4,--,154,668360,卖盘
1872,10:29:09,43.4,-0.01,4,17360,卖盘
1873,10:29:03,43.41,0.01,16,69456,买盘
1874,10:29:00,43.4,-0.01,4,17360,卖盘
1875,10:28:57,43.41,0.01,4,17364,买盘
1876,10:28:54,43.4,--,2,8680,卖盘
1877,10:28:51,43.4,-0.08,8,34720,卖盘
1878,10:28:45,43.48,0.07,40,173920,买盘
1879,10:28:42,43.41,0.01,1,4341,中性盘
1880,10:28:30,43.4,-0.09,7,30380,卖盘
1881,10:28:27,43.49,0.01,5,21745,买盘
1882,10:28:24,43.48,--,8,34784,卖盘
1883,10:28:21,43.48,-0.01,6,26087,卖盘
1884,10:28:18,43.49,0.01,1,4349,买盘
1885,10:28:15,43.48,--,15,65219,卖盘
1886,10:28:12,43.48,--,16,69568,买盘
1887,10:28:09,43.48,--,34,147832,买盘
1888,10:28:03,43.48,--,1,4348,买盘
1889,10:27:57,43.48,--,4,17392,买盘
1890,10:27:51,43.48,0.08,12,52175,买盘
1891,10:27:48,43.4,-0.09,7,30380,卖盘
1892,10:27:45,43.49,-0.01,4,17396,买盘
1893,10:27:36,43.5,0.1,2,8700,买盘
1894,10:27:33,43.4,--,13,56420,卖盘
1895,10:27:30,43.4,--,10,43400,卖盘
1896,10:27:27,43.4,-0.1,7,30380,卖盘
1897,10:27:21,43.5,--,1,4350,买盘
1898,10:27:15,43.5,--,4,17400,买盘
1899,10:27:12,43.5,0.1,9,39150,买盘
1900,10:27:09,43.4,-0.1,10,43400,卖盘
1901,10:27:06,43.5,0.1,102,443700,买盘
1902,10:27:03,43.4,--,9,39060,卖盘
1903,10:27:00,43.4,-0.11,3,15059,卖盘
1904,10:26:57,43.51,0.11,54,237260,买盘
1905,10:26:54,43.4,-0.1,8,34720,卖盘
1906,10:26:51,43.5,--,7,30450,买盘
1907,10:26:48,43.5,-0.02,17,75994,卖盘
1908,10:26:45,43.52,--,7,30464,卖盘
1909,10:26:42,43.52,0.01,11,47872,卖盘
1910,10:26:39,43.51,0.05,47,206803,买盘
1911,10:26:36,43.46,0.06,3,13038,中性盘
1912,10:26:33,43.4,-0.1,22,95480,卖盘
1913,10:26:27,43.5,-0.03,0,2044,卖盘
1914,10:26:24,43.53,0.03,122,531066,买盘
1915,10:26:21,43.5,--,2,8700,卖盘
1916,10:26:15,43.5,--,38,167605,买盘
1917,10:26:12,43.5,0.1,1,4350,买盘
1918,10:26:09,43.4,-0.1,12,52080,卖盘
1919,10:26:06,43.5,--,2,8700,买盘
1920,10:26:03,43.5,--,19,82650,买盘
1921,10:25:57,43.5,--,58,252300,买盘
1922,10:25:51,43.5,--,2,8700,买盘
1923,10:25:48,43.5,--,10,43500,买盘
1924,10:25:45,43.5,-0.08,14,62944,卖盘
1925,10:25:42,43.58,0.08,102,444516,买盘
1926,10:25:39,43.5,-0.05,17,73950,卖盘
1927,10:25:36,43.55,0.03,7,30484,买盘
1928,10:25:30,43.52,--,15,65280,卖盘
1929,10:25:27,43.52,-0.03,1,4352,卖盘
1930,10:25:24,43.55,0.05,127,553085,买盘
1931,10:25:21,43.5,--,13,56550,卖盘
1932,10:25:18,43.5,--,15,65250,卖盘
1933,10:25:12,43.5,--,22,95700,卖盘
1934,10:25:09,43.5,--,7,30450,卖盘
1935,10:25:06,43.5,-0.02,3,13050,卖盘
1936,10:25:03,43.52,0.02,37,163330,买盘
1937,10:25:00,43.5,--,13,56550,买盘
1938,10:24:57,43.5,--,16,69600,买盘
1939,10:24:54,43.5,0.01,16,69600,买盘
1940,10:24:51,43.49,--,19,82631,卖盘
1941,10:24:48,43.49,--,5,21745,买盘
1942,10:24:45,43.49,--,6,26094,买盘
1943,10:24:42,43.49,--,1,4349,买盘
1944,10:24:39,43.49,0.09,5,21745,买盘
1945,10:24:33,43.4,-0.09,5,21700,卖盘
1946,10:24:30,43.49,-0.01,2,8698,买盘
1947,10:24:27,43.5,0.1,100,435000,买盘
1948,10:24:24,43.4,--,3,13020,买盘
1949,10:24:21,43.4,--,1,4340,买盘
1950,10:24:18,43.4,0.05,10,43400,买盘
1951,10:24:15,43.35,-0.15,76,329460,卖盘
1952,10:24:12,43.5,0.1,619,2692650,买盘
1953,10:24:09,43.4,0.03,35,151900,买盘
1954,10:24:03,43.37,0.04,10,43370,买盘
1955,10:24:00,43.33,0.04,7,30331,买盘
1956,10:23:54,43.29,-0.01,4,17316,中性盘
1957,10:23:51,43.3,0.05,7,30309,买盘
1958,10:23:48,43.25,-0.03,6,25950,卖盘
1959,10:23:42,43.28,0.03,2,8656,买盘
1960,10:23:39,43.25,--,6,25950,买盘
1961,10:23:36,43.25,--,11,47575,买盘
1962,10:23:33,43.25,--,5,21625,买盘
1963,10:23:27,43.25,-0.02,11,47575,卖盘
1964,10:23:24,43.27,0.02,5,21635,买盘
1965,10:23:21,43.25,0.03,2,8650,买盘
1966,10:23:18,43.22,-0.03,6,25932,卖盘
1967,10:23:15,43.25,0.02,3,12975,买盘
1968,10:23:09,43.23,--,2,8646,买盘
1969,10:23:06,43.23,--,5,21615,买盘
1970,10:23:03,43.23,0.01,2,8646,买盘
1971,10:22:57,43.22,0.02,2,8644,卖盘
1972,10:22:54,43.2,0.05,4,17280,买盘
1973,10:22:51,43.15,-0.04,112,483280,卖盘
1974,10:22:48,43.19,0.04,2,8638,买盘
1975,10:22:42,43.15,-0.05,6,25890,卖盘
1976,10:22:39,43.2,0.05,20,86400,买盘
1977,10:22:30,43.15,--,19,81985,买盘
1978,10:22:24,43.15,--,1,4315,买盘
1979,10:22:21,43.15,0.03,2,8630,买盘
1980,10:22:18,43.12,0.01,0,1293,中性盘
1981,10:22:06,43.11,0.01,8,34488,买盘
1982,10:22:00,43.1,--,25,107750,买盘
1983,10:21:57,43.1,--,5,21550,买盘
1984,10:21:54,43.1,--,22,94820,买盘
1985,10:21:51,43.1,0.01,49,211190,买盘
1986,10:21:48,43.09,-0.01,5,21545,中性盘
1987,10:21:45,43.1,--,25,107750,买盘
1988,10:21:42,43.1,0.02,108,465480,买盘
1989,10:21:36,43.08,--,1,4308,卖盘
1990,10:21:33,43.08,0.03,9,38772,买盘
1991,10:21:21,43.05,0.02,4,17220,买盘
1992,10:21:18,43.03,--,3,12909,卖盘
1993,10:21:15,43.03,--,2,8606,卖盘
1994,10:21:09,43.03,--,6,25818,买盘
1995,10:21:06,43.03,--,17,73151,买盘
1996,10:21:03,43.03,--,1,4303,买盘
1997,10:21:00,43.03,--,1,4303,买盘
1998,10:20:57,43.03,--,2,8606,买盘
1999,10:20:54,43.03,--,2,8606,买盘
2000,10:20:51,43.03,--,17,73151,买盘
2001,10:20:48,43.03,0.01,2,8606,买盘
2002,10:20:42,43.02,--,45,193590,卖盘
2003,10:20:39,43.02,0.01,30,129060,买盘
2004,10:20:33,43.01,0.01,12,51612,买盘
2005,10:20:30,43.0,-0.01,29,124700,卖盘
2006,10:20:27,43.01,--,77,332768,买盘
2007,10:20:24,43.01,--,8,34408,买盘
2008,10:20:21,43.01,--,12,51612,买盘
2009,10:20:18,43.01,0.01,29,124729,卖盘
2010,10:20:15,43.0,--,1,4300,卖盘
2011,10:20:12,43.0,--,2,8600,卖盘
2012,10:20:09,43.0,-0.01,50,215000,卖盘
2013,10:20:06,43.01,--,8,34408,买盘
2014,10:20:03,43.01,0.01,3,12903,买盘
2015,10:20:00,43.0,--,45,193500,买盘
2016,10:19:57,43.0,--,180,774000,买盘
2017,10:19:51,43.0,--,31,133300,买盘
2018,10:19:48,43.0,--,17,73100,买盘
2019,10:19:45,43.0,--,14,60200,买盘
2020,10:19:42,43.0,--,1,4300,买盘
2021,10:19:39,43.0,--,2,8600,买盘
2022,10:19:36,43.0,--,12,51600,买盘
2023,10:19:33,43.0,--,20,86000,买盘
2024,10:19:30,43.0,--,50,215000,买盘
2025,10:19:27,43.0,--,22,94600,买盘
2026,10:19:21,43.0,--,3,12900,买盘
2027,10:19:18,43.0,--,11,47300,买盘
2028,10:19:15,43.0,--,5,21500,买盘
2029,10:19:12,43.0,--,5,21500,买盘
2030,10:19:09,43.0,--,6,25800,买盘
2031,10:19:06,43.0,--,1,4300,买盘
2032,10:19:03,43.0,0.1,13,55900,买盘
2033,10:18:57,42.9,0.05,34,145860,买盘
2034,10:18:54,42.85,--,1,6898,卖盘
2035,10:18:51,42.85,0.05,2,8570,买盘
2036,10:18:48,42.8,-0.04,51,218280,卖盘
2037,10:18:45,42.84,--,37,158508,卖盘
2038,10:18:42,42.84,0.02,12,51408,卖盘
2039,10:18:33,42.82,--,44,188408,买盘
2040,10:18:30,42.82,0.02,15,64230,中性盘
2041,10:18:24,42.8,--,23,98440,卖盘
2042,10:18:18,42.8,--,15,64199,卖盘
2043,10:18:09,42.8,-0.02,13,55639,卖盘
2044,10:18:03,42.82,--,1,4282,买盘
2045,10:17:57,42.82,-0.18,7,29974,卖盘
2046,10:17:45,43.0,0.02,32,137600,买盘
2047,10:17:39,42.98,-0.02,2,8596,卖盘
2048,10:17:36,43.0,--,6,25800,买盘
2049,10:17:30,43.0,--,2,8600,买盘
2050,10:17:27,43.0,-0.01,4,17200,卖盘
2051,10:17:24,43.01,0.01,11,47311,中性盘
2052,10:17:21,43.0,--,64,275200,卖盘
2053,10:17:18,43.0,--,21,90300,卖盘
2054,10:17:15,43.0,-0.01,309,1328700,卖盘
2055,10:17:12,43.01,0.01,509,2189209,买盘
2056,10:17:09,43.0,-0.01,30,129000,卖盘
2057,10:17:06,43.01,0.01,11,47311,买盘
2058,10:17:00,43.0,-0.01,78,335400,卖盘
2059,10:16:57,43.01,-0.01,8,34408,卖盘
2060,10:16:54,43.02,0.01,8,34416,中性盘
2061,10:16:48,43.01,-0.02,30,129030,卖盘
2062,10:16:45,43.03,0.02,3,12909,买盘
2063,10:16:42,43.01,-0.01,40,172040,卖盘
2064,10:16:39,43.02,--,21,90342,卖盘
2065,10:16:36,43.02,--,3,12906,卖盘
2066,10:16:33,43.02,-0.01,8,34416,卖盘
2067,10:16:30,43.03,--,11,47333,买盘
2068,10:16:27,43.03,--,2,8606,买盘
2069,10:16:24,43.03,--,2,8606,买盘
2070,10:16:21,43.03,-0.07,21,90363,卖盘
2071,10:16:12,43.1,-0.01,102,439620,卖盘
2072,10:16:09,43.11,--,25,107775,买盘
2073,10:16:06,43.11,--,1,4311,买盘
2074,10:16:03,43.11,-0.04,3,12933,卖盘
2075,10:15:57,43.15,0.04,7,30205,买盘
2076,10:15:54,43.11,-0.04,1,4311,卖盘
2077,10:15:48,43.15,-0.04,7,30205,卖盘
2078,10:15:45,43.19,0.04,8,34552,中性盘
2079,10:15:42,43.15,-0.12,20,86300,卖盘
2080,10:15:39,43.27,0.08,3,12981,中性盘
2081,10:15:30,43.19,--,22,95018,卖盘
2082,10:15:27,43.19,-0.09,42,183125,卖盘
2083,10:15:24,43.28,--,3,12984,卖盘
2084,10:15:18,43.28,-0.02,20,86560,卖盘
2085,10:15:15,43.3,--,11,50228,卖盘
2086,10:15:12,43.3,--,103,445989,买盘
2087,10:15:09,43.3,0.02,4,17320,买盘
2088,10:15:03,43.28,--,2,8656,卖盘
2089,10:15:00,43.28,--,8,34624,卖盘
2090,10:14:57,43.28,-0.02,10,43280,卖盘
2091,10:14:54,43.3,--,10,43300,卖盘
2092,10:14:51,43.3,0.02,24,103920,买盘
2093,10:14:48,43.28,0.02,10,43280,买盘
2094,10:14:45,43.26,0.01,71,307146,买盘
2095,10:14:42,43.25,-0.01,13,56225,卖盘
2096,10:14:36,43.26,-0.02,29,125454,买盘
2097,10:14:33,43.28,--,33,142824,卖盘
2098,10:14:27,43.28,0.09,52,225056,买盘
2099,10:14:24,43.19,-0.03,2,8638,卖盘
2100,10:14:21,43.22,-0.06,9,38898,卖盘
2101,10:14:18,43.28,0.02,3,12984,买盘
2102,10:14:15,43.26,0.11,2,8652,买盘
2103,10:14:12,43.15,--,66,284790,卖盘
2104,10:14:03,43.15,-0.04,13,56483,卖盘
2105,10:14:00,43.19,0.04,14,60466,买盘
2106,10:13:57,43.15,0.05,17,73355,卖盘
2107,10:13:51,43.1,--,12,51720,卖盘
2108,10:13:48,43.1,--,6,25860,卖盘
2109,10:13:45,43.1,--,77,331870,卖盘
2110,10:13:39,43.1,0.08,22,94820,买盘
2111,10:13:36,43.02,--,23,98946,卖盘
2112,10:13:33,43.02,-0.01,6,25812,卖盘
2113,10:13:30,43.03,0.01,4,17212,买盘
2114,10:13:27,43.02,--,27,116154,买盘
2115,10:13:24,43.02,--,60,258120,买盘
2116,10:13:21,43.02,--,12,51624,买盘
2117,10:13:18,43.02,--,1,4302,买盘
2118,10:13:15,43.02,0.02,1,4302,买盘
2119,10:13:12,43.0,-0.01,33,141900,卖盘
2120,10:13:09,43.01,0.01,7,30107,买盘
2121,10:13:03,43.0,--,10,43000,卖盘
2122,10:13:00,43.0,0.12,227,979927,买盘
2123,10:12:57,42.88,-0.02,67,287767,卖盘
2124,10:12:51,42.9,--,19,81510,卖盘
2125,10:12:48,42.9,0.02,4,17160,买盘
2126,10:12:45,42.88,-0.02,12,51456,卖盘
2127,10:12:42,42.9,--,24,106778,买盘
2128,10:12:36,42.9,0.02,1,4290,买盘
2129,10:12:33,42.88,-0.02,8,34304,卖盘
2130,10:12:30,42.9,--,4,17160,买盘
2131,10:12:27,42.9,--,5,21921,卖盘
2132,10:12:24,42.9,--,2,8580,卖盘
2133,10:12:21,42.9,--,12,51480,卖盘
2134,10:12:18,42.9,-0.09,15,68168,卖盘
2135,10:12:15,42.99,--,36,154764,卖盘
2136,10:12:12,42.99,-0.01,27,116073,卖盘
2137,10:12:09,43.0,--,23,98900,买盘
2138,10:12:03,43.0,--,1,4300,买盘
2139,10:12:00,43.0,--,2,8600,买盘
2140,10:11:57,43.0,--,29,124700,卖盘
2141,10:11:54,43.0,-0.01,2,8600,卖盘
2142,10:11:51,43.01,-0.02,126,541926,卖盘
2143,10:11:48,43.03,0.01,53,228059,买盘
2144,10:11:45,43.02,-0.03,3,12906,卖盘
2145,10:11:42,43.05,-0.03,12,51660,中性盘
2146,10:11:36,43.08,--,20,86160,买盘
2147,10:11:27,43.08,0.03,11,47388,中性盘
2148,10:11:24,43.05,-0.05,9,38745,卖盘
2149,10:11:21,43.1,--,6,25860,买盘
2150,10:11:15,43.1,--,55,237524,卖盘
2151,10:11:09,43.1,--,5,21550,卖盘
2152,10:11:06,43.1,-0.05,9,38790,卖盘
2153,10:11:03,43.15,--,10,43150,卖盘
2154,10:11:00,43.15,--,15,64725,卖盘
2155,10:10:54,43.15,--,3,12945,卖盘
2156,10:10:51,43.15,--,8,34520,卖盘
2157,10:10:48,43.15,-0.04,16,69040,卖盘
2158,10:10:45,43.19,0.03,2,8638,买盘
2159,10:10:42,43.16,-0.02,2,8632,卖盘
2160,10:10:39,43.18,--,2,8636,卖盘
2161,10:10:36,43.18,-0.02,6,29837,卖盘
2162,10:10:33,43.2,0.01,13,56160,买盘
2163,10:10:30,43.19,-0.01,4,17664,卖盘
2164,10:10:27,43.2,-0.02,38,164160,卖盘
2165,10:10:24,43.22,0.02,4,17288,买盘
2166,10:10:21,43.2,--,99,427680,卖盘
2167,10:10:18,43.2,--,117,505440,卖盘
2168,10:10:15,43.2,--,2,8640,卖盘
2169,10:10:12,43.2,-0.01,6,25920,卖盘
2170,10:10:09,43.21,0.01,51,220371,买盘
2171,10:10:06,43.2,-0.05,6,25920,卖盘
2172,10:10:03,43.25,0.05,6,25950,买盘
2173,10:10:00,43.2,-0.05,32,138240,卖盘
2174,10:09:54,43.25,0.03,2,8650,中性盘
2175,10:09:51,43.22,-0.08,11,47542,卖盘
2176,10:09:48,43.3,--,3,12990,买盘
2177,10:09:45,43.3,0.05,2,8660,买盘
2178,10:09:42,43.25,-0.05,46,198950,卖盘
2179,10:09:39,43.3,--,177,770653,卖盘
2180,10:09:36,43.3,-0.1,51,220830,卖盘
2181,10:09:33,43.4,--,5,21786,买盘
2182,10:09:27,43.4,0.1,12,52080,中性盘
2183,10:09:21,43.3,-0.11,1,4330,卖盘
2184,10:09:15,43.41,0.11,1,4341,买盘
2185,10:09:12,43.3,-0.1,57,246809,卖盘
2186,10:09:09,43.4,-0.04,19,82460,卖盘
2187,10:09:03,43.44,0.01,3,13032,买盘
2188,10:09:00,43.43,-0.01,5,21715,卖盘
2189,10:08:54,43.44,--,9,39096,卖盘
2190,10:08:51,43.44,--,6,26064,卖盘
2191,10:08:48,43.44,-0.01,7,30408,卖盘
2192,10:08:45,43.45,0.01,2,8690,买盘
2193,10:08:42,43.44,--,2,8688,卖盘
2194,10:08:39,43.44,-0.01,2,8688,卖盘
2195,10:08:36,43.45,--,3,13035,买盘
2196,10:08:33,43.45,-0.05,22,95590,卖盘
2197,10:08:30,43.5,0.05,36,156600,买盘
2198,10:08:27,43.45,--,6,26070,卖盘
2199,10:08:21,43.45,--,92,399740,卖盘
2200,10:08:18,43.45,-0.05,22,95590,卖盘
2201,10:08:15,43.5,--,3,13050,买盘
2202,10:08:12,43.5,--,10,43500,买盘
2203,10:08:06,43.5,--,1,4350,买盘
2204,10:08:03,43.5,-0.06,0,4263,卖盘
2205,10:07:57,43.56,--,24,104544,买盘
2206,10:07:54,43.56,0.06,15,65340,买盘
2207,10:07:51,43.5,-0.06,98,426300,卖盘
2208,10:07:48,43.56,-0.03,2,8712,买盘
2209,10:07:45,43.59,--,3,13077,买盘
2210,10:07:42,43.59,0.09,26,113334,买盘
2211,10:07:39,43.5,-0.03,55,239250,卖盘
2212,10:07:30,43.53,-0.17,52,226356,卖盘
2213,10:07:24,43.7,0.05,149,652878,买盘
2214,10:07:21,43.65,0.05,45,196425,买盘
2215,10:07:18,43.6,--,121,530263,买盘
2216,10:07:15,43.6,--,42,183120,买盘
2217,10:07:12,43.6,--,1,4360,买盘
2218,10:07:09,43.6,-0.05,82,358653,卖盘
2219,10:07:06,43.65,-0.01,3,13095,卖盘
2220,10:07:03,43.66,0.06,8,34928,买盘
2221,10:07:00,43.6,--,10,43600,卖盘
2222,10:06:57,43.6,--,2,8720,卖盘
2223,10:06:54,43.6,0.09,88,386906,买盘
2224,10:06:51,43.51,0.01,12,52212,中性盘
2225,10:06:45,43.5,--,31,134850,卖盘
2226,10:06:42,43.5,0.05,103,448050,卖盘
2227,10:06:39,43.45,--,24,104280,买盘
2228,10:06:36,43.45,--,3,13035,买盘
2229,10:06:33,43.45,-0.12,14,60830,卖盘
2230,10:06:30,43.57,--,3,13071,买盘
2231,10:06:27,43.57,0.01,5,21785,买盘
2232,10:06:24,43.56,0.06,7,30492,买盘
2233,10:06:21,43.5,0.05,2,8700,买盘
2234,10:06:18,43.45,-0.06,11,47795,卖盘
2235,10:06:15,43.51,0.01,63,275418,中性盘
2236,10:06:09,43.5,--,6,26100,卖盘
2237,10:06:06,43.5,-0.07,10,43500,卖盘
2238,10:06:03,43.57,0.12,216,941112,买盘
2239,10:05:57,43.45,--,1,4345,卖盘
2240,10:05:51,43.45,0.05,2,8690,买盘
2241,10:05:48,43.4,-0.05,2,8680,卖盘
2242,10:05:45,43.45,--,4,17380,买盘
2243,10:05:39,43.45,0.09,20,86900,买盘
2244,10:05:30,43.36,-0.04,5,21680,卖盘
2245,10:05:27,43.4,-0.04,14,60760,卖盘
2246,10:05:24,43.44,0.08,6,26064,买盘
2247,10:05:21,43.36,0.06,1,4336,中性盘
2248,10:05:18,43.3,-0.1,21,90930,卖盘
2249,10:05:15,43.4,0.15,1,4340,买盘
2250,10:05:12,43.25,-0.15,2,8650,卖盘
2251,10:05:09,43.4,--,6,26040,买盘
2252,10:05:03,43.4,0.04,4,17360,买盘
2253,10:04:57,43.36,-0.04,1,4336,中性盘
2254,10:04:54,43.4,-0.05,4,17360,中性盘
2255,10:04:51,43.45,0.05,2,8690,买盘
2256,10:04:48,43.4,--,2,8680,中性盘
2257,10:04:39,43.4,-0.1,6,26040,卖盘
2258,10:04:36,43.5,0.01,6,26100,买盘
2259,10:04:33,43.49,-0.01,2,8698,卖盘
2260,10:04:30,43.5,--,6,26100,买盘
2261,10:04:27,43.5,0.35,4,17400,买盘
2262,10:04:24,43.15,-0.35,83,358145,卖盘
2263,10:04:21,43.5,--,10,43500,买盘
2264,10:04:18,43.5,--,61,265350,卖盘
2265,10:04:15,43.5,-0.07,6,26100,卖盘
2266,10:04:12,43.57,--,3,13071,买盘
2267,10:04:03,43.57,--,2,8714,买盘
2268,10:04:00,43.57,--,33,143781,卖盘
2269,10:03:57,43.57,--,2,8714,卖盘
2270,10:03:54,43.57,-0.11,8,34856,卖盘
2271,10:03:51,43.68,-0.02,6,26208,中性盘
2272,10:03:48,43.7,--,16,69920,买盘
2273,10:03:45,43.7,--,3,13110,买盘
2274,10:03:39,43.7,--,14,61180,买盘
2275,10:03:36,43.7,-0.1,106,463220,卖盘
2276,10:03:33,43.8,0.01,9,39420,买盘
2277,10:03:30,43.79,--,11,48169,卖盘
2278,10:03:27,43.79,-0.08,2,8758,卖盘
2279,10:03:24,43.87,0.08,27,118449,买盘
2280,10:03:21,43.79,-0.11,2,8758,卖盘
2281,10:03:18,43.9,--,17,74630,买盘
2282,10:03:15,43.9,--,24,105360,买盘
2283,10:03:12,43.9,0.1,73,320470,买盘
2284,10:03:09,43.8,-0.17,148,648240,卖盘
2285,10:03:06,43.97,--,116,510052,卖盘
2286,10:03:03,43.97,-0.02,17,74749,卖盘
2287,10:03:00,43.99,--,24,105576,买盘
2288,10:02:57,43.99,0.01,202,888598,买盘
2289,10:02:54,43.98,--,5,21990,卖盘
2290,10:02:51,43.98,-0.01,9,39582,卖盘
2291,10:02:48,43.99,--,32,140768,买盘
2292,10:02:45,43.99,0.02,54,237546,买盘
2293,10:02:42,43.97,0.11,6,26382,中性盘
2294,10:02:39,43.86,-0.11,28,122808,卖盘
2295,10:02:36,43.97,--,18,79146,卖盘
2296,10:02:33,43.97,--,10,43970,卖盘
2297,10:02:30,43.97,0.18,2,8794,买盘
2298,10:02:27,43.79,-0.18,6,26274,卖盘
2299,10:02:24,43.97,0.18,14,61558,买盘
2300,10:02:21,43.79,-0.01,15,65685,卖盘
2301,10:02:18,43.8,0.01,10,43800,卖盘
2302,10:02:15,43.79,-0.16,15,65685,卖盘
2303,10:02:12,43.95,0.16,60,263700,买盘
2304,10:02:09,43.79,--,2,8758,买盘
2305,10:02:06,43.79,0.02,1,4379,买盘
2306,10:02:03,43.77,0.02,11,48147,买盘
2307,10:02:00,43.75,0.06,9,39375,买盘
2308,10:01:54,43.69,--,2,8738,买盘
2309,10:01:51,43.69,0.11,29,126701,买盘
2310,10:01:48,43.58,-0.02,10,43580,卖盘
2311,10:01:45,43.6,--,11,47960,买盘
2312,10:01:42,43.6,--,1,4360,买盘
2313,10:01:39,43.6,0.03,85,370600,买盘
2314,10:01:36,43.57,--,3,13071,买盘
2315,10:01:30,43.57,--,1,4357,买盘
2316,10:01:27,43.57,0.06,48,209136,买盘
2317,10:01:24,43.51,0.02,19,82669,卖盘
2318,10:01:21,43.49,0.04,1,4349,买盘
2319,10:01:18,43.45,--,311,1355162,卖盘
2320,10:01:15,43.45,-0.04,203,882035,中性盘
2321,10:01:12,43.49,0.08,211,917639,买盘
2322,10:01:09,43.41,--,11,47750,卖盘
2323,10:01:06,43.41,-0.04,12,52091,卖盘
2324,10:01:03,43.45,0.05,302,1312190,买盘
2325,10:01:00,43.4,-0.01,6,26040,卖盘
2326,10:00:57,43.41,--,29,125888,买盘
2327,10:00:54,43.41,--,17,73797,买盘
2328,10:00:51,43.41,-0.02,38,164958,卖盘
2329,10:00:48,43.43,-0.02,3,13029,买盘
2330,10:00:45,43.45,0.04,2,8690,买盘
2331,10:00:42,43.41,-0.02,15,65114,卖盘
2332,10:00:39,43.43,--,29,125947,卖盘
2333,10:00:36,43.43,-0.02,2,8686,卖盘
2334,10:00:33,43.45,--,3,13035,买盘
2335,10:00:30,43.45,0.05,31,134695,买盘
2336,10:00:27,43.4,--,1,4340,买盘
2337,10:00:24,43.4,--,1,4340,买盘
2338,10:00:21,43.4,--,100,434781,卖盘
2339,10:00:18,43.4,--,1,4340,卖盘
2340,10:00:12,43.4,--,1,4340,卖盘
2341,10:00:09,43.4,0.11,511,2221298,买盘
2342,10:00:06,43.29,--,1,4329,买盘
2343,10:00:03,43.29,0.01,37,160173,买盘
2344,10:00:00,43.28,-0.01,36,155808,卖盘
2345,09:59:57,43.29,-0.01,2,8658,卖盘
2346,09:59:54,43.3,--,2,8660,买盘
2347,09:59:51,43.3,--,5,21650,卖盘
2348,09:59:45,43.3,0.01,9,38970,买盘
2349,09:59:42,43.29,-0.01,2,8658,卖盘
2350,09:59:39,43.3,--,12,51960,买盘
2351,09:59:36,43.3,--,7,30309,买盘
2352,09:59:33,43.3,-0.05,5,21650,买盘
2353,09:59:30,43.35,0.05,52,225420,买盘
2354,09:59:27,43.3,--,4,18142,卖盘
2355,09:59:24,43.3,--,1,4330,卖盘
2356,09:59:21,43.3,-0.03,71,307430,卖盘
2357,09:59:18,43.33,0.03,1,4333,买盘
2358,09:59:15,43.3,--,2,8660,卖盘
2359,09:59:12,43.3,0.05,35,155057,买盘
2360,09:59:09,43.25,-0.03,3,12975,买盘
2361,09:59:06,43.28,--,2,8656,买盘
2362,09:59:03,43.28,-0.02,3,12984,买盘
2363,09:59:00,43.3,0.04,117,506609,买盘
2364,09:58:57,43.26,--,13,56238,卖盘
2365,09:58:54,43.26,-0.01,2,8652,卖盘
2366,09:58:51,43.27,0.01,5,21635,买盘
2367,09:58:48,43.26,-0.02,11,47586,卖盘
2368,09:58:45,43.28,-0.02,6,25968,卖盘
2369,09:58:39,43.3,0.01,8,34640,买盘
2370,09:58:36,43.29,--,22,96493,卖盘
2371,09:58:33,43.29,--,21,90909,卖盘
2372,09:58:30,43.29,--,24,103896,卖盘
2373,09:58:27,43.29,--,21,91385,卖盘
2374,09:58:24,43.29,--,3,12987,卖盘
2375,09:58:21,43.29,-0.02,19,82251,卖盘
2376,09:58:18,43.31,0.02,14,60634,中性盘
2377,09:58:12,43.29,-0.01,58,251082,卖盘
2378,09:58:09,43.3,0.01,7,30309,中性盘
2379,09:58:06,43.29,-0.06,7,30303,卖盘
2380,09:58:03,43.35,0.06,97,420495,买盘
2381,09:58:00,43.29,--,52,225108,卖盘
2382,09:57:57,43.29,-0.01,56,242943,卖盘
2383,09:57:54,43.3,0.01,5,21650,买盘
2384,09:57:51,43.29,-0.07,19,82251,卖盘
2385,09:57:48,43.36,0.07,6,26016,买盘
2386,09:57:45,43.29,-0.07,2,8658,卖盘
2387,09:57:42,43.36,0.01,84,364224,买盘
2388,09:57:39,43.35,--,192,834660,买盘
2389,09:57:36,43.35,0.05,90,390150,买盘
2390,09:57:33,43.3,0.01,121,523929,买盘
2391,09:57:30,43.29,--,10,43290,卖盘
2392,09:57:27,43.29,-0.01,100,432900,卖盘
2393,09:57:24,43.3,--,2,8660,买盘
2394,09:57:21,43.3,--,3,12990,买盘
2395,09:57:18,43.3,-0.05,126,545580,卖盘
2396,09:57:15,43.35,--,13,56355,卖盘
2397,09:57:12,43.35,--,13,56355,卖盘
2398,09:57:09,43.35,--,17,73695,卖盘
2399,09:57:06,43.35,-0.01,22,95370,卖盘
2400,09:57:03,43.36,--,31,134416,买盘
2401,09:56:57,43.36,--,1,4336,买盘
2402,09:56:54,43.36,0.01,1,4336,买盘
2403,09:56:51,43.35,-0.01,2,8670,卖盘
2404,09:56:48,43.36,-0.01,15,65040,卖盘
2405,09:56:45,43.37,--,7,30359,买盘
2406,09:56:42,43.37,--,11,47707,买盘
2407,09:56:39,43.37,0.02,2,8674,买盘
2408,09:56:33,43.35,-0.02,4,20591,卖盘
2409,09:56:30,43.37,--,38,164806,卖盘
2410,09:56:27,43.37,-0.02,1,4337,卖盘
2411,09:56:24,43.39,--,5,21695,买盘
2412,09:56:21,43.39,--,2,9762,买盘
2413,09:56:18,43.39,--,21,91119,买盘
2414,09:56:15,43.39,0.04,11,47729,买盘
2415,09:56:12,43.35,-0.04,4,17340,卖盘
2416,09:56:09,43.39,--,21,91119,买盘
2417,09:56:06,43.39,--,7,30373,买盘
2418,09:56:03,43.39,--,6,26034,买盘
2419,09:56:00,43.39,0.05,9,39051,买盘
2420,09:55:57,43.34,-0.05,11,47674,卖盘
2421,09:55:51,43.39,0.05,102,442578,买盘
2422,09:55:48,43.34,-0.01,6,26004,卖盘
2423,09:55:45,43.35,--,13,56355,买盘
2424,09:55:42,43.35,0.01,33,143055,买盘
2425,09:55:39,43.34,0.01,14,60676,买盘
2426,09:55:33,43.33,-0.01,1,4333,卖盘
2427,09:55:30,43.34,--,7,30338,卖盘
2428,09:55:27,43.34,0.04,2,8668,卖盘
2429,09:55:24,43.3,--,13,56289,中性盘
2430,09:55:21,43.3,--,3,12990,卖盘
2431,09:55:18,43.3,--,166,718780,卖盘
2432,09:55:15,43.3,-0.04,109,473009,卖盘
2433,09:55:12,43.34,0.04,19,85639,买盘
2434,09:55:09,43.3,--,16,69280,买盘
2435,09:55:06,43.3,--,9,38970,买盘
2436,09:55:03,43.3,--,4,17320,买盘
2437,09:55:00,43.3,--,22,95260,买盘
2438,09:54:57,43.3,-0.04,42,185930,卖盘
2439,09:54:54,43.34,0.04,103,446402,买盘
2440,09:54:51,43.3,--,125,541250,买盘
2441,09:54:48,43.3,--,12,51960,买盘
2442,09:54:45,43.3,0.01,20,86600,买盘
2443,09:54:42,43.29,--,2,8658,买盘
2444,09:54:39,43.29,-0.01,51,220779,买盘
2445,09:54:36,43.3,0.02,37,160210,买盘
2446,09:54:33,43.28,0.12,16,69248,中性盘
2447,09:54:30,43.16,-0.05,240,1035839,卖盘
2448,09:54:27,43.21,--,118,509878,卖盘
2449,09:54:24,43.21,0.04,15,64815,买盘
2450,09:54:21,43.17,--,4,17268,卖盘
2451,09:54:18,43.17,--,17,73389,卖盘
2452,09:54:15,43.17,--,4,17268,买盘
2453,09:54:12,43.17,--,34,146778,买盘
2454,09:54:09,43.17,--,1,4317,买盘
2455,09:54:06,43.17,0.01,30,129510,中性盘
2456,09:54:03,43.16,-0.14,11,47475,卖盘
2457,09:54:00,43.3,0.09,48,207840,买盘
2458,09:53:57,43.21,-0.03,15,64815,卖盘
2459,09:53:54,43.24,0.03,7,30268,中性盘
2460,09:53:51,43.21,-0.09,3,12963,卖盘
2461,09:53:45,43.3,--,2,8660,买盘
2462,09:53:42,43.3,0.1,633,2740890,买盘
2463,09:53:39,43.2,-0.14,47,203040,卖盘
2464,09:53:36,43.34,--,9,39006,卖盘
2465,09:53:33,43.34,0.04,72,312048,买盘
2466,09:53:30,43.3,--,11,47630,卖盘
2467,09:53:27,43.3,--,9,38970,卖盘
2468,09:53:24,43.3,-0.04,11,47630,卖盘
2469,09:53:21,43.34,0.04,19,82346,中性盘
2470,09:53:18,43.3,-0.11,24,103920,卖盘
2471,09:53:15,43.41,--,57,247436,买盘
2472,09:53:09,43.41,0.01,24,104183,买盘
2473,09:53:06,43.4,-0.01,17,73780,买盘
2474,09:53:03,43.41,-0.03,69,299529,卖盘
2475,09:53:00,43.44,--,49,212856,买盘
2476,09:52:57,43.44,0.04,60,260640,买盘
2477,09:52:54,43.4,-0.04,23,99820,卖盘
2478,09:52:51,43.44,0.03,10,43440,中性盘
2479,09:52:48,43.41,-0.07,72,312552,卖盘
2480,09:52:45,43.48,--,18,78264,买盘
2481,09:52:42,43.48,0.04,48,208703,买盘
2482,09:52:39,43.44,-0.06,2,8688,卖盘
2483,09:52:36,43.5,0.09,47,204450,买盘
2484,09:52:33,43.41,-0.12,19,82479,卖盘
2485,09:52:30,43.53,0.06,62,269886,买盘
2486,09:52:27,43.47,0.03,13,56511,买盘
2487,09:52:24,43.44,-0.04,76,330144,卖盘
2488,09:52:21,43.48,0.04,28,121743,卖盘
2489,09:52:18,43.44,-0.07,57,247608,卖盘
2490,09:52:15,43.51,0.07,48,208848,买盘
2491,09:52:12,43.44,0.04,83,360552,买盘
2492,09:52:09,43.4,--,14,60760,卖盘
2493,09:52:06,43.4,0.1,35,155589,中性盘
2494,09:52:03,43.3,--,31,134230,买盘
2495,09:52:00,43.3,0.1,26,112579,买盘
2496,09:51:57,43.2,--,15,64800,中性盘
2497,09:51:54,43.2,0.05,9,38880,买盘
2498,09:51:51,43.15,--,2,8630,卖盘
2499,09:51:48,43.15,-0.01,15,64725,卖盘
2500,09:51:45,43.16,0.08,41,176956,买盘
2501,09:51:42,43.08,--,4,17232,卖盘
2502,09:51:39,43.08,--,6,25848,卖盘
2503,09:51:36,43.08,-0.02,21,90468,卖盘
2504,09:51:33,43.1,0.05,36,155160,买盘
2505,09:51:30,43.05,0.05,94,404670,买盘
2506,09:51:27,43.0,--,52,223600,买盘
2507,09:51:24,43.0,--,37,159100,买盘
2508,09:51:21,43.0,0.04,80,344731,买盘
2509,09:51:18,42.96,-0.03,23,98808,卖盘
2510,09:51:15,42.99,0.03,134,576066,买盘
2511,09:51:12,42.96,-0.02,8,34368,买盘
2512,09:51:09,42.98,0.08,52,223495,买盘
2513,09:51:06,42.9,--,2,8580,卖盘
2514,09:51:03,42.9,0.12,42,180180,买盘
2515,09:51:00,42.78,--,14,59892,卖盘
2516,09:50:57,42.78,--,144,616032,买盘
2517,09:50:54,42.78,--,15,64170,买盘
2518,09:50:51,42.78,0.08,3,12834,买盘
2519,09:50:48,42.7,--,35,149450,卖盘
2520,09:50:45,42.7,--,32,136640,卖盘
2521,09:50:42,42.7,--,16,68320,卖盘
2522,09:50:39,42.7,--,21,89670,卖盘
2523,09:50:36,42.7,0.02,52,222040,买盘
2524,09:50:33,42.68,0.02,121,516428,买盘
2525,09:50:30,42.66,0.01,6,29734,买盘
2526,09:50:27,42.65,0.05,8,34120,卖盘
2527,09:50:24,42.6,--,2,8520,卖盘
2528,09:50:21,42.6,0.05,28,119280,买盘
2529,09:50:18,42.55,--,1,4255,卖盘
2530,09:50:15,42.55,-0.05,4,17020,卖盘
2531,09:50:12,42.6,0.04,72,306720,买盘
2532,09:50:09,42.56,0.04,34,144704,买盘
2533,09:50:03,42.52,0.02,10,42520,买盘
2534,09:50:00,42.5,0.1,276,1173000,买盘
2535,09:49:57,42.4,--,50,212000,卖盘
2536,09:49:54,42.4,0.02,151,644268,买盘
2537,09:49:48,42.38,0.06,24,101712,买盘
2538,09:49:45,42.32,0.02,1,4232,买盘
2539,09:49:42,42.3,-0.02,7,29609,中性盘
2540,09:49:36,42.32,0.12,82,347024,买盘
2541,09:49:33,42.2,--,58,244760,买盘
2542,09:49:30,42.2,-0.1,432,1823251,卖盘
2543,09:49:27,42.3,0.02,2,8460,买盘
2544,09:49:24,42.28,0.05,15,63420,买盘
2545,09:49:21,42.23,--,46,194258,卖盘
2546,09:49:18,42.23,-0.02,11,46453,卖盘
2547,09:49:15,42.25,0.03,56,236600,买盘
2548,09:49:12,42.22,--,19,80218,卖盘
2549,09:49:09,42.22,--,12,50664,卖盘
2550,09:49:06,42.22,0.02,38,160436,买盘
2551,09:49:03,42.2,--,16,68364,卖盘
2552,09:49:00,42.2,--,84,354480,卖盘
2553,09:48:57,42.2,--,4,16880,卖盘
2554,09:48:54,42.2,--,23,97060,卖盘
2555,09:48:51,42.2,0.09,65,277465,买盘
2556,09:48:48,42.11,-0.02,9,37899,卖盘
2557,09:48:45,42.13,--,16,67408,买盘
2558,09:48:39,42.13,-0.01,11,46343,卖盘
2559,09:48:30,42.14,--,13,55161,卖盘
2560,09:48:27,42.14,-0.01,5,21070,卖盘
2561,09:48:24,42.15,--,16,67440,买盘
2562,09:48:21,42.15,--,6,25290,卖盘
2563,09:48:18,42.15,--,6,25290,卖盘
2564,09:48:15,42.15,0.01,1,4215,卖盘
2565,09:48:12,42.14,-0.08,11,46354,卖盘
2566,09:48:09,42.22,0.01,11,46442,买盘
2567,09:48:06,42.21,--,24,101304,买盘
2568,09:48:03,42.21,0.07,8,33768,买盘
2569,09:48:00,42.14,-0.07,4,16856,卖盘
2570,09:47:57,42.21,0.07,5,21105,买盘
2571,09:47:54,42.14,--,3,13484,卖盘
2572,09:47:51,42.14,-0.09,5,21070,卖盘
2573,09:47:45,42.23,0.09,48,202703,买盘
2574,09:47:42,42.14,-0.05,4,16856,卖盘
2575,09:47:39,42.19,-0.01,236,995684,卖盘
2576,09:47:36,42.2,-0.03,98,413560,卖盘
2577,09:47:33,42.23,0.02,16,67568,买盘
2578,09:47:30,42.21,0.01,94,396774,买盘
2579,09:47:27,42.2,-0.01,5,21100,买盘
2580,09:47:24,42.21,0.02,25,105525,买盘
2581,09:47:18,42.19,-0.01,63,265797,卖盘
2582,09:47:15,42.2,--,20,84400,卖盘
2583,09:47:12,42.2,-0.01,11,46420,卖盘
2584,09:47:09,42.21,-0.09,31,130851,卖盘
2585,09:47:06,42.3,0.05,18,76140,买盘
2586,09:47:03,42.25,-0.07,1,4225,买盘
2587,09:47:00,42.32,--,7,29624,买盘
2588,09:46:57,42.32,0.02,8,33856,买盘
2589,09:46:54,42.3,--,25,105750,买盘
2590,09:46:51,42.3,-0.02,43,181890,卖盘
2591,09:46:48,42.32,0.02,32,135424,买盘
2592,09:46:45,42.3,-0.02,7,29609,卖盘
2593,09:46:42,42.32,0.02,6,25392,买盘
2594,09:46:39,42.3,--,3,12690,卖盘
2595,09:46:36,42.3,--,5,21150,卖盘
2596,09:46:33,42.3,--,45,190350,买盘
2597,09:46:27,42.3,--,3,12690,买盘
2598,09:46:24,42.3,0.05,12,50760,买盘
2599,09:46:18,42.25,-0.05,131,553475,中性盘
2600,09:46:15,42.3,0.09,6,25380,买盘
2601,09:46:12,42.21,--,2,8442,卖盘
2602,09:46:09,42.21,0.01,5,21105,买盘
2603,09:46:06,42.2,--,43,184456,买盘
2604,09:46:03,42.2,0.01,21,88620,买盘
2605,09:46:00,42.19,--,7,29533,卖盘
2606,09:45:57,42.19,-0.01,99,417681,卖盘
2607,09:45:54,42.2,--,10,42200,买盘
2608,09:45:51,42.2,0.02,1,4220,买盘
2609,09:45:45,42.18,-0.02,6,25308,中性盘
2610,09:45:42,42.2,0.02,43,181460,买盘
2611,09:45:39,42.18,--,2,8436,买盘
2612,09:45:36,42.18,-0.16,57,240426,中性盘
2613,09:45:33,42.34,0.2,69,292146,买盘
2614,09:45:30,42.14,-0.25,107,454269,卖盘
2615,09:45:27,42.39,--,11,46629,买盘
2616,09:45:24,42.39,0.05,94,398466,买盘
2617,09:45:21,42.34,-0.06,1,4234,中性盘
2618,09:45:18,42.4,--,33,139920,买盘
2619,09:45:15,42.4,0.01,49,207760,买盘
2620,09:45:12,42.39,--,6,25434,买盘
2621,09:45:09,42.39,0.19,23,97497,买盘
2622,09:45:06,42.2,-0.28,181,763862,卖盘
2623,09:45:03,42.48,0.06,19,80712,买盘
2624,09:45:00,42.42,--,15,63630,卖盘
2625,09:44:57,42.42,0.02,84,360527,买盘
2626,09:44:54,42.4,--,64,271360,买盘
2627,09:44:51,42.4,0.06,60,254400,买盘
2628,09:44:48,42.34,-0.06,102,431868,卖盘
2629,09:44:45,42.4,-0.02,14,59360,卖盘
2630,09:44:42,42.42,--,33,139986,买盘
2631,09:44:39,42.42,--,32,135744,买盘
2632,09:44:36,42.42,0.02,23,97566,买盘
2633,09:44:33,42.4,0.07,31,131440,买盘
2634,09:44:30,42.33,-0.07,16,67728,卖盘
2635,09:44:27,42.4,0.1,126,534240,买盘
2636,09:44:24,42.3,--,10,42300,买盘
2637,09:44:21,42.3,--,13,55412,卖盘
2638,09:44:18,42.3,0.01,66,279180,买盘
2639,09:44:15,42.29,0.09,12,50748,卖盘
2640,09:44:12,42.2,-0.1,9,37980,卖盘
2641,09:44:09,42.3,0.09,77,325710,买盘
2642,09:44:06,42.21,-0.03,4,17306,中性盘
2643,09:44:03,42.24,0.04,27,114048,买盘
2644,09:44:00,42.2,0.07,22,92840,买盘
2645,09:43:57,42.13,-0.01,9,37917,卖盘
2646,09:43:54,42.14,-0.04,2,8428,中性盘
2647,09:43:51,42.18,0.07,30,126540,买盘
2648,09:43:48,42.11,0.01,24,101064,买盘
2649,09:43:45,42.1,-0.01,45,189450,卖盘
2650,09:43:42,42.11,0.01,485,2042335,买盘
2651,09:43:39,42.1,--,395,1662950,买盘
2652,09:43:36,42.1,0.08,507,2134470,买盘
2653,09:43:33,42.02,-0.06,77,323554,卖盘
2654,09:43:30,42.08,-0.02,21,88368,中性盘
2655,09:43:27,42.1,--,21,88410,买盘
2656,09:43:24,42.1,-0.01,173,728330,卖盘
2657,09:43:21,42.11,--,7,29477,卖盘
2658,09:43:18,42.11,--,8,33688,卖盘
2659,09:43:15,42.11,0.05,83,349513,买盘
2660,09:43:12,42.06,0.06,12,50472,买盘
2661,09:43:09,42.0,--,11,46200,卖盘
2662,09:43:06,42.0,-0.02,14,58800,卖盘
2663,09:43:00,42.02,0.05,342,1437084,买盘
2664,09:42:57,41.97,--,14,58758,卖盘
2665,09:42:54,41.97,0.03,35,146895,卖盘
2666,09:42:51,41.94,--,3,12582,卖盘
2667,09:42:48,41.94,--,2,8388,卖盘
2668,09:42:45,41.94,-0.03,48,201312,卖盘
2669,09:42:42,41.97,0.05,79,331563,买盘
2670,09:42:39,41.92,-0.02,2,8384,卖盘
2671,09:42:36,41.94,0.02,30,129510,买盘
2672,09:42:33,41.92,0.02,19,79648,买盘
2673,09:42:27,41.9,--,25,104750,卖盘
2674,09:42:24,41.9,0.1,3,12570,中性盘
2675,09:42:21,41.8,-0.1,23,96140,卖盘
2676,09:42:18,41.9,0.02,13,54470,买盘
2677,09:42:15,41.88,--,6,25128,卖盘
2678,09:42:12,41.88,0.08,25,106291,买盘
2679,09:42:09,41.8,0.01,34,142120,买盘
2680,09:42:06,41.79,0.01,3,12537,卖盘
2681,09:42:03,41.78,-0.02,24,100272,卖盘
2682,09:42:00,41.8,0.02,66,275880,买盘
2683,09:41:54,41.78,0.1,10,41780,买盘
2684,09:41:51,41.68,-0.08,4,16672,卖盘
2685,09:41:48,41.76,0.08,27,112752,买盘
2686,09:41:45,41.68,0.05,61,255081,买盘
2687,09:41:39,41.63,-0.05,1,4163,卖盘
2688,09:41:36,41.68,0.03,200,833600,买盘
2689,09:41:33,41.65,--,3,12495,买盘
2690,09:41:30,41.65,0.02,7,29155,中性盘
2691,09:41:27,41.63,-0.02,4,16652,卖盘
2692,09:41:24,41.65,--,2,8330,卖盘
2693,09:41:21,41.65,-0.01,1,4165,卖盘
2694,09:41:18,41.66,0.06,22,91651,买盘
2695,09:41:15,41.6,-0.05,25,104000,卖盘
2696,09:41:09,41.65,0.02,3,12495,买盘
2697,09:41:06,41.63,-0.01,2,8326,卖盘
2698,09:41:03,41.64,0.01,6,24984,买盘
2699,09:40:57,41.63,0.03,9,37467,买盘
2700,09:40:54,41.6,-0.01,19,79040,卖盘
2701,09:40:51,41.61,0.01,3,12483,中性盘
2702,09:40:48,41.6,--,2,8320,买盘
2703,09:40:45,41.6,--,13,54080,买盘
2704,09:40:39,41.6,--,3,12480,买盘
2705,09:40:36,41.6,0.06,24,99840,买盘
2706,09:40:33,41.54,-0.06,10,41540,卖盘
2707,09:40:30,41.6,--,34,141440,卖盘
2708,09:40:27,41.6,0.1,161,669760,买盘
2709,09:40:24,41.5,--,103,427450,买盘
2710,09:40:21,41.5,--,7,29050,卖盘
2711,09:40:18,41.5,-0.04,9,37350,买盘
2712,09:40:15,41.54,-0.05,9,37386,卖盘
2713,09:40:12,41.59,0.08,147,611373,买盘
2714,09:40:09,41.51,0.01,1,4151,中性盘
2715,09:40:00,41.5,--,164,683878,买盘
2716,09:39:57,41.5,--,33,136950,买盘
2717,09:39:51,41.5,-0.04,13,54821,卖盘
2718,09:39:48,41.54,0.14,104,435297,买盘
2719,09:39:45,41.4,-0.1,183,758489,卖盘
2720,09:39:42,41.5,-0.04,26,107900,卖盘
2721,09:39:39,41.54,0.04,102,426989,买盘
2722,09:39:36,41.5,--,6,24900,买盘
2723,09:39:33,41.5,--,7,29050,买盘
2724,09:39:30,41.5,-0.05,198,822571,卖盘
2725,09:39:27,41.55,-0.04,52,216059,买盘
2726,09:39:24,41.59,0.05,4,16636,中性盘
2727,09:39:21,41.54,-0.02,46,192330,卖盘
2728,09:39:18,41.56,--,7,29092,买盘
2729,09:39:15,41.56,-0.03,8,33248,买盘
2730,09:39:12,41.59,0.03,21,87339,中性盘
2731,09:39:09,41.56,--,80,332480,卖盘
2732,09:39:06,41.56,-0.03,20,83120,卖盘
2733,09:39:03,41.59,0.03,63,262017,买盘
2734,09:39:00,41.56,--,34,141304,卖盘
2735,09:38:57,41.56,--,8,33248,卖盘
2736,09:38:54,41.56,0.01,296,1232129,买盘
2737,09:38:51,41.55,0.01,18,74790,买盘
2738,09:38:48,41.54,-0.02,66,276365,卖盘
2739,09:38:45,41.56,0.01,2,8312,买盘
2740,09:38:42,41.55,--,38,159842,卖盘
2741,09:38:39,41.55,0.03,170,706350,买盘
2742,09:38:36,41.52,--,12,49824,卖盘
2743,09:38:33,41.52,-0.02,43,178619,卖盘
2744,09:38:30,41.54,-0.01,32,132928,中性盘
2745,09:38:27,41.55,0.03,41,170355,买盘
2746,09:38:24,41.52,-0.03,26,107952,卖盘
2747,09:38:21,41.55,--,28,116339,买盘
2748,09:38:18,41.55,0.06,106,440429,买盘
2749,09:38:15,41.49,-0.01,8,33192,卖盘
2750,09:38:12,41.5,-0.05,17,70550,卖盘
2751,09:38:09,41.55,0.05,27,112184,买盘
2752,09:38:06,41.5,0.01,3,12450,买盘
2753,09:38:03,41.49,--,30,124470,卖盘
2754,09:38:00,41.49,-0.01,9,37341,卖盘
2755,09:37:57,41.5,0.15,68,282200,买盘
2756,09:37:54,41.35,--,21,86835,买盘
2757,09:37:51,41.35,-0.04,135,558225,买盘
2758,09:37:48,41.39,-0.1,20,82780,卖盘
2759,09:37:45,41.49,0.06,43,178407,买盘
2760,09:37:42,41.43,--,10,41430,卖盘
2761,09:37:39,41.43,0.18,1,4143,中性盘
2762,09:37:33,41.25,-0.25,15,61875,中性盘
2763,09:37:30,41.5,0.3,82,340300,买盘
2764,09:37:27,41.2,-0.1,19,78280,卖盘
2765,09:37:21,41.3,--,6,24780,卖盘
2766,09:37:18,41.3,0.09,116,479079,买盘
2767,09:37:15,41.21,--,4,16484,卖盘
2768,09:37:12,41.21,-0.04,2,8242,卖盘
2769,09:37:09,41.25,0.04,42,173250,买盘
2770,09:37:06,41.21,-0.04,7,28847,卖盘
2771,09:37:03,41.25,--,20,82500,买盘
2772,09:37:00,41.25,0.05,81,334125,买盘
2773,09:36:57,41.2,-0.05,10,41200,买盘
2774,09:36:54,41.25,--,50,206250,买盘
2775,09:36:51,41.25,--,23,94875,买盘
2776,09:36:48,41.25,0.05,28,115500,买盘
2777,09:36:45,41.2,--,7,28840,买盘
2778,09:36:42,41.2,--,2,8240,卖盘
2779,09:36:39,41.2,-0.01,5,20600,卖盘
2780,09:36:36,41.21,--,41,168961,买盘
2781,09:36:33,41.21,0.01,2,8242,买盘
2782,09:36:18,41.2,0.1,12,49440,买盘
2783,09:36:15,41.1,0.1,1,4110,买盘
2784,09:36:09,41.0,-0.19,83,340300,卖盘
2785,09:36:06,41.19,0.13,11,45309,买盘
2786,09:36:03,41.06,-0.06,1,4106,卖盘
2787,09:36:00,41.12,--,1,4112,买盘
2788,09:35:57,41.12,-0.02,5,20560,卖盘
2789,09:35:54,41.14,0.08,24,98736,买盘
2790,09:35:48,41.06,-0.08,26,106756,卖盘
2791,09:35:42,41.14,--,2,8228,买盘
2792,09:35:39,41.14,0.09,12,49368,买盘
2793,09:35:36,41.05,--,17,69785,卖盘
2794,09:35:27,41.05,-0.05,55,225774,卖盘
2795,09:35:18,41.1,0.01,4,16440,买盘
2796,09:35:09,41.09,0.04,3,12327,中性盘
2797,09:35:03,41.05,-0.05,7,28734,卖盘
2798,09:35:00,41.1,0.01,300,1233000,买盘
2799,09:34:54,41.09,0.09,3,12327,买盘
2800,09:34:48,41.0,-0.08,5,20500,卖盘
2801,09:34:45,41.08,0.03,2,8216,买盘
2802,09:34:39,41.05,0.04,2,8210,卖盘
2803,09:34:36,41.01,-0.07,1,4101,买盘
2804,09:34:30,41.08,0.03,10,41080,买盘
2805,09:34:27,41.05,0.04,11,45155,买盘
2806,09:34:24,41.01,0.01,3,12303,卖盘
2807,09:34:21,41.0,-0.1,1,4100,卖盘
2808,09:34:18,41.1,0.1,6,24660,买盘
2809,09:34:15,41.0,-0.05,73,299300,卖盘
2810,09:34:12,41.05,0.05,9,36945,买盘
2811,09:34:09,41.0,-0.05,15,61500,卖盘
2812,09:34:06,41.05,0.05,76,311980,卖盘
2813,09:34:03,41.0,-0.05,1,4100,卖盘
2814,09:34:00,41.05,0.07,19,77995,买盘
2815,09:33:57,40.98,-0.02,120,492907,卖盘
2816,09:33:51,41.0,-0.05,2,8200,卖盘
2817,09:33:48,41.05,0.07,11,45155,买盘
2818,09:33:45,40.98,-0.02,5,20490,卖盘
2819,09:33:42,41.0,--,37,154611,买盘
2820,09:33:39,41.0,--,8,32800,买盘
2821,09:33:36,41.0,--,100,410000,买盘
2822,09:33:33,41.0,-0.1,107,439889,卖盘
2823,09:33:30,41.1,--,18,73980,卖盘
2824,09:33:27,41.1,--,4,16440,卖盘
2825,09:33:18,41.1,0.07,127,521970,买盘
2826,09:33:15,41.03,-0.02,207,849321,卖盘
2827,09:33:12,41.05,--,1,4105,卖盘
2828,09:33:09,41.05,-0.05,2,8210,卖盘
2829,09:33:03,41.1,0.08,14,57540,买盘
2830,09:33:00,41.02,-0.03,10,43932,卖盘
2831,09:32:57,41.05,--,9,38135,卖盘
2832,09:32:54,41.05,--,1,4105,卖盘
2833,09:32:51,41.05,0.03,4,19334,买盘
2834,09:32:48,41.02,-0.03,4,16408,中性盘
2835,09:32:45,41.05,0.04,5,20525,买盘
2836,09:32:42,41.01,-0.04,65,266565,卖盘
2837,09:32:36,41.05,--,3,12315,买盘
2838,09:32:33,41.05,-0.05,22,91500,卖盘
