,time,price,change,volume,amount,type
0,15:00:03,30.32,--,2883,8742559,卖盘
1,14:57:00,30.32,-0.01,27,81864,卖盘
2,14:56:57,30.33,--,3,9099,卖盘
3,14:56:54,30.33,--,73,221409,卖盘
4,14:56:51,30.33,0.01,34,103122,买盘
5,14:56:48,30.32,-0.01,68,206176,卖盘
6,14:56:45,30.33,0.01,127,385191,买盘
7,14:56:42,30.32,-0.02,32,97024,卖盘
8,14:56:39,30.34,0.01,92,279128,买盘
9,14:56:36,30.33,--,137,415521,买盘
10,14:56:33,30.33,--,74,224442,卖盘
11,14:56:30,30.33,-0.01,45,136485,卖盘
12,14:56:27,30.34,0.01,78,236652,买盘
13,14:56:24,30.33,-0.01,89,269937,卖盘
14,14:56:21,30.34,0.01,16,48544,买盘
15,14:56:18,30.33,-0.01,19,57627,卖盘
16,14:56:15,30.34,--,41,124394,买盘
17,14:56:12,30.34,0.01,244,740296,买盘
18,14:56:09,30.33,-0.01,47,142551,卖盘
19,14:56:06,30.34,--,247,749398,买盘
20,14:56:03,30.34,0.01,9,27306,买盘
21,14:56:00,30.33,--,54,163782,卖盘
22,14:55:57,30.33,--,45,136485,卖盘
23,14:55:54,30.33,--,59,178947,卖盘
24,14:55:51,30.33,--,78,236574,卖盘
25,14:55:48,30.33,--,426,1292058,买盘
26,14:55:45,30.33,0.01,38,115254,买盘
27,14:55:42,30.32,--,41,124312,买盘
28,14:55:39,30.32,0.01,5,15160,买盘
29,14:55:36,30.31,-0.01,88,266728,卖盘
30,14:55:33,30.32,0.01,285,864120,买盘
31,14:55:30,30.31,-0.01,27,81837,卖盘
32,14:55:27,30.32,0.01,34,103088,买盘
33,14:55:24,30.31,-0.01,18,54558,卖盘
34,14:55:21,30.32,--,38,115216,买盘
35,14:55:18,30.32,--,18,54576,买盘
36,14:55:15,30.32,0.01,42,127344,买盘
37,14:55:12,30.31,-0.01,5,15155,卖盘
38,14:55:09,30.32,--,12,36384,买盘
39,14:55:06,30.32,0.01,508,1540256,买盘
40,14:55:03,30.31,--,5,15155,卖盘
41,14:55:00,30.31,--,99,300069,卖盘
42,14:54:57,30.31,-0.01,36,109116,卖盘
43,14:54:54,30.32,-0.03,28,84896,中性盘
44,14:54:51,30.35,0.02,1082,3283870,买盘
45,14:54:48,30.33,0.01,85,257805,买盘
46,14:54:45,30.32,--,200,606400,卖盘
47,14:54:42,30.32,--,24,72768,卖盘
48,14:54:39,30.32,0.02,52,157664,买盘
49,14:54:36,30.3,-0.02,96,290880,卖盘
50,14:54:33,30.32,0.02,12,36384,买盘
51,14:54:30,30.3,--,187,566610,卖盘
52,14:54:27,30.3,-0.02,63,190890,卖盘
53,14:54:24,30.32,--,6,18192,买盘
54,14:54:21,30.32,--,37,112184,买盘
55,14:54:18,30.32,-0.01,42,127344,买盘
56,14:54:15,30.33,0.03,9,27297,买盘
57,14:54:12,30.3,-0.02,127,384810,卖盘
58,14:54:09,30.32,-0.01,120,363840,卖盘
59,14:54:06,30.33,0.01,12,36396,买盘
60,14:54:03,30.32,--,131,397192,卖盘
61,14:54:00,30.32,-0.01,177,536664,卖盘
62,14:53:57,30.33,--,15,45495,买盘
63,14:53:54,30.33,0.01,13,39429,买盘
64,14:53:51,30.32,--,4,12128,卖盘
65,14:53:48,30.32,--,12,36384,卖盘
66,14:53:45,30.32,0.02,163,496702,买盘
67,14:53:42,30.3,--,56,169680,卖盘
68,14:53:39,30.3,--,158,478740,卖盘
69,14:53:36,30.3,--,44,133320,卖盘
70,14:53:33,30.3,-0.02,40,121200,卖盘
71,14:53:30,30.32,0.02,58,175856,买盘
72,14:53:27,30.3,--,67,203010,买盘
73,14:53:24,30.3,--,38,115140,买盘
74,14:53:21,30.3,--,49,148470,买盘
75,14:53:18,30.3,0.01,92,278760,买盘
76,14:53:15,30.29,--,2,6058,卖盘
77,14:53:12,30.29,-0.01,137,414973,卖盘
78,14:53:09,30.3,--,29,87870,买盘
79,14:53:06,30.3,--,108,327240,买盘
80,14:53:03,30.3,--,20,60600,买盘
81,14:53:00,30.3,--,37,112110,买盘
82,14:52:57,30.3,0.01,206,624180,卖盘
83,14:52:54,30.29,-0.01,5,15145,卖盘
84,14:52:51,30.3,-0.03,34,103020,卖盘
85,14:52:48,30.33,0.03,361,1094913,买盘
86,14:52:45,30.3,-0.03,53,160590,卖盘
87,14:52:42,30.33,0.03,47,142551,买盘
88,14:52:39,30.3,0.01,32,96960,中性盘
89,14:52:36,30.29,-0.01,54,163566,卖盘
90,14:52:33,30.3,-0.01,41,124230,卖盘
91,14:52:30,30.31,-0.02,33,100023,中性盘
92,14:52:27,30.33,0.03,52,157716,买盘
93,14:52:24,30.3,-0.03,5,15150,卖盘
94,14:52:21,30.33,-0.01,12,36396,中性盘
95,14:52:18,30.34,--,1,3034,买盘
96,14:52:15,30.34,0.01,4,12136,买盘
97,14:52:12,30.33,0.03,1,3033,中性盘
98,14:52:09,30.3,--,23,69690,卖盘
99,14:52:06,30.3,-0.03,18,54540,卖盘
100,14:52:03,30.33,0.03,987,2993571,买盘
101,14:52:00,30.3,--,46,139380,买盘
102,14:51:57,30.3,0.02,42,127260,买盘
103,14:51:54,30.28,-0.02,8,24224,卖盘
104,14:51:51,30.3,--,13,39390,卖盘
105,14:51:48,30.3,0.02,83,251490,买盘
106,14:51:45,30.28,-0.02,55,166540,卖盘
107,14:51:42,30.3,0.02,47,142410,买盘
108,14:51:39,30.28,--,181,548068,买盘
109,14:51:36,30.28,--,309,935652,买盘
110,14:51:33,30.28,-0.02,449,1359572,卖盘
111,14:51:30,30.3,--,187,566610,卖盘
112,14:51:27,30.3,--,24,72720,卖盘
113,14:51:24,30.3,-0.02,2,6060,卖盘
114,14:51:21,30.32,0.02,56,169792,买盘
115,14:51:18,30.3,--,64,193920,卖盘
116,14:51:15,30.3,--,3,9090,卖盘
117,14:51:12,30.3,--,14,42420,卖盘
118,14:51:09,30.3,-0.02,43,130290,卖盘
119,14:51:06,30.32,0.02,28,84896,买盘
120,14:51:03,30.3,--,6,18180,卖盘
121,14:51:00,30.3,--,4,12120,卖盘
122,14:50:57,30.3,--,5,15150,卖盘
123,14:50:54,30.3,--,1,3030,卖盘
124,14:50:51,30.3,--,133,402990,买盘
125,14:50:48,30.3,--,44,133320,买盘
126,14:50:45,30.3,--,79,239370,买盘
127,14:50:42,30.3,0.01,133,402990,买盘
128,14:50:39,30.29,--,296,896584,卖盘
129,14:50:36,30.29,-0.03,68,205972,卖盘
130,14:50:33,30.32,0.02,2,6064,买盘
131,14:50:30,30.3,0.01,13,39390,中性盘
132,14:50:27,30.29,--,29,87841,卖盘
133,14:50:24,30.29,-0.04,207,627003,卖盘
134,14:50:21,30.33,0.03,1,3033,买盘
135,14:50:18,30.3,--,34,103020,买盘
136,14:50:15,30.3,--,93,281790,买盘
137,14:50:12,30.3,--,138,418140,买盘
138,14:50:09,30.3,0.02,43,130290,买盘
139,14:50:06,30.28,-0.02,45,137259,中性盘
140,14:50:03,30.3,--,12,36360,买盘
141,14:50:00,30.3,0.02,41,124230,买盘
142,14:49:57,30.28,-0.02,132,399696,卖盘
143,14:49:54,30.3,--,5,15150,买盘
144,14:49:51,30.3,--,9,27270,买盘
145,14:49:48,30.3,--,37,112110,买盘
146,14:49:45,30.3,0.01,61,184830,买盘
147,14:49:42,30.29,-0.01,1,3029,卖盘
148,14:49:39,30.3,-0.03,117,354510,卖盘
149,14:49:36,30.33,0.03,11,33363,中性盘
150,14:49:30,30.3,--,186,563580,卖盘
151,14:49:27,30.3,--,67,203010,卖盘
152,14:49:21,30.3,--,18,54540,卖盘
153,14:49:18,30.3,-0.03,71,215130,卖盘
154,14:49:15,30.33,--,470,1425510,买盘
155,14:49:12,30.33,--,6,18198,买盘
156,14:49:09,30.33,0.01,3,9099,买盘
157,14:49:06,30.32,-0.01,31,93992,中性盘
158,14:49:03,30.33,0.03,16,48528,买盘
159,14:49:00,30.3,-0.02,14,42420,卖盘
160,14:48:57,30.32,0.02,15,45480,买盘
161,14:48:54,30.3,0.02,133,403899,买盘
162,14:48:51,30.28,-0.02,110,333080,卖盘
163,14:48:48,30.3,--,2,6060,买盘
164,14:48:45,30.3,0.04,104,315120,买盘
165,14:48:42,30.26,-0.04,65,196690,卖盘
166,14:48:39,30.3,0.01,148,448440,买盘
167,14:48:36,30.29,0.02,51,154479,买盘
168,14:48:33,30.27,0.01,19,57513,中性盘
169,14:48:30,30.26,-0.02,143,432718,卖盘
170,14:48:27,30.28,--,1,3028,买盘
171,14:48:24,30.28,--,32,96896,买盘
172,14:48:21,30.28,-0.02,170,514760,卖盘
173,14:48:18,30.3,--,37,112110,买盘
174,14:48:15,30.3,0.01,72,218160,买盘
175,14:48:12,30.29,--,5,15145,买盘
176,14:48:09,30.29,-0.01,15,45435,卖盘
177,14:48:06,30.3,--,168,511161,卖盘
178,14:48:03,30.3,-0.03,83,251490,卖盘
179,14:48:00,30.33,0.03,45,136485,买盘
180,14:47:57,30.3,--,60,181800,卖盘
181,14:47:54,30.3,0.01,40,121200,卖盘
182,14:47:51,30.29,0.02,661,2003077,买盘
183,14:47:48,30.27,0.01,117,354159,买盘
184,14:47:45,30.26,-0.02,551,1669444,卖盘
185,14:47:42,30.28,--,13,39364,买盘
186,14:47:39,30.28,0.01,44,133232,买盘
187,14:47:36,30.27,-0.01,48,145296,卖盘
188,14:47:33,30.28,-0.05,142,429976,卖盘
189,14:47:30,30.33,0.02,23,69759,买盘
190,14:47:27,30.31,0.01,242,733502,买盘
191,14:47:24,30.3,--,36,109080,卖盘
192,14:47:21,30.3,-0.01,333,1008990,卖盘
193,14:47:18,30.31,-0.02,58,175798,卖盘
194,14:47:15,30.33,0.03,66,200178,买盘
195,14:47:12,30.3,-0.03,68,206040,卖盘
196,14:47:09,30.33,-0.02,328,994824,卖盘
197,14:47:06,30.35,0.05,3,9105,买盘
198,14:47:03,30.3,-0.04,71,215130,卖盘
199,14:47:00,30.34,0.01,2,6068,卖盘
200,14:46:57,30.33,--,2,6066,卖盘
201,14:46:54,30.33,-0.01,33,100089,买盘
202,14:46:51,30.34,--,211,640174,买盘
203,14:46:48,30.34,0.04,123,373182,买盘
204,14:46:45,30.3,--,5,15150,买盘
205,14:46:42,30.3,--,66,199980,卖盘
206,14:46:39,30.3,--,45,136350,卖盘
207,14:46:36,30.3,--,8,24240,卖盘
208,14:46:33,30.3,0.03,5,15150,中性盘
209,14:46:30,30.27,-0.03,70,211890,卖盘
210,14:46:27,30.3,0.01,333,1008990,买盘
211,14:46:24,30.29,-0.06,7,21203,中性盘
212,14:46:18,30.35,0.07,96,291360,买盘
213,14:46:15,30.28,-0.02,405,1226340,卖盘
214,14:46:12,30.3,--,11,33330,买盘
215,14:46:09,30.3,--,101,306030,买盘
216,14:46:06,30.3,--,12,36360,买盘
217,14:46:03,30.3,-0.01,222,672902,卖盘
218,14:46:00,30.31,--,36,109116,买盘
219,14:45:57,30.31,-0.04,330,1000230,卖盘
220,14:45:54,30.35,0.01,65,197275,买盘
221,14:45:51,30.34,--,15,45510,买盘
222,14:45:48,30.34,--,245,743330,买盘
223,14:45:45,30.34,0.02,96,291264,买盘
224,14:45:42,30.32,-0.02,6,18192,卖盘
225,14:45:39,30.34,-0.01,81,245754,中性盘
226,14:45:36,30.35,0.01,93,282255,买盘
227,14:45:33,30.34,0.01,100,303400,买盘
228,14:45:30,30.33,-0.02,41,124353,卖盘
229,14:45:27,30.35,--,93,282255,买盘
230,14:45:24,30.35,--,80,242800,买盘
231,14:45:21,30.35,0.02,84,254940,买盘
232,14:45:18,30.33,-0.02,236,715788,卖盘
233,14:45:15,30.35,0.01,102,309570,买盘
234,14:45:12,30.34,-0.01,43,130462,卖盘
235,14:45:09,30.35,--,36,109260,买盘
236,14:45:06,30.35,-0.02,53,160855,卖盘
237,14:45:03,30.37,-0.01,19,57703,中性盘
238,14:45:00,30.38,0.01,113,343294,买盘
239,14:44:57,30.37,0.01,45,136665,买盘
240,14:44:54,30.36,-0.03,76,230736,卖盘
241,14:44:51,30.39,0.01,126,382914,买盘
242,14:44:48,30.38,0.01,116,352408,买盘
243,14:44:45,30.37,-0.02,168,510216,卖盘
244,14:44:42,30.39,--,14,42546,买盘
245,14:44:39,30.39,0.02,65,197535,买盘
246,14:44:36,30.37,--,29,88073,卖盘
247,14:44:33,30.37,-0.02,5,15185,卖盘
248,14:44:30,30.39,0.01,123,373797,买盘
249,14:44:27,30.38,0.01,204,619752,买盘
250,14:44:24,30.37,--,5,15185,卖盘
251,14:44:21,30.37,-0.01,10,30370,卖盘
252,14:44:18,30.38,0.01,111,337218,买盘
253,14:44:15,30.37,0.04,234,710658,买盘
254,14:44:12,30.33,--,6,18198,卖盘
255,14:44:09,30.33,-0.01,52,157716,卖盘
256,14:44:06,30.34,-0.02,60,182040,卖盘
257,14:44:03,30.36,0.01,229,695244,买盘
258,14:44:00,30.35,0.01,71,215485,买盘
259,14:43:57,30.34,--,62,188108,买盘
260,14:43:54,30.34,-0.01,14,42476,卖盘
261,14:43:51,30.35,0.02,2,6070,买盘
262,14:43:48,30.33,-0.02,10,30330,卖盘
263,14:43:45,30.35,0.02,77,233695,买盘
264,14:43:42,30.33,0.02,4,12132,买盘
265,14:43:39,30.31,0.01,20,60620,中性盘
266,14:43:36,30.3,-0.02,285,863822,卖盘
267,14:43:33,30.32,0.02,114,348164,买盘
268,14:43:30,30.3,-0.01,25,75750,卖盘
269,14:43:27,30.31,--,81,245511,买盘
270,14:43:24,30.31,0.01,11,33341,买盘
271,14:43:21,30.3,--,75,227250,卖盘
272,14:43:18,30.3,--,333,1008990,买盘
273,14:43:15,30.3,0.03,275,833250,买盘
274,14:43:12,30.27,--,145,441760,买盘
275,14:43:09,30.27,0.01,69,208863,买盘
276,14:43:06,30.26,--,24,72624,卖盘
277,14:43:00,30.26,-0.01,60,181560,卖盘
278,14:42:57,30.27,0.02,379,1148141,买盘
279,14:42:54,30.25,-0.01,58,175450,卖盘
280,14:42:51,30.26,0.01,369,1116594,买盘
281,14:42:48,30.25,-0.01,166,502150,卖盘
282,14:42:45,30.26,0.01,113,341938,买盘
283,14:42:42,30.25,--,164,496100,买盘
284,14:42:39,30.25,0.01,1289,3899225,买盘
285,14:42:36,30.24,--,72,217728,买盘
286,14:42:33,30.24,--,16,48384,买盘
287,14:42:30,30.24,0.01,1,3024,买盘
288,14:42:27,30.23,0.01,108,326484,卖盘
289,14:42:24,30.22,-0.01,106,320332,卖盘
290,14:42:21,30.23,0.01,93,281139,买盘
291,14:42:18,30.22,-0.01,298,900556,卖盘
292,14:42:15,30.23,0.01,89,269047,买盘
293,14:42:12,30.22,0.01,11,33242,中性盘
294,14:42:09,30.21,-0.02,50,151050,卖盘
295,14:42:06,30.23,0.01,108,326484,买盘
296,14:42:03,30.22,--,67,202474,买盘
297,14:42:00,30.22,0.02,6,18132,买盘
298,14:41:57,30.2,--,45,135900,卖盘
299,14:41:54,30.2,-0.03,102,308040,卖盘
300,14:41:51,30.23,--,118,356714,卖盘
301,14:41:48,30.23,-0.02,85,256955,卖盘
302,14:41:45,30.25,--,76,229900,买盘
303,14:41:42,30.25,0.02,163,493075,买盘
304,14:41:39,30.23,-0.03,82,247886,卖盘
305,14:41:36,30.26,--,375,1134750,买盘
306,14:41:33,30.26,0.01,2,6052,买盘
307,14:41:30,30.25,--,116,350900,卖盘
308,14:41:27,30.25,-0.01,69,208725,卖盘
309,14:41:24,30.26,-0.01,346,1049114,卖盘
310,14:41:21,30.27,0.01,182,550914,买盘
311,14:41:18,30.26,-0.01,86,260236,卖盘
312,14:41:15,30.27,--,187,566049,买盘
313,14:41:12,30.27,0.01,550,1664850,买盘
314,14:41:09,30.26,-0.01,186,562836,卖盘
315,14:41:06,30.27,0.01,182,550914,买盘
316,14:41:03,30.26,--,239,723214,卖盘
317,14:41:00,30.26,--,112,338912,卖盘
318,14:40:57,30.26,-0.01,78,236028,卖盘
319,14:40:54,30.27,--,124,375529,卖盘
320,14:40:51,30.27,--,249,753723,卖盘
321,14:40:48,30.27,-0.01,112,339024,卖盘
322,14:40:45,30.28,0.01,65,196820,买盘
323,14:40:42,30.27,-0.03,15,45405,卖盘
324,14:40:39,30.3,--,5,15150,买盘
325,14:40:36,30.3,--,88,266640,买盘
326,14:40:33,30.3,0.03,10,30300,买盘
327,14:40:30,30.27,-0.04,505,1528635,卖盘
328,14:40:27,30.31,0.01,31,93961,买盘
329,14:40:24,30.3,-0.01,71,215130,卖盘
330,14:40:21,30.31,--,171,518301,卖盘
331,14:40:18,30.31,--,126,381906,卖盘
332,14:40:15,30.31,--,103,312193,卖盘
333,14:40:12,30.31,0.01,5,15155,中性盘
334,14:40:09,30.3,--,422,1278660,卖盘
335,14:40:06,30.3,--,78,236340,卖盘
336,14:40:03,30.3,--,292,884760,卖盘
337,14:40:00,30.3,-0.01,103,312090,卖盘
338,14:39:57,30.31,--,282,854742,买盘
339,14:39:54,30.31,--,1,3031,买盘
340,14:39:51,30.31,--,62,187922,买盘
341,14:39:48,30.31,-0.01,96,290976,卖盘
342,14:39:45,30.32,--,118,357776,买盘
343,14:39:42,30.32,0.01,85,257720,买盘
344,14:39:39,30.31,--,58,175798,卖盘
345,14:39:36,30.31,--,35,106085,卖盘
346,14:39:33,30.31,--,66,200046,卖盘
347,14:39:30,30.31,-0.01,73,221263,卖盘
348,14:39:27,30.32,--,58,175856,买盘
349,14:39:24,30.32,--,11,33352,买盘
350,14:39:21,30.32,--,21,63672,卖盘
351,14:39:18,30.32,-0.01,112,339584,卖盘
352,14:39:15,30.33,--,7,21231,买盘
353,14:39:12,30.33,-0.04,217,658161,卖盘
354,14:39:09,30.37,0.05,63,191331,买盘
355,14:39:06,30.32,-0.01,16,48512,卖盘
356,14:39:03,30.33,0.01,2,6066,中性盘
357,14:39:00,30.32,-0.05,27,81864,卖盘
358,14:38:57,30.37,0.04,63,191331,买盘
359,14:38:54,30.33,-0.04,35,106155,买盘
360,14:38:51,30.37,0.05,25,75925,买盘
361,14:38:48,30.32,-0.05,131,397192,卖盘
362,14:38:45,30.37,0.04,65,197405,买盘
363,14:38:39,30.33,--,32,97056,卖盘
364,14:38:36,30.33,-0.04,68,206244,卖盘
365,14:38:33,30.37,0.04,108,327996,买盘
366,14:38:30,30.33,--,28,84924,买盘
367,14:38:27,30.33,--,17,51561,买盘
368,14:38:24,30.33,--,23,69759,买盘
369,14:38:21,30.33,--,106,321498,买盘
370,14:38:18,30.33,-0.04,116,351828,卖盘
371,14:38:15,30.37,0.05,4,12148,买盘
372,14:38:12,30.32,--,86,260752,卖盘
373,14:38:09,30.32,-0.01,15,45480,卖盘
374,14:38:06,30.33,-0.04,6,18198,卖盘
375,14:38:03,30.37,0.03,64,194368,买盘
376,14:38:00,30.34,--,49,148666,卖盘
377,14:37:57,30.34,0.02,31,94054,买盘
378,14:37:54,30.32,-0.01,10,30320,卖盘
379,14:37:51,30.33,-0.01,63,191079,卖盘
380,14:37:48,30.34,--,33,100122,买盘
381,14:37:45,30.34,0.02,86,260924,买盘
382,14:37:42,30.32,-0.01,321,973272,卖盘
383,14:37:39,30.33,-0.01,99,300267,卖盘
384,14:37:36,30.34,0.01,6,18204,买盘
385,14:37:33,30.33,--,41,124353,卖盘
386,14:37:30,30.33,-0.01,124,376092,卖盘
387,14:37:27,30.34,0.01,1,3034,买盘
388,14:37:24,30.33,--,17,51561,卖盘
389,14:37:21,30.33,-0.04,28,84924,卖盘
390,14:37:18,30.37,-0.01,64,194368,中性盘
391,14:37:15,30.38,0.05,22,66836,买盘
392,14:37:12,30.33,--,16,48528,买盘
393,14:37:09,30.33,0.01,11,33363,买盘
394,14:37:06,30.32,-0.07,188,570016,卖盘
395,14:37:03,30.39,0.01,40,121560,买盘
396,14:37:00,30.38,--,3,9114,买盘
397,14:36:57,30.38,0.04,68,206584,买盘
398,14:36:54,30.34,--,27,81918,卖盘
399,14:36:51,30.34,--,24,72816,卖盘
400,14:36:48,30.34,-0.03,4,12136,卖盘
401,14:36:45,30.37,--,52,157924,买盘
402,14:36:42,30.37,--,29,88073,买盘
403,14:36:39,30.37,0.05,12,36444,买盘
404,14:36:36,30.32,--,42,127344,卖盘
405,14:36:33,30.32,-0.01,334,1012688,卖盘
406,14:36:30,30.33,0.01,16,48528,卖盘
407,14:36:27,30.32,-0.01,14,42448,卖盘
408,14:36:24,30.33,-0.05,106,321498,卖盘
409,14:36:21,30.38,--,2,6076,买盘
410,14:36:18,30.38,--,6,18228,买盘
411,14:36:15,30.38,0.05,250,759500,买盘
412,14:36:12,30.33,-0.05,95,288135,卖盘
413,14:36:06,30.38,0.06,12,36456,买盘
414,14:36:03,30.32,--,34,103088,卖盘
415,14:36:00,30.32,-0.01,64,194048,卖盘
416,14:35:57,30.33,--,271,821943,买盘
417,14:35:54,30.33,-0.05,9,27297,卖盘
418,14:35:51,30.38,0.02,71,215698,买盘
419,14:35:48,30.36,-0.02,6,18216,中性盘
420,14:35:45,30.38,0.06,155,470890,买盘
421,14:35:42,30.32,-0.03,6,18192,卖盘
422,14:35:39,30.35,0.02,68,206380,买盘
423,14:35:36,30.33,0.01,35,106155,中性盘
424,14:35:33,30.32,-0.04,15,45480,卖盘
425,14:35:30,30.36,0.05,15,45540,买盘
426,14:35:27,30.31,-0.01,88,266728,卖盘
427,14:35:24,30.32,--,95,288040,卖盘
428,14:35:21,30.32,-0.04,100,303200,卖盘
429,14:35:18,30.36,0.02,126,382536,买盘
430,14:35:15,30.34,0.02,39,118326,买盘
431,14:35:12,30.32,-0.01,15,45480,中性盘
432,14:35:09,30.33,0.02,27,81891,买盘
433,14:35:06,30.31,-0.02,87,263697,卖盘
434,14:35:03,30.33,--,25,75825,买盘
435,14:35:00,30.33,0.02,159,482247,买盘
436,14:34:57,30.31,--,17,51527,买盘
437,14:34:54,30.31,-0.01,34,103054,卖盘
438,14:34:48,30.32,--,8,24256,卖盘
439,14:34:45,30.32,0.02,160,485120,买盘
440,14:34:42,30.3,-0.01,209,633270,卖盘
441,14:34:39,30.31,--,18,54558,卖盘
442,14:34:36,30.31,-0.01,47,142457,卖盘
443,14:34:33,30.32,-0.01,54,163728,中性盘
444,14:34:30,30.33,0.02,61,185013,买盘
445,14:34:27,30.31,--,48,145488,卖盘
446,14:34:24,30.31,0.01,117,357476,买盘
447,14:34:21,30.3,--,186,563580,卖盘
448,14:34:18,30.3,-0.01,41,124230,卖盘
449,14:34:15,30.31,--,82,248542,买盘
450,14:34:12,30.31,0.01,55,166705,买盘
451,14:34:06,30.3,-0.01,43,130290,卖盘
452,14:34:03,30.31,-0.02,440,1333640,卖盘
453,14:34:00,30.33,0.01,63,191079,买盘
454,14:33:57,30.32,0.01,45,136440,卖盘
455,14:33:54,30.31,-0.01,149,451619,卖盘
456,14:33:51,30.32,0.01,16,48512,买盘
457,14:33:48,30.31,-0.01,77,233387,卖盘
458,14:33:45,30.32,-0.02,96,291072,卖盘
459,14:33:42,30.34,0.03,221,670514,买盘
460,14:33:39,30.31,--,94,284914,卖盘
461,14:33:36,30.31,--,10,30310,卖盘
462,14:33:33,30.31,-0.01,53,160643,卖盘
463,14:33:30,30.32,-0.01,25,75800,卖盘
464,14:33:27,30.33,--,370,1122210,买盘
465,14:33:24,30.33,0.01,58,175914,买盘
466,14:33:21,30.32,0.01,35,106120,中性盘
467,14:33:18,30.31,-0.02,108,327348,卖盘
468,14:33:15,30.33,--,420,1273860,买盘
469,14:33:12,30.33,--,4,12132,买盘
470,14:33:09,30.33,--,250,758250,买盘
471,14:33:06,30.33,0.01,90,272970,买盘
472,14:33:03,30.32,-0.01,39,118248,卖盘
473,14:33:00,30.33,--,3,9099,买盘
474,14:32:57,30.33,0.01,10,30330,买盘
475,14:32:54,30.32,-0.02,363,1100616,卖盘
476,14:32:51,30.34,0.01,126,382284,买盘
477,14:32:48,30.33,-0.01,108,327564,卖盘
478,14:32:45,30.34,0.01,76,230584,买盘
479,14:32:42,30.33,-0.01,91,276003,卖盘
480,14:32:39,30.34,--,3,9102,买盘
481,14:32:36,30.34,--,27,81918,卖盘
482,14:32:33,30.34,-0.01,68,206312,卖盘
483,14:32:30,30.35,--,75,227625,买盘
484,14:32:27,30.35,-0.02,26,78910,买盘
485,14:32:24,30.37,0.02,111,337107,买盘
486,14:32:21,30.35,-0.01,77,233695,卖盘
487,14:32:18,30.36,-0.01,5,15180,卖盘
488,14:32:15,30.37,-0.01,11,33407,买盘
489,14:32:12,30.38,0.01,179,543802,买盘
490,14:32:09,30.37,--,70,212590,买盘
491,14:32:06,30.37,--,62,188294,中性盘
492,14:32:03,30.37,--,199,604363,中性盘
493,14:32:00,30.37,-0.01,65,197405,卖盘
494,14:31:57,30.38,--,3,9114,买盘
495,14:31:54,30.38,--,379,1151402,买盘
496,14:31:51,30.38,--,60,184953,卖盘
497,14:31:48,30.38,-0.02,100,303800,卖盘
498,14:31:45,30.4,0.02,52,158080,买盘
499,14:31:42,30.38,-0.02,40,121520,卖盘
500,14:31:39,30.4,0.02,7,21280,买盘
501,14:31:36,30.38,-0.01,56,170128,卖盘
502,14:31:33,30.39,-0.01,32,97248,买盘
503,14:31:30,30.4,--,9,27360,买盘
504,14:31:27,30.4,--,61,185440,买盘
505,14:31:24,30.4,--,52,158080,买盘
506,14:31:21,30.4,0.02,23,69920,买盘
507,14:31:18,30.38,-0.02,16,48608,卖盘
508,14:31:15,30.4,--,76,231040,买盘
509,14:31:12,30.4,0.02,8,24320,中性盘
510,14:31:09,30.38,-0.02,424,1288112,卖盘
511,14:31:06,30.4,--,38,115520,卖盘
512,14:31:03,30.4,--,69,209760,卖盘
513,14:31:00,30.4,--,9,27360,卖盘
514,14:30:57,30.4,--,27,82080,卖盘
515,14:30:54,30.4,--,57,173280,卖盘
516,14:30:51,30.4,--,10,30400,卖盘
517,14:30:48,30.4,-0.04,1,3040,卖盘
518,14:30:45,30.44,--,34,103861,买盘
519,14:30:42,30.44,0.05,73,222212,买盘
520,14:30:39,30.39,0.01,3,9117,买盘
521,14:30:36,30.38,--,65,197470,卖盘
522,14:30:33,30.38,--,19,57722,卖盘
523,14:30:30,30.38,-0.02,56,170128,卖盘
524,14:30:27,30.4,--,23,69920,买盘
525,14:30:24,30.4,0.02,75,228000,买盘
526,14:30:21,30.38,-0.02,57,173166,卖盘
527,14:30:18,30.4,--,40,121600,买盘
528,14:30:15,30.4,0.02,68,206720,买盘
529,14:30:12,30.38,--,44,133672,卖盘
530,14:30:09,30.38,-0.01,63,191394,卖盘
531,14:30:06,30.39,--,3,9117,卖盘
532,14:30:03,30.39,-0.06,5,15195,卖盘
533,14:30:00,30.45,0.06,11,33495,买盘
534,14:29:57,30.39,0.01,89,270471,中性盘
535,14:29:54,30.38,-0.01,9,27342,卖盘
536,14:29:51,30.39,--,11,33429,买盘
537,14:29:48,30.39,-0.06,61,185379,卖盘
538,14:29:45,30.45,0.04,12,36540,买盘
539,14:29:42,30.41,0.04,7,21287,卖盘
540,14:29:36,30.37,-0.03,58,176146,卖盘
541,14:29:33,30.4,-0.05,14,42560,卖盘
542,14:29:30,30.45,0.06,56,170520,买盘
543,14:29:27,30.39,--,13,39507,买盘
544,14:29:24,30.39,-0.06,66,200574,卖盘
545,14:29:21,30.45,0.04,13,39585,买盘
546,14:29:18,30.41,-0.04,1,3041,卖盘
547,14:29:15,30.45,--,59,179655,买盘
548,14:29:12,30.45,0.04,8,24360,买盘
549,14:29:09,30.41,--,30,91230,卖盘
550,14:29:06,30.41,-0.04,3,9123,卖盘
551,14:29:03,30.45,--,358,1090110,买盘
552,14:29:00,30.45,0.04,3,9135,买盘
553,14:28:57,30.41,--,48,145968,买盘
554,14:28:54,30.41,--,1,3041,买盘
555,14:28:51,30.41,--,73,221993,买盘
556,14:28:48,30.41,--,22,66902,买盘
557,14:28:45,30.41,0.01,50,152050,买盘
558,14:28:42,30.4,0.01,253,769120,买盘
559,14:28:39,30.39,-0.02,280,850920,卖盘
560,14:28:36,30.41,--,16,48656,买盘
561,14:28:33,30.41,0.01,105,319305,买盘
562,14:28:30,30.4,-0.01,61,185440,卖盘
563,14:28:27,30.41,0.01,2,6082,买盘
564,14:28:24,30.4,0.02,347,1054880,买盘
565,14:28:21,30.38,-0.01,104,315952,卖盘
566,14:28:18,30.39,--,76,230964,买盘
567,14:28:15,30.39,--,30,91170,买盘
568,14:28:12,30.39,--,11,33429,买盘
569,14:28:09,30.39,--,4,12156,买盘
570,14:28:06,30.39,-0.02,18,54702,中性盘
571,14:28:03,30.41,0.01,34,103394,买盘
572,14:28:00,30.4,0.02,6,18240,中性盘
573,14:27:57,30.38,-0.03,61,185318,卖盘
574,14:27:54,30.41,0.01,37,112517,买盘
575,14:27:51,30.4,--,17,51680,买盘
576,14:27:48,30.4,--,149,452960,买盘
577,14:27:45,30.4,0.01,58,176320,买盘
578,14:27:42,30.39,-0.01,40,121560,卖盘
579,14:27:39,30.4,--,3,9120,买盘
580,14:27:36,30.4,0.01,45,136800,买盘
581,14:27:33,30.39,0.01,76,230964,中性盘
582,14:27:30,30.38,-0.01,46,139748,卖盘
583,14:27:27,30.39,--,25,75975,买盘
584,14:27:24,30.39,--,102,309978,买盘
585,14:27:21,30.39,--,26,79014,买盘
586,14:27:18,30.39,-0.01,72,218808,卖盘
587,14:27:15,30.4,--,4,12160,买盘
588,14:27:12,30.4,--,265,805600,买盘
589,14:27:09,30.4,-0.01,3,9120,买盘
590,14:27:06,30.41,0.03,358,1088678,买盘
591,14:27:03,30.38,--,97,294686,卖盘
592,14:27:00,30.38,-0.02,79,240002,卖盘
593,14:26:57,30.4,-0.01,17,51680,中性盘
594,14:26:54,30.41,0.02,5,15205,买盘
595,14:26:51,30.39,-0.01,71,215769,卖盘
596,14:26:48,30.4,-0.01,38,115520,卖盘
597,14:26:45,30.41,0.01,15,45615,买盘
598,14:26:42,30.4,--,13,39520,卖盘
599,14:26:39,30.4,--,60,182400,卖盘
600,14:26:36,30.4,--,303,921120,买盘
601,14:26:33,30.4,0.01,344,1045760,买盘
602,14:26:30,30.39,-0.01,75,227925,中性盘
603,14:26:27,30.4,0.02,20,60800,买盘
604,14:26:24,30.38,-0.01,15,45570,卖盘
605,14:26:21,30.39,-0.01,5,15195,卖盘
606,14:26:18,30.4,--,191,580640,买盘
607,14:26:15,30.4,--,9,27360,买盘
608,14:26:12,30.4,--,14,42560,买盘
609,14:26:09,30.4,0.02,7,21280,买盘
610,14:26:06,30.38,-0.03,64,194432,卖盘
611,14:26:03,30.41,0.02,109,331469,买盘
612,14:26:00,30.39,-0.02,42,127638,卖盘
613,14:25:57,30.41,-0.01,18,54738,买盘
614,14:25:54,30.42,0.02,5,15210,卖盘
615,14:25:51,30.4,-0.05,263,801739,卖盘
616,14:25:45,30.45,0.03,104,316680,买盘
617,14:25:42,30.42,-0.03,11,33462,中性盘
618,14:25:39,30.45,--,204,621180,买盘
619,14:25:36,30.45,--,28,85260,买盘
620,14:25:33,30.45,--,295,898275,买盘
621,14:25:30,30.45,--,14,42630,买盘
622,14:25:27,30.45,--,4,12180,买盘
623,14:25:24,30.45,0.03,36,109620,买盘
624,14:25:21,30.42,-0.05,71,215982,卖盘
625,14:25:18,30.47,--,8,24376,买盘
626,14:25:15,30.47,0.01,3,9141,中性盘
627,14:25:12,30.46,0.01,92,280232,中性盘
628,14:25:09,30.45,-0.03,16,48720,卖盘
629,14:25:06,30.48,0.01,72,219456,买盘
630,14:25:03,30.47,-0.01,9,27423,中性盘
631,14:25:00,30.48,--,61,185928,买盘
632,14:24:57,30.48,0.01,6,18288,买盘
633,14:24:54,30.47,--,21,63987,卖盘
634,14:24:51,30.47,0.06,209,636823,买盘
635,14:24:48,30.41,-0.04,59,179419,卖盘
636,14:24:45,30.45,--,53,161385,买盘
637,14:24:42,30.45,--,40,121800,买盘
638,14:24:39,30.45,0.03,168,511560,卖盘
639,14:24:36,30.42,--,10,30420,卖盘
640,14:24:33,30.42,-0.01,39,118638,卖盘
641,14:24:30,30.43,-0.05,15,45645,中性盘
642,14:24:27,30.48,0.04,458,1395984,买盘
643,14:24:24,30.44,-0.03,7,21308,中性盘
644,14:24:21,30.47,--,17,51799,买盘
645,14:24:18,30.47,--,4,12188,买盘
646,14:24:15,30.47,0.05,71,216337,买盘
647,14:24:12,30.42,-0.02,21,63882,卖盘
648,14:24:09,30.44,-0.01,48,146112,卖盘
649,14:24:06,30.45,--,60,182700,买盘
650,14:24:03,30.45,--,3,9135,买盘
651,14:24:00,30.45,0.03,4,12180,中性盘
652,14:23:57,30.42,-0.02,227,690534,卖盘
653,14:23:54,30.44,-0.01,65,197860,卖盘
654,14:23:51,30.45,0.01,24,73080,卖盘
655,14:23:48,30.44,--,29,88276,买盘
656,14:23:45,30.44,--,17,51748,买盘
657,14:23:42,30.44,-0.03,15,45660,卖盘
658,14:23:39,30.47,--,27,82269,买盘
659,14:23:36,30.47,--,21,63987,买盘
660,14:23:33,30.47,--,149,454003,卖盘
661,14:23:30,30.47,-0.01,28,85316,卖盘
662,14:23:27,30.48,--,1,3048,买盘
663,14:23:24,30.48,0.01,7,21336,买盘
664,14:23:21,30.47,-0.01,84,255948,卖盘
665,14:23:18,30.48,--,72,219456,卖盘
666,14:23:15,30.48,--,115,350520,卖盘
667,14:23:12,30.48,-0.01,6,18288,卖盘
668,14:23:09,30.49,--,64,195136,买盘
669,14:23:06,30.49,--,6,18294,买盘
670,14:23:03,30.49,0.01,1,3049,买盘
671,14:23:00,30.48,-0.02,25,76200,卖盘
672,14:22:57,30.5,-0.02,1,3050,买盘
673,14:22:54,30.52,0.02,223,680596,买盘
674,14:22:51,30.5,-0.02,65,198250,卖盘
675,14:22:48,30.52,--,55,167860,买盘
676,14:22:45,30.52,0.01,5,15260,买盘
677,14:22:42,30.51,-0.01,67,204417,卖盘
678,14:22:39,30.52,--,190,579880,卖盘
679,14:22:36,30.52,--,68,207536,卖盘
680,14:22:33,30.52,--,21,64092,卖盘
681,14:22:30,30.52,--,35,106820,卖盘
682,14:22:27,30.52,-0.01,64,195328,卖盘
683,14:22:24,30.53,0.01,2,6106,买盘
684,14:22:21,30.52,-0.01,16,48832,卖盘
685,14:22:18,30.53,-0.02,54,164862,买盘
686,14:22:15,30.55,0.03,1,3055,买盘
687,14:22:12,30.52,-0.01,28,85456,卖盘
688,14:22:09,30.53,-0.03,62,189286,卖盘
689,14:22:06,30.56,0.03,7,21392,买盘
690,14:22:03,30.53,-0.03,84,256452,卖盘
691,14:22:00,30.56,--,24,73344,买盘
692,14:21:57,30.56,--,17,51952,买盘
693,14:21:54,30.56,--,67,204752,买盘
694,14:21:51,30.56,0.01,17,51952,买盘
695,14:21:48,30.55,--,49,149695,买盘
696,14:21:45,30.55,0.03,133,406315,买盘
697,14:21:42,30.52,-0.03,121,369292,卖盘
698,14:21:39,30.55,0.02,1,3055,买盘
699,14:21:36,30.53,-0.03,43,131279,中性盘
700,14:21:33,30.56,--,43,131408,买盘
701,14:21:30,30.56,--,71,216976,买盘
702,14:21:27,30.56,--,3,9168,买盘
703,14:21:24,30.56,0.03,245,748720,买盘
704,14:21:21,30.53,--,14,42742,卖盘
705,14:21:18,30.53,-0.03,25,76325,卖盘
706,14:21:15,30.56,--,38,116128,买盘
707,14:21:12,30.56,-0.06,224,684544,卖盘
708,14:21:09,30.62,0.04,56,171472,买盘
709,14:21:06,30.58,-0.02,18,55044,卖盘
710,14:21:03,30.6,-0.03,1,3060,卖盘
711,14:21:00,30.63,0.07,65,199095,买盘
712,14:20:57,30.56,-0.04,49,149744,卖盘
713,14:20:54,30.6,-0.03,1,3060,买盘
714,14:20:51,30.63,--,6,18378,买盘
715,14:20:48,30.63,--,696,2133440,买盘
716,14:20:45,30.63,0.02,161,493143,买盘
717,14:20:42,30.61,--,15,45915,卖盘
718,14:20:39,30.61,0.01,34,104074,卖盘
719,14:20:36,30.6,-0.01,396,1211760,卖盘
720,14:20:33,30.61,0.01,2,6122,买盘
721,14:20:30,30.6,--,19,58140,卖盘
722,14:20:27,30.6,--,64,195840,卖盘
723,14:20:24,30.6,--,5,15300,卖盘
724,14:20:21,30.6,0.03,474,1451908,买盘
725,14:20:18,30.57,0.05,5,15285,买盘
726,14:20:15,30.52,-0.03,58,177016,卖盘
727,14:20:12,30.55,--,5,15275,卖盘
728,14:20:09,30.55,--,86,262730,卖盘
729,14:20:06,30.55,-0.01,16,48880,卖盘
730,14:20:03,30.56,-0.01,58,177248,中性盘
731,14:20:00,30.57,0.01,10,30570,买盘
732,14:19:57,30.56,--,5,15280,买盘
733,14:19:54,30.56,--,16,48896,买盘
734,14:19:51,30.56,-0.01,72,220032,卖盘
735,14:19:48,30.57,-0.03,52,160553,卖盘
736,14:19:45,30.6,0.03,3,9180,买盘
737,14:19:42,30.57,--,85,259845,卖盘
738,14:19:36,30.57,-0.02,17,51969,卖盘
739,14:19:33,30.59,0.02,9,27531,买盘
740,14:19:30,30.57,--,57,174249,卖盘
741,14:19:27,30.57,-0.02,104,317928,卖盘
742,14:19:21,30.59,0.02,1,3059,买盘
743,14:19:18,30.57,-0.01,81,249084,卖盘
744,14:19:15,30.58,--,36,110088,买盘
745,14:19:12,30.58,--,5,15290,买盘
746,14:19:09,30.58,--,102,311916,买盘
747,14:19:06,30.58,0.01,10,30580,买盘
748,14:19:03,30.57,--,42,128394,卖盘
749,14:19:00,30.57,--,10,30570,买盘
750,14:18:57,30.57,-0.01,59,180363,中性盘
751,14:18:54,30.58,--,11,33638,买盘
752,14:18:48,30.58,--,74,226292,买盘
753,14:18:45,30.58,--,58,177364,买盘
754,14:18:42,30.58,-0.01,43,131494,买盘
755,14:18:36,30.59,-0.01,65,198835,中性盘
756,14:18:33,30.6,0.02,6,18360,买盘
757,14:18:30,30.58,--,17,51986,卖盘
758,14:18:27,30.58,--,55,168190,卖盘
759,14:18:24,30.58,-0.02,56,171248,卖盘
760,14:18:21,30.6,--,34,104040,买盘
761,14:18:18,30.6,--,7,21420,买盘
762,14:18:15,30.6,0.02,6,18360,买盘
763,14:18:12,30.58,--,63,192654,卖盘
764,14:18:09,30.58,--,1,3058,卖盘
765,14:18:06,30.58,-0.02,269,822602,卖盘
766,14:18:03,30.6,0.01,95,290700,买盘
767,14:18:00,30.59,0.01,2,6118,中性盘
768,14:17:57,30.58,-0.02,20,61160,卖盘
769,14:17:54,30.6,--,183,559980,买盘
770,14:17:51,30.6,--,101,309060,买盘
771,14:17:45,30.6,--,104,318240,买盘
772,14:17:42,30.6,--,49,149940,买盘
773,14:17:39,30.6,--,101,311844,卖盘
774,14:17:36,30.6,--,8,24480,卖盘
775,14:17:33,30.6,-0.01,1,3060,卖盘
776,14:17:30,30.61,0.01,211,645871,买盘
777,14:17:27,30.6,-0.02,15,45900,卖盘
778,14:17:24,30.62,0.02,283,866546,买盘
779,14:17:21,30.6,-0.02,8,24480,卖盘
780,14:17:18,30.62,0.01,174,532788,买盘
781,14:17:15,30.61,0.01,4,12244,中性盘
782,14:17:09,30.6,--,110,336600,卖盘
783,14:17:06,30.6,-0.03,90,275400,卖盘
784,14:17:03,30.63,0.02,49,150087,中性盘
785,14:17:00,30.61,-0.01,20,61220,卖盘
786,14:16:57,30.62,--,66,202092,买盘
787,14:16:54,30.62,0.02,26,79612,买盘
788,14:16:51,30.6,-0.01,14,42840,卖盘
789,14:16:48,30.61,-0.01,16,48976,卖盘
790,14:16:45,30.62,0.01,142,434804,买盘
791,14:16:42,30.61,--,34,104074,买盘
792,14:16:39,30.61,-0.01,3,9183,买盘
793,14:16:36,30.62,--,7,21434,买盘
794,14:16:33,30.62,-0.01,467,1429954,卖盘
795,14:16:30,30.63,0.02,80,245040,买盘
796,14:16:24,30.61,-0.01,12,36732,卖盘
797,14:16:21,30.62,-0.01,55,168410,卖盘
798,14:16:18,30.63,-0.01,35,107205,卖盘
799,14:16:15,30.64,0.01,24,73536,买盘
800,14:16:12,30.63,0.02,75,229725,买盘
801,14:16:09,30.61,--,15,45915,卖盘
802,14:16:06,30.61,-0.01,66,202026,卖盘
803,14:16:03,30.62,0.01,67,205154,买盘
804,14:16:00,30.61,-0.01,67,205087,卖盘
805,14:15:57,30.62,--,14,42868,买盘
806,14:15:54,30.62,--,73,223526,卖盘
807,14:15:51,30.62,--,289,884918,卖盘
808,14:15:48,30.62,-0.02,62,189844,卖盘
809,14:15:45,30.64,0.04,13,39832,中性盘
810,14:15:42,30.6,-0.05,27,82620,卖盘
811,14:15:39,30.65,0.03,65,199225,买盘
812,14:15:36,30.62,0.01,16,48992,买盘
813,14:15:33,30.61,--,3,9183,卖盘
814,14:15:30,30.61,-0.01,30,91830,卖盘
815,14:15:27,30.62,-0.01,25,76550,卖盘
816,14:15:24,30.63,--,19,58197,卖盘
817,14:15:21,30.63,--,28,85764,卖盘
818,14:15:18,30.63,-0.02,52,159276,卖盘
819,14:15:15,30.65,0.05,33,101145,买盘
820,14:15:12,30.6,-0.01,161,492660,卖盘
821,14:15:09,30.61,-0.02,62,189782,卖盘
822,14:15:06,30.63,--,58,177654,买盘
823,14:15:03,30.63,0.02,134,412249,买盘
824,14:14:57,30.61,--,12,36732,卖盘
825,14:14:54,30.61,--,261,798921,买盘
826,14:14:48,30.61,--,7,21427,买盘
827,14:14:45,30.61,0.01,65,198965,买盘
828,14:14:42,30.6,0.03,595,1822230,买盘
829,14:14:39,30.57,--,33,100881,买盘
830,14:14:36,30.57,0.01,3,9171,买盘
831,14:14:33,30.56,--,56,171136,卖盘
832,14:14:30,30.56,-0.02,12,36672,卖盘
833,14:14:27,30.58,0.02,4,12232,买盘
834,14:14:24,30.56,0.01,2,6112,中性盘
835,14:14:21,30.55,--,79,241345,卖盘
836,14:14:18,30.55,--,31,94705,卖盘
837,14:14:15,30.55,--,124,378820,卖盘
838,14:14:12,30.55,--,157,479635,卖盘
839,14:14:09,30.55,0.03,64,195520,买盘
840,14:14:06,30.52,--,4,12208,买盘
841,14:14:03,30.52,-0.01,9,27468,中性盘
842,14:14:00,30.53,-0.02,32,97696,买盘
843,14:13:57,30.55,0.04,8,24440,中性盘
844,14:13:54,30.51,-0.04,358,1092258,卖盘
845,14:13:51,30.55,--,64,195520,买盘
846,14:13:48,30.55,--,62,189410,买盘
847,14:13:45,30.55,--,70,213850,买盘
848,14:13:42,30.55,--,5,15275,买盘
849,14:13:39,30.55,0.02,62,189410,买盘
850,14:13:36,30.53,-0.01,23,70219,卖盘
851,14:13:30,30.54,-0.01,131,400074,卖盘
852,14:13:27,30.55,-0.01,61,186355,卖盘
853,14:13:24,30.56,--,2,6112,买盘
854,14:13:21,30.56,0.04,4,12224,买盘
855,14:13:18,30.52,-0.01,315,961380,卖盘
856,14:13:15,30.53,0.02,141,430473,买盘
857,14:13:12,30.51,--,72,219672,卖盘
858,14:13:09,30.51,--,41,125091,卖盘
859,14:13:06,30.51,--,33,100683,卖盘
860,14:13:03,30.51,-0.01,218,665118,卖盘
861,14:13:00,30.52,--,25,76300,买盘
862,14:12:57,30.52,--,10,30520,买盘
863,14:12:54,30.52,0.01,24,73248,卖盘
864,14:12:51,30.51,--,17,51867,卖盘
865,14:12:48,30.51,-0.05,115,350865,卖盘
866,14:12:45,30.56,0.03,80,244480,买盘
867,14:12:42,30.53,-0.01,31,94643,卖盘
868,14:12:39,30.54,--,1,3054,买盘
869,14:12:36,30.54,-0.01,10,30540,卖盘
870,14:12:33,30.55,-0.01,58,177190,卖盘
871,14:12:30,30.56,0.03,170,519520,买盘
872,14:12:27,30.53,-0.03,18,54954,卖盘
873,14:12:24,30.56,-0.01,69,210864,买盘
874,14:12:21,30.57,--,45,137565,卖盘
875,14:12:18,30.57,-0.02,43,131451,卖盘
876,14:12:15,30.59,0.02,20,61180,买盘
877,14:12:12,30.57,0.06,23,70311,中性盘
878,14:12:09,30.51,-0.06,179,546129,卖盘
879,14:12:06,30.57,0.05,99,302643,买盘
880,14:12:03,30.52,-0.05,27,82404,卖盘
881,14:12:00,30.57,0.06,92,281244,买盘
882,14:11:57,30.51,-0.02,70,213570,卖盘
883,14:11:54,30.53,-0.04,16,48848,卖盘
884,14:11:51,30.57,0.06,80,244560,买盘
885,14:11:48,30.51,-0.02,68,207468,卖盘
886,14:11:45,30.53,0.03,56,170968,买盘
887,14:11:42,30.5,-0.01,14,42700,卖盘
888,14:11:39,30.51,--,2,6102,买盘
889,14:11:36,30.51,-0.01,31,94581,卖盘
890,14:11:33,30.52,-0.08,16,48832,卖盘
891,14:11:27,30.6,0.02,303,927180,买盘
892,14:11:24,30.58,0.02,44,134552,买盘
893,14:11:21,30.56,0.04,7,21392,中性盘
894,14:11:18,30.52,-0.05,15,45780,卖盘
895,14:11:15,30.57,0.01,190,580830,买盘
896,14:11:12,30.56,-0.02,57,174192,卖盘
897,14:11:09,30.58,--,5,15290,买盘
898,14:11:06,30.58,0.04,14,42812,买盘
899,14:11:03,30.54,-0.04,73,222942,卖盘
900,14:11:00,30.58,0.04,17,51986,买盘
901,14:10:57,30.54,-0.02,164,500856,卖盘
902,14:10:54,30.56,0.02,54,165024,买盘
903,14:10:51,30.54,-0.02,59,180186,卖盘
904,14:10:48,30.56,--,53,161968,买盘
905,14:10:45,30.56,0.01,35,106960,买盘
906,14:10:42,30.55,--,74,226070,买盘
907,14:10:39,30.55,--,13,39715,买盘
908,14:10:36,30.55,0.01,18,54990,买盘
909,14:10:33,30.54,-0.01,17,51918,卖盘
910,14:10:30,30.55,--,15,45825,卖盘
911,14:10:27,30.55,-0.03,28,85540,卖盘
912,14:10:24,30.58,-0.02,2,6116,中性盘
913,14:10:21,30.6,0.03,252,771120,买盘
914,14:10:18,30.57,--,63,192591,中性盘
915,14:10:15,30.57,0.01,48,146736,买盘
916,14:10:12,30.56,-0.02,71,216976,卖盘
917,14:10:09,30.58,--,67,204886,买盘
918,14:10:06,30.58,0.02,159,486222,买盘
919,14:10:03,30.56,-0.02,5,15280,卖盘
920,14:10:00,30.58,0.03,60,183480,买盘
921,14:09:57,30.55,-0.01,90,274950,卖盘
922,14:09:54,30.56,-0.01,5,15280,卖盘
923,14:09:51,30.57,-0.01,24,73368,中性盘
924,14:09:48,30.58,--,4,12232,买盘
925,14:09:45,30.58,--,90,275220,买盘
926,14:09:42,30.58,0.03,111,339438,买盘
927,14:09:39,30.55,--,64,195520,卖盘
928,14:09:36,30.55,-0.03,57,174135,卖盘
929,14:09:33,30.58,--,3,9174,买盘
930,14:09:30,30.58,--,4,12232,买盘
931,14:09:27,30.58,0.03,15,45870,买盘
932,14:09:24,30.55,-0.03,135,412425,卖盘
933,14:09:21,30.58,--,181,553498,卖盘
934,14:09:18,30.58,-0.01,55,168190,卖盘
935,14:09:15,30.59,0.04,46,140714,买盘
936,14:09:12,30.55,-0.03,93,284115,卖盘
937,14:09:09,30.58,0.01,19,58102,买盘
938,14:09:06,30.57,--,34,103938,卖盘
939,14:09:03,30.57,0.02,164,501348,买盘
940,14:09:00,30.55,-0.02,34,103870,中性盘
941,14:08:57,30.57,--,4,12228,买盘
942,14:08:54,30.57,--,5,15285,买盘
943,14:08:51,30.57,0.03,267,816219,买盘
944,14:08:48,30.54,-0.03,31,94674,卖盘
945,14:08:45,30.57,0.04,19,58083,买盘
946,14:08:42,30.53,-0.01,28,85484,卖盘
947,14:08:39,30.54,--,400,1221600,买盘
948,14:08:36,30.54,0.01,16,48864,买盘
949,14:08:33,30.53,0.01,8,24424,买盘
950,14:08:30,30.52,-0.01,150,457800,卖盘
951,14:08:27,30.53,--,4,12212,买盘
952,14:08:24,30.53,-0.01,37,112961,卖盘
953,14:08:21,30.54,0.01,42,128268,买盘
954,14:08:18,30.53,-0.02,68,207604,卖盘
955,14:08:15,30.55,0.03,142,433810,买盘
956,14:08:12,30.52,-0.03,57,173964,卖盘
957,14:08:09,30.55,0.03,27,82485,买盘
958,14:08:06,30.52,--,58,177016,卖盘
959,14:08:03,30.52,-0.03,16,48832,卖盘
960,14:08:00,30.55,0.03,101,308555,买盘
961,14:07:57,30.52,-0.02,96,292992,中性盘
962,14:07:54,30.54,--,3,9162,买盘
963,14:07:51,30.54,0.11,26,79404,买盘
964,14:07:48,30.43,-0.09,58,176494,卖盘
965,14:07:45,30.52,0.07,21,64092,买盘
966,14:07:42,30.45,--,34,103530,买盘
967,14:07:39,30.45,0.03,1,3045,买盘
968,14:07:36,30.42,--,56,170352,卖盘
969,14:07:33,30.42,--,357,1085994,卖盘
970,14:07:30,30.42,--,17,51714,卖盘
971,14:07:24,30.42,0.02,73,222066,买盘
972,14:07:21,30.4,-0.01,432,1313280,卖盘
973,14:07:18,30.41,-0.01,3,9123,卖盘
974,14:07:15,30.42,0.02,9,27378,买盘
975,14:07:12,30.4,--,54,164160,卖盘
976,14:07:09,30.4,-0.12,15,45600,卖盘
977,14:07:06,30.52,0.12,633,1931916,买盘
978,14:07:03,30.4,0.03,169,513760,买盘
979,14:07:00,30.37,-0.03,916,2781892,卖盘
980,14:06:57,30.4,0.01,68,206720,买盘
981,14:06:54,30.39,0.01,32,97248,买盘
982,14:06:48,30.38,-0.03,18,54684,卖盘
983,14:06:45,30.41,--,90,273690,买盘
984,14:06:42,30.41,0.05,415,1262015,买盘
985,14:06:39,30.36,-0.02,185,561660,卖盘
986,14:06:36,30.38,--,47,142786,买盘
987,14:06:33,30.38,-0.01,80,243040,中性盘
988,14:06:30,30.39,0.02,651,1978389,中性盘
989,14:06:27,30.37,-0.01,57,173109,卖盘
990,14:06:24,30.38,-0.01,49,148862,买盘
991,14:06:21,30.39,0.01,59,179301,买盘
992,14:06:18,30.38,-0.01,273,829374,卖盘
993,14:06:15,30.39,-0.01,170,516630,卖盘
994,14:06:12,30.4,0.01,20,60800,买盘
995,14:06:09,30.39,--,189,574371,买盘
996,14:06:06,30.39,--,189,574371,卖盘
997,14:06:03,30.39,-0.01,56,170184,卖盘
998,14:06:00,30.4,0.01,4,12160,中性盘
999,14:05:57,30.39,0.01,17,51663,卖盘
1000,14:05:54,30.38,-0.02,84,255192,卖盘
1001,14:05:51,30.4,--,28,85120,买盘
1002,14:05:48,30.4,--,74,224960,买盘
1003,14:05:45,30.4,--,118,358720,买盘
1004,14:05:42,30.4,--,14,42560,买盘
1005,14:05:39,30.4,--,5,15200,买盘
1006,14:05:36,30.4,--,102,310080,买盘
1007,14:05:33,30.4,0.02,46,139840,买盘
1008,14:05:30,30.38,--,3,9114,买盘
1009,14:05:27,30.38,-0.04,41,124558,卖盘
1010,14:05:24,30.42,0.01,167,508014,买盘
1011,14:05:21,30.41,--,64,194624,卖盘
1012,14:05:18,30.41,-0.01,131,398371,卖盘
1013,14:05:15,30.42,0.01,94,285948,买盘
1014,14:05:12,30.41,0.05,50,152050,买盘
1015,14:05:09,30.36,-0.02,145,440220,卖盘
1016,14:05:06,30.38,-0.03,408,1239504,卖盘
1017,14:05:03,30.41,--,285,866685,买盘
1018,14:05:00,30.41,--,186,565626,买盘
1019,14:04:57,30.41,0.01,130,395330,中性盘
1020,14:04:54,30.4,-0.01,333,1012320,卖盘
1021,14:04:51,30.41,-0.01,225,684225,卖盘
1022,14:04:48,30.42,--,14,42588,买盘
1023,14:04:45,30.42,--,263,800046,卖盘
1024,14:04:42,30.42,0.01,5,15210,中性盘
1025,14:04:39,30.41,--,21,63861,卖盘
1026,14:04:36,30.41,-0.02,38,115558,卖盘
1027,14:04:33,30.43,--,102,310386,买盘
1028,14:04:30,30.43,-0.01,526,1600618,中性盘
1029,14:04:27,30.44,0.03,10,30440,买盘
1030,14:04:24,30.41,--,140,425740,卖盘
1031,14:04:21,30.41,-0.03,210,638610,卖盘
1032,14:04:18,30.44,0.01,61,185684,买盘
1033,14:04:15,30.43,0.01,107,325601,买盘
1034,14:04:12,30.42,-0.03,12,36504,卖盘
1035,14:04:09,30.45,--,80,243600,买盘
1036,14:04:06,30.45,--,129,392805,买盘
1037,14:04:03,30.45,--,123,374535,买盘
1038,14:04:00,30.45,--,188,573282,卖盘
1039,14:03:57,30.45,--,54,164430,卖盘
1040,14:03:54,30.45,-0.01,96,294542,卖盘
1041,14:03:51,30.46,0.01,38,115748,买盘
1042,14:03:48,30.45,-0.01,159,484155,卖盘
1043,14:03:45,30.46,--,106,322876,买盘
1044,14:03:42,30.46,--,11,34328,卖盘
1045,14:03:39,30.46,--,17,51782,卖盘
1046,14:03:36,30.46,-0.02,285,868110,卖盘
1047,14:03:33,30.48,0.02,10,30480,买盘
1048,14:03:30,30.46,--,6,18276,卖盘
1049,14:03:27,30.46,-0.02,224,684527,卖盘
1050,14:03:24,30.48,-0.01,21,64008,卖盘
1051,14:03:21,30.49,--,6,18294,卖盘
1052,14:03:18,30.49,0.03,306,932994,买盘
1053,14:03:15,30.46,-0.03,148,450808,卖盘
1054,14:03:12,30.49,0.02,1,3049,买盘
1055,14:03:09,30.47,-0.01,19,57893,卖盘
1056,14:03:06,30.48,-0.01,30,91440,卖盘
1057,14:03:03,30.49,-0.01,29,88421,卖盘
1058,14:03:00,30.5,-0.01,64,195200,卖盘
1059,14:02:57,30.51,--,10,30510,买盘
1060,14:02:54,30.51,0.01,348,1061748,买盘
1061,14:02:51,30.5,-0.01,19,57950,卖盘
1062,14:02:48,30.51,-0.01,44,135067,卖盘
1063,14:02:45,30.52,0.01,212,647024,买盘
1064,14:02:42,30.51,--,70,213570,卖盘
1065,14:02:39,30.51,--,24,73224,卖盘
1066,14:02:36,30.51,--,338,1031238,卖盘
1067,14:02:33,30.51,--,12,36612,卖盘
1068,14:02:30,30.51,-0.01,9,27459,卖盘
1069,14:02:27,30.52,-0.01,51,155652,卖盘
1070,14:02:24,30.53,0.02,151,461003,中性盘
1071,14:02:21,30.51,-0.02,125,381375,卖盘
1072,14:02:18,30.53,-0.01,13,39689,卖盘
1073,14:02:15,30.54,0.03,25,76350,买盘
1074,14:02:12,30.51,-0.03,4,12204,卖盘
1075,14:02:09,30.54,0.02,289,882606,买盘
1076,14:02:06,30.52,-0.01,29,88508,卖盘
1077,14:02:03,30.53,--,15,45795,买盘
1078,14:02:00,30.53,0.01,3,9159,中性盘
1079,14:01:57,30.52,-0.05,314,960555,卖盘
1080,14:01:54,30.57,0.01,20,61140,买盘
1081,14:01:51,30.56,-0.01,4,12224,中性盘
1082,14:01:48,30.57,--,108,330156,买盘
1083,14:01:45,30.57,0.01,112,342384,买盘
1084,14:01:42,30.56,0.01,31,94736,买盘
1085,14:01:36,30.55,-0.04,101,308555,卖盘
1086,14:01:30,30.59,-0.01,10,30590,卖盘
1087,14:01:27,30.6,0.04,3,9180,买盘
1088,14:01:24,30.56,-0.04,300,916800,卖盘
1089,14:01:21,30.6,0.01,24,73440,买盘
1090,14:01:18,30.59,-0.01,13,39767,中性盘
1091,14:01:15,30.6,--,206,630360,卖盘
1092,14:01:12,30.6,--,1,3060,卖盘
1093,14:01:09,30.6,--,130,397800,卖盘
1094,14:01:06,30.6,-0.01,6,18360,卖盘
1095,14:01:03,30.61,0.01,69,211209,买盘
1096,14:01:00,30.6,0.02,175,535500,买盘
1097,14:00:57,30.58,-0.03,26,79508,卖盘
1098,14:00:54,30.61,0.01,160,489760,买盘
1099,14:00:51,30.6,0.01,74,226440,买盘
1100,14:00:48,30.59,-0.01,27,82593,卖盘
1101,14:00:45,30.6,0.02,8,24480,买盘
1102,14:00:42,30.58,--,63,192654,卖盘
1103,14:00:39,30.58,--,47,143726,卖盘
1104,14:00:36,30.58,--,26,79508,卖盘
1105,14:00:30,30.58,-0.03,85,259930,卖盘
1106,14:00:27,30.61,0.03,1,3061,中性盘
1107,14:00:24,30.58,-0.05,139,425062,卖盘
1108,14:00:18,30.63,0.01,65,199095,买盘
1109,14:00:15,30.62,--,124,379688,买盘
1110,14:00:12,30.62,0.02,29,88798,买盘
1111,14:00:09,30.6,-0.01,239,731340,卖盘
1112,14:00:06,30.61,-0.01,90,275490,卖盘
1113,14:00:03,30.62,0.01,29,88798,中性盘
1114,14:00:00,30.61,--,100,306100,卖盘
1115,13:59:57,30.61,-0.01,113,345893,卖盘
1116,13:59:54,30.62,--,7,21434,卖盘
1117,13:59:51,30.62,0.01,20,61240,买盘
1118,13:59:48,30.61,-0.02,15,45915,卖盘
1119,13:59:45,30.63,0.02,140,428820,买盘
1120,13:59:42,30.61,--,5,15305,卖盘
1121,13:59:39,30.61,-0.01,5,15305,卖盘
1122,13:59:36,30.62,0.01,10,30620,买盘
1123,13:59:33,30.61,-0.01,60,183660,卖盘
1124,13:59:30,30.62,--,9,27558,卖盘
1125,13:59:27,30.62,--,19,58178,买盘
1126,13:59:24,30.62,--,119,364378,买盘
1127,13:59:21,30.62,0.01,11,33682,买盘
1128,13:59:18,30.61,-0.01,15,45915,卖盘
1129,13:59:15,30.62,--,129,394998,买盘
1130,13:59:12,30.62,--,116,355192,买盘
1131,13:59:09,30.62,--,7,21434,买盘
1132,13:59:06,30.62,--,2,6124,买盘
1133,13:59:03,30.62,-0.01,31,94922,卖盘
1134,13:59:00,30.63,0.01,7,21441,买盘
1135,13:58:57,30.62,-0.06,41,125542,卖盘
1136,13:58:54,30.68,--,7,21476,买盘
1137,13:58:51,30.68,0.05,61,187148,买盘
1138,13:58:48,30.63,-0.05,23,70449,卖盘
1139,13:58:45,30.68,0.06,37,113516,中性盘
1140,13:58:39,30.62,--,82,251084,卖盘
1141,13:58:36,30.62,--,32,97984,卖盘
1142,13:58:33,30.62,--,13,39806,卖盘
1143,13:58:30,30.62,0.01,18,55116,中性盘
1144,13:58:27,30.61,-0.01,289,884629,卖盘
1145,13:58:24,30.62,--,23,70426,卖盘
1146,13:58:21,30.62,--,4,12248,卖盘
1147,13:58:18,30.62,--,66,202092,卖盘
1148,13:58:15,30.62,0.01,23,70426,买盘
1149,13:58:12,30.61,--,12,36732,卖盘
1150,13:58:09,30.61,--,25,76525,卖盘
1151,13:58:06,30.61,--,74,226514,卖盘
1152,13:58:03,30.61,--,16,48976,卖盘
1153,13:57:54,30.61,--,60,183660,卖盘
1154,13:57:48,30.61,-0.09,99,303039,卖盘
1155,13:57:45,30.7,0.09,70,214900,买盘
1156,13:57:42,30.61,--,15,45915,卖盘
1157,13:57:39,30.61,--,36,110196,买盘
1158,13:57:36,30.61,0.01,24,73464,买盘
1159,13:57:33,30.6,-0.01,59,180540,卖盘
1160,13:57:30,30.61,0.01,67,205087,买盘
1161,13:57:27,30.6,--,50,153000,卖盘
1162,13:57:24,30.6,--,5,15300,卖盘
1163,13:57:21,30.6,-0.01,250,765000,卖盘
1164,13:57:18,30.61,--,3,9183,买盘
1165,13:57:15,30.61,--,100,306100,买盘
1166,13:57:12,30.61,--,75,229575,买盘
1167,13:57:09,30.61,--,1,3061,买盘
1168,13:57:06,30.61,-0.01,31,94891,卖盘
1169,13:57:03,30.62,-0.04,13,39806,买盘
1170,13:57:00,30.66,--,31,95046,买盘
1171,13:56:57,30.66,0.05,25,76650,中性盘
1172,13:56:54,30.61,-0.05,170,520370,卖盘
1173,13:56:51,30.66,-0.05,43,131838,卖盘
1174,13:56:48,30.71,0.02,281,862951,买盘
1175,13:56:45,30.69,0.07,48,147312,买盘
1176,13:56:42,30.62,--,3,9186,买盘
1177,13:56:39,30.62,-0.03,78,238836,卖盘
1178,13:56:36,30.65,--,16,49040,卖盘
1179,13:56:33,30.65,0.03,11,33715,买盘
1180,13:56:30,30.62,--,28,85736,卖盘
1181,13:56:27,30.62,-0.03,59,180658,卖盘
1182,13:56:24,30.65,-0.01,1,3065,买盘
1183,13:56:21,30.66,--,1,3066,买盘
1184,13:56:18,30.66,0.04,2,6132,买盘
1185,13:56:15,30.62,-0.04,72,220464,卖盘
1186,13:56:12,30.66,0.05,28,85848,买盘
1187,13:56:06,30.61,-0.01,77,235697,卖盘
1188,13:56:03,30.62,-0.04,27,82674,卖盘
1189,13:56:00,30.66,0.04,11,33726,买盘
1190,13:55:57,30.62,-0.04,7,21434,卖盘
1191,13:55:54,30.66,0.04,63,193158,买盘
1192,13:55:51,30.62,-0.08,14,42868,卖盘
1193,13:55:45,30.7,0.1,6,18420,买盘
1194,13:55:42,30.6,-0.1,106,324360,卖盘
1195,13:55:36,30.7,--,48,147360,买盘
1196,13:55:33,30.7,--,84,257880,买盘
1197,13:55:24,30.7,--,29,89030,卖盘
1198,13:55:21,30.7,--,57,174990,卖盘
1199,13:55:18,30.7,-0.02,20,61400,卖盘
1200,13:55:15,30.72,0.11,496,1523712,买盘
1201,13:55:12,30.61,0.02,17,52037,买盘
1202,13:55:09,30.59,--,65,198835,卖盘
1203,13:55:06,30.59,-0.01,34,104006,卖盘
1204,13:55:03,30.6,-0.01,92,281520,卖盘
1205,13:55:00,30.61,0.01,106,324466,买盘
1206,13:54:57,30.6,-0.08,24,73440,卖盘
1207,13:54:54,30.68,0.07,149,457132,买盘
1208,13:54:51,30.61,--,76,232636,卖盘
1209,13:54:48,30.61,-0.01,28,85708,卖盘
1210,13:54:45,30.62,--,1,3062,买盘
1211,13:54:42,30.62,-0.05,5,15310,中性盘
1212,13:54:39,30.67,0.08,150,460050,买盘
1213,13:54:36,30.59,-0.05,109,333431,卖盘
1214,13:54:33,30.64,0.04,32,98048,买盘
1215,13:54:30,30.6,--,15,45900,卖盘
1216,13:54:27,30.6,-0.04,86,263160,卖盘
1217,13:54:24,30.64,0.02,4,12256,买盘
1218,13:54:21,30.62,0.01,42,129155,买盘
1219,13:54:18,30.61,--,16,48976,卖盘
1220,13:54:15,30.61,-0.01,73,223453,卖盘
1221,13:54:12,30.62,0.01,3,9186,买盘
1222,13:54:09,30.61,--,7,21427,买盘
1223,13:54:06,30.61,0.01,2,6122,买盘
1224,13:54:03,30.6,-0.01,68,208080,卖盘
1225,13:54:00,30.61,--,3,9183,买盘
1226,13:53:57,30.61,0.03,15,45915,中性盘
1227,13:53:54,30.58,-0.03,65,198770,卖盘
1228,13:53:51,30.61,--,12,36732,卖盘
1229,13:53:48,30.61,-0.01,41,125501,卖盘
1230,13:53:45,30.62,0.05,10,30620,买盘
1231,13:53:42,30.57,-0.05,81,247617,卖盘
1232,13:53:39,30.62,--,3,9186,买盘
1233,13:53:36,30.62,--,55,168410,买盘
1234,13:53:33,30.62,0.03,8,24496,买盘
1235,13:53:30,30.59,-0.01,74,226366,卖盘
1236,13:53:27,30.6,-0.02,14,42840,卖盘
1237,13:53:24,30.62,0.02,25,76550,买盘
1238,13:53:21,30.6,--,78,238680,买盘
1239,13:53:18,30.6,--,3,9180,买盘
1240,13:53:15,30.6,0.04,141,431460,买盘
1241,13:53:12,30.56,--,54,165024,买盘
1242,13:53:09,30.56,--,17,51952,卖盘
1243,13:53:06,30.56,-0.01,55,168080,卖盘
1244,13:53:03,30.57,-0.03,12,36684,卖盘
1245,13:53:00,30.6,0.04,51,156060,买盘
1246,13:52:57,30.56,-0.03,234,715104,卖盘
1247,13:52:54,30.59,-0.01,4,12236,中性盘
1248,13:52:51,30.6,0.04,32,97920,买盘
1249,13:52:48,30.56,-0.04,74,226144,卖盘
1250,13:52:45,30.6,0.01,28,85680,买盘
1251,13:52:42,30.59,-0.01,441,1349019,买盘
1252,13:52:39,30.6,0.03,192,587520,买盘
1253,13:52:36,30.57,-0.01,59,180363,卖盘
1254,13:52:33,30.58,-0.01,5,15290,卖盘
1255,13:52:30,30.59,--,2,6118,买盘
1256,13:52:27,30.59,--,3,9177,买盘
1257,13:52:24,30.59,0.01,74,226366,买盘
1258,13:52:21,30.58,-0.01,2,6116,卖盘
1259,13:52:18,30.59,-0.01,70,214130,卖盘
1260,13:52:15,30.6,0.01,144,440640,买盘
1261,13:52:12,30.59,0.01,38,116242,中性盘
1262,13:52:09,30.58,-0.01,12,36696,卖盘
1263,13:52:06,30.59,0.03,30,91770,买盘
1264,13:52:03,30.56,--,77,235312,卖盘
1265,13:52:00,30.56,-0.01,26,79456,卖盘
1266,13:51:57,30.57,-0.02,25,76425,卖盘
1267,13:51:54,30.59,--,13,39767,买盘
1268,13:51:51,30.59,0.01,90,275310,买盘
1269,13:51:48,30.58,--,19,58102,卖盘
1270,13:51:45,30.58,-0.01,12,36696,卖盘
1271,13:51:42,30.59,0.02,27,82593,买盘
1272,13:51:39,30.57,0.01,110,336270,买盘
1273,13:51:36,30.56,-0.03,40,122240,卖盘
1274,13:51:33,30.59,0.04,261,798399,买盘
1275,13:51:30,30.55,-0.02,570,1741350,卖盘
1276,13:51:27,30.57,--,260,794820,卖盘
1277,13:51:24,30.57,0.01,41,125337,买盘
1278,13:51:21,30.56,--,20,61120,卖盘
1279,13:51:18,30.56,--,83,253648,卖盘
1280,13:51:15,30.56,0.01,52,158912,卖盘
1281,13:51:12,30.55,-0.02,35,109674,卖盘
1282,13:51:09,30.57,0.02,347,1060779,买盘
1283,13:51:06,30.55,-0.01,83,253565,卖盘
1284,13:51:03,30.56,--,18,55008,卖盘
1285,13:51:00,30.56,--,14,42784,卖盘
1286,13:50:57,30.56,-0.01,69,210864,卖盘
1287,13:50:54,30.57,0.02,160,489120,买盘
1288,13:50:48,30.55,-0.02,8,24440,买盘
1289,13:50:45,30.57,0.02,132,403524,买盘
1290,13:50:42,30.55,--,202,617110,卖盘
1291,13:50:39,30.55,--,16,48880,卖盘
1292,13:50:36,30.55,-0.01,71,216905,卖盘
1293,13:50:33,30.56,-0.01,16,48896,中性盘
1294,13:50:30,30.57,0.02,27,82539,买盘
1295,13:50:27,30.55,-0.02,6,18330,卖盘
1296,13:50:24,30.57,--,110,336270,买盘
1297,13:50:21,30.57,-0.01,16,48912,卖盘
1298,13:50:18,30.58,0.01,12,36696,买盘
1299,13:50:15,30.57,0.03,55,168135,买盘
1300,13:50:12,30.54,-0.02,154,470316,卖盘
1301,13:50:09,30.56,-0.03,18,55008,卖盘
1302,13:50:06,30.59,0.04,9,27531,买盘
1303,13:50:03,30.55,--,61,186355,卖盘
1304,13:50:00,30.55,-0.04,51,155805,卖盘
1305,13:49:57,30.59,--,6,18354,买盘
1306,13:49:54,30.59,0.04,36,110124,中性盘
1307,13:49:51,30.55,-0.01,71,216905,卖盘
1308,13:49:48,30.56,-0.02,124,378944,卖盘
1309,13:49:45,30.58,0.03,30,91740,买盘
1310,13:49:42,30.55,-0.01,60,183300,卖盘
1311,13:49:39,30.56,--,10,30560,买盘
1312,13:49:36,30.56,-0.04,53,161968,卖盘
1313,13:49:30,30.6,--,7,21420,买盘
1314,13:49:27,30.6,-0.02,173,529380,卖盘
1315,13:49:24,30.62,-0.04,122,373564,卖盘
1316,13:49:21,30.66,--,16,49056,卖盘
1317,13:49:18,30.66,-0.01,66,202356,卖盘
1318,13:49:15,30.67,0.05,47,144149,买盘
1319,13:49:12,30.62,0.01,323,989026,买盘
1320,13:49:09,30.61,-0.01,33,101013,卖盘
1321,13:49:06,30.62,-0.03,107,327634,中性盘
1322,13:49:03,30.65,--,27,82755,买盘
1323,13:49:00,30.65,0.02,458,1403770,买盘
1324,13:48:57,30.63,0.01,68,208284,买盘
1325,13:48:54,30.62,--,85,260270,卖盘
1326,13:48:51,30.62,--,51,156162,卖盘
1327,13:48:48,30.62,-0.05,51,156162,卖盘
1328,13:48:45,30.67,0.05,138,423246,买盘
1329,13:48:39,30.62,-0.03,16,48992,卖盘
1330,13:48:36,30.65,0.02,57,174705,中性盘
1331,13:48:33,30.63,-0.05,61,186843,卖盘
1332,13:48:30,30.68,--,4,12272,买盘
1333,13:48:27,30.68,0.03,85,260780,买盘
1334,13:48:24,30.65,0.02,6,18390,卖盘
1335,13:48:21,30.63,-0.05,79,241977,卖盘
1336,13:48:18,30.68,-0.02,4,12272,卖盘
1337,13:48:15,30.7,0.05,109,334630,买盘
1338,13:48:12,30.65,--,71,217615,买盘
1339,13:48:09,30.65,--,6,18390,买盘
1340,13:48:06,30.65,--,136,416840,买盘
1341,13:48:03,30.65,--,290,888850,卖盘
1342,13:48:00,30.65,-0.08,109,334085,卖盘
1343,13:47:57,30.73,0.06,226,694498,买盘
1344,13:47:54,30.67,0.02,1,3067,买盘
1345,13:47:51,30.65,-0.02,84,257460,卖盘
1346,13:47:48,30.67,--,39,119613,买盘
1347,13:47:45,30.67,0.01,100,306700,买盘
1348,13:47:42,30.66,-0.01,15,45990,卖盘
1349,13:47:39,30.67,-0.03,119,364973,卖盘
1350,13:47:36,30.7,0.02,55,168850,买盘
1351,13:47:33,30.68,--,11,33748,卖盘
1352,13:47:30,30.68,0.01,5,15340,买盘
1353,13:47:27,30.67,-0.04,126,386442,卖盘
1354,13:47:24,30.71,0.04,5,15355,买盘
1355,13:47:21,30.67,-0.04,15,46005,卖盘
1356,13:47:18,30.71,0.02,64,196544,中性盘
1357,13:47:15,30.69,0.01,140,429660,中性盘
1358,13:47:12,30.68,0.01,33,101244,中性盘
1359,13:47:06,30.67,-0.01,188,576596,卖盘
1360,13:47:03,30.68,-0.03,59,181012,卖盘
1361,13:47:00,30.71,0.04,3,9213,买盘
1362,13:46:57,30.67,-0.01,155,475385,中性盘
1363,13:46:54,30.68,0.01,157,483731,买盘
1364,13:46:51,30.67,-0.01,23,70541,卖盘
1365,13:46:48,30.68,--,70,214760,买盘
1366,13:46:45,30.68,0.01,458,1405144,买盘
1367,13:46:42,30.67,-0.01,60,184020,卖盘
1368,13:46:39,30.68,-0.07,203,623264,卖盘
1369,13:46:36,30.75,0.06,74,227550,买盘
1370,13:46:33,30.69,--,345,1058805,买盘
1371,13:46:30,30.69,-0.03,57,174933,卖盘
1372,13:46:27,30.72,0.03,39,119808,买盘
1373,13:46:24,30.69,--,60,184140,买盘
1374,13:46:21,30.69,-0.06,143,438867,卖盘
1375,13:46:18,30.75,--,3,9225,买盘
1376,13:46:15,30.75,0.04,68,209100,买盘
1377,13:46:12,30.71,0.02,1,3071,买盘
1378,13:46:09,30.69,-0.06,58,178002,卖盘
1379,13:46:06,30.75,0.05,46,141450,买盘
1380,13:46:03,30.7,-0.02,72,221040,卖盘
1381,13:46:00,30.72,-0.03,66,202752,卖盘
1382,13:45:57,30.75,-0.01,23,70725,中性盘
1383,13:45:54,30.76,0.05,67,206092,买盘
1384,13:45:51,30.71,--,5,15355,卖盘
1385,13:45:48,30.71,-0.05,60,184260,卖盘
1386,13:45:45,30.76,0.07,46,141496,买盘
1387,13:45:42,30.69,-0.06,177,543213,卖盘
1388,13:45:39,30.75,0.05,61,187575,买盘
1389,13:45:36,30.7,--,136,417520,卖盘
1390,13:45:33,30.7,--,17,52190,卖盘
1391,13:45:27,30.7,-0.01,76,233320,卖盘
1392,13:45:24,30.71,-0.05,47,144337,卖盘
1393,13:45:21,30.76,0.06,29,89204,买盘
1394,13:45:18,30.7,-0.06,8,24560,买盘
1395,13:45:15,30.76,0.08,164,504464,买盘
1396,13:45:12,30.68,-0.02,1,3068,卖盘
1397,13:45:09,30.7,-0.08,6,18420,卖盘
1398,13:45:06,30.78,0.07,136,418608,买盘
1399,13:45:03,30.71,-0.05,61,187331,卖盘
1400,13:45:00,30.76,--,14,43064,卖盘
1401,13:44:57,30.76,--,13,39988,卖盘
1402,13:44:54,30.76,0.06,173,532148,买盘
1403,13:44:51,30.7,-0.01,41,125870,卖盘
1404,13:44:48,30.71,--,28,85988,买盘
1405,13:44:45,30.71,--,161,494431,买盘
1406,13:44:42,30.71,-0.06,291,893661,卖盘
1407,13:44:39,30.77,0.06,1,3077,买盘
1408,13:44:36,30.71,--,87,267177,买盘
1409,13:44:33,30.71,--,221,678691,买盘
1410,13:44:27,30.71,-0.07,50,153550,中性盘
1411,13:44:24,30.78,0.08,56,172368,买盘
1412,13:44:21,30.7,--,61,187270,卖盘
1413,13:44:18,30.7,-0.07,101,310070,卖盘
1414,13:44:15,30.77,0.05,101,310777,买盘
1415,13:44:12,30.72,--,28,86016,买盘
1416,13:44:09,30.72,-0.03,7,21504,中性盘
1417,13:44:06,30.75,-0.05,97,298275,卖盘
1418,13:44:03,30.8,0.02,75,231000,买盘
1419,13:44:00,30.78,--,10,30780,卖盘
1420,13:43:57,30.78,-0.03,57,175446,卖盘
1421,13:43:54,30.81,-0.01,47,144807,中性盘
1422,13:43:51,30.82,0.04,159,490038,买盘
1423,13:43:48,30.78,-0.04,75,233527,卖盘
1424,13:43:45,30.82,--,124,382168,买盘
1425,13:43:42,30.82,0.01,14,43148,买盘
1426,13:43:39,30.81,--,2,6162,中性盘
1427,13:43:36,30.81,--,362,1115322,买盘
1428,13:43:33,30.81,--,1,3081,买盘
1429,13:43:30,30.81,0.01,23,70863,买盘
1430,13:43:27,30.8,--,71,218680,卖盘
1431,13:43:24,30.8,-0.02,402,1238160,卖盘
1432,13:43:21,30.82,0.02,10,32361,中性盘
1433,13:43:18,30.8,-0.02,325,1001000,卖盘
1434,13:43:15,30.82,0.02,70,215740,买盘
1435,13:43:12,30.8,--,3,9240,卖盘
1436,13:43:09,30.8,--,1114,3433060,买盘
1437,13:43:06,30.8,0.01,42,129360,买盘
1438,13:43:03,30.79,-0.01,61,187819,中性盘
1439,13:43:00,30.8,0.02,259,797720,买盘
1440,13:42:57,30.78,-0.01,1,3078,中性盘
1441,13:42:54,30.79,0.06,79,243241,买盘
1442,13:42:51,30.73,-0.03,68,208964,卖盘
1443,13:42:48,30.76,-0.01,5,15380,卖盘
1444,13:42:45,30.77,0.04,65,200005,买盘
1445,13:42:42,30.73,-0.03,97,298081,中性盘
1446,13:42:39,30.76,0.02,115,353740,买盘
1447,13:42:36,30.74,0.02,55,169070,买盘
1448,13:42:30,30.72,-0.01,64,196608,卖盘
1449,13:42:27,30.73,0.01,1,3073,中性盘
1450,13:42:24,30.72,-0.01,162,498862,卖盘
1451,13:42:18,30.73,-0.02,61,187453,卖盘
1452,13:42:15,30.75,-0.01,220,676500,中性盘
1453,13:42:12,30.76,-0.02,3,9228,中性盘
1454,13:42:09,30.78,0.06,311,958673,买盘
1455,13:42:06,30.72,0.02,101,310272,卖盘
1456,13:42:03,30.7,--,326,1000820,卖盘
1457,13:42:00,30.7,-0.05,35,107450,卖盘
1458,13:41:57,30.75,-0.02,99,304425,中性盘
1459,13:41:54,30.77,0.07,200,615400,买盘
1460,13:41:45,30.7,--,119,365330,卖盘
1461,13:41:42,30.7,-0.07,41,125870,卖盘
1462,13:41:39,30.77,0.09,16,49232,买盘
1463,13:41:36,30.68,-0.03,158,484744,卖盘
1464,13:41:33,30.71,--,22,67562,卖盘
1465,13:41:27,30.71,-0.04,15,46065,中性盘
1466,13:41:24,30.75,0.05,233,716475,买盘
1467,13:41:21,30.7,--,27,82890,卖盘
1468,13:41:18,30.7,--,35,107450,卖盘
1469,13:41:15,30.7,0.03,338,1037660,买盘
1470,13:41:12,30.67,-0.01,76,233092,卖盘
1471,13:41:09,30.68,-0.02,187,573716,卖盘
1472,13:41:06,30.7,--,116,356120,买盘
1473,13:41:03,30.7,-0.07,78,239460,卖盘
1474,13:41:00,30.77,0.06,170,523090,买盘
1475,13:40:57,30.71,-0.05,29,89059,卖盘
1476,13:40:54,30.76,0.05,99,304524,买盘
1477,13:40:51,30.71,-0.04,74,227254,卖盘
1478,13:40:48,30.75,--,1,3075,买盘
1479,13:40:45,30.75,0.04,76,233700,买盘
1480,13:40:42,30.71,0.01,1,3071,买盘
1481,13:40:39,30.7,--,100,307000,卖盘
1482,13:40:36,30.7,--,132,405240,卖盘
1483,13:40:33,30.7,-0.01,30,92100,卖盘
1484,13:40:30,30.71,-0.04,80,245680,中性盘
1485,13:40:27,30.75,--,53,162975,买盘
1486,13:40:24,30.75,0.03,135,415125,买盘
1487,13:40:21,30.72,0.02,7,21504,卖盘
1488,13:40:18,30.7,-0.05,114,349980,卖盘
1489,13:40:15,30.75,0.05,86,264450,买盘
1490,13:40:12,30.7,-0.03,71,219627,卖盘
1491,13:40:09,30.73,0.03,146,450071,买盘
1492,13:40:06,30.7,-0.02,148,454360,卖盘
1493,13:40:03,30.72,-0.01,16,49152,中性盘
1494,13:40:00,30.73,0.05,4,12292,买盘
1495,13:39:57,30.68,-0.05,108,331344,卖盘
1496,13:39:54,30.73,0.04,264,811272,买盘
1497,13:39:51,30.69,-0.01,30,92070,卖盘
1498,13:39:48,30.7,--,7,21490,买盘
1499,13:39:45,30.7,-0.03,520,1597198,卖盘
1500,13:39:42,30.73,--,305,937265,买盘
1501,13:39:39,30.73,--,16,49168,买盘
1502,13:39:36,30.73,0.01,108,331884,买盘
1503,13:39:33,30.72,-0.01,87,267264,卖盘
1504,13:39:30,30.73,-0.02,9,27657,买盘
1505,13:39:27,30.75,--,109,336497,卖盘
1506,13:39:24,30.75,0.03,77,238527,买盘
1507,13:39:21,30.72,--,31,95232,卖盘
1508,13:39:18,30.72,--,41,125952,卖盘
1509,13:39:15,30.72,0.01,354,1087488,买盘
1510,13:39:12,30.71,--,58,178118,卖盘
1511,13:39:09,30.71,-0.01,13,39923,卖盘
1512,13:39:06,30.72,--,247,758784,卖盘
1513,13:39:03,30.72,--,7,21504,卖盘
1514,13:39:00,30.72,--,64,196608,卖盘
1515,13:38:57,30.72,-0.01,4,12288,卖盘
1516,13:38:54,30.73,0.01,235,722155,买盘
1517,13:38:51,30.72,-0.03,61,187392,卖盘
1518,13:38:48,30.75,--,28,86100,买盘
1519,13:38:45,30.75,0.02,175,538125,买盘
1520,13:38:42,30.73,--,457,1404361,卖盘
1521,13:38:39,30.73,--,146,448658,卖盘
1522,13:38:36,30.73,-0.02,71,218183,卖盘
1523,13:38:33,30.75,--,103,316725,买盘
1524,13:38:30,30.75,0.02,9,27675,买盘
1525,13:38:27,30.73,-0.04,60,184380,中性盘
1526,13:38:24,30.77,0.01,131,403087,买盘
1527,13:38:21,30.76,--,30,92280,卖盘
1528,13:38:18,30.76,-0.01,85,261460,卖盘
1529,13:38:15,30.77,0.05,94,289238,买盘
1530,13:38:12,30.72,0.01,326,1001472,买盘
1531,13:38:09,30.71,-0.02,29,89059,卖盘
1532,13:38:06,30.73,0.01,354,1087842,中性盘
1533,13:38:03,30.72,-0.03,410,1259520,卖盘
1534,13:38:00,30.75,--,3,9225,卖盘
1535,13:37:57,30.75,--,1,3075,卖盘
1536,13:37:54,30.75,-0.04,127,390525,卖盘
1537,13:37:51,30.79,0.04,30,92370,买盘
1538,13:37:48,30.75,-0.04,39,119925,卖盘
1539,13:37:45,30.79,0.03,146,449534,买盘
1540,13:37:42,30.76,--,5,15380,买盘
1541,13:37:39,30.76,0.01,1,3076,买盘
1542,13:37:36,30.75,--,88,270600,卖盘
1543,13:37:33,30.75,-0.04,106,325950,卖盘
1544,13:37:30,30.79,0.03,36,110844,买盘
1545,13:37:27,30.76,-0.03,42,129192,卖盘
1546,13:37:24,30.79,-0.03,67,206293,卖盘
1547,13:37:21,30.82,0.03,190,585580,买盘
1548,13:37:18,30.79,--,37,113923,卖盘
1549,13:37:15,30.79,0.04,76,234004,中性盘
1550,13:37:12,30.75,--,66,202950,卖盘
1551,13:37:09,30.75,-0.01,51,156825,卖盘
1552,13:37:06,30.76,-0.03,135,415260,卖盘
1553,13:37:03,30.79,0.04,16,49264,中性盘
1554,13:37:00,30.75,--,68,209100,卖盘
1555,13:36:57,30.75,--,26,79950,卖盘
1556,13:36:54,30.75,-0.05,91,279825,卖盘
1557,13:36:51,30.8,0.05,63,194040,中性盘
1558,13:36:48,30.75,-0.09,295,907125,卖盘
1559,13:36:45,30.84,0.09,178,551234,买盘
1560,13:36:42,30.75,-0.03,40,123799,卖盘
1561,13:36:39,30.78,0.03,63,193914,中性盘
1562,13:36:36,30.75,--,165,508420,卖盘
1563,13:36:33,30.75,-0.05,15,46125,卖盘
1564,13:36:30,30.8,0.05,174,535920,买盘
1565,13:36:27,30.75,-0.03,78,239850,卖盘
1566,13:36:24,30.78,0.03,59,181602,买盘
1567,13:36:21,30.75,--,37,113775,卖盘
1568,13:36:18,30.75,-0.01,130,399750,卖盘
1569,13:36:15,30.76,--,160,492160,卖盘
1570,13:36:12,30.76,-0.02,25,76900,卖盘
1571,13:36:09,30.78,--,8,24624,买盘
1572,13:36:06,30.78,-0.06,164,504792,卖盘
1573,13:36:00,30.84,0.06,150,462600,买盘
1574,13:35:57,30.78,-0.06,29,89262,卖盘
1575,13:35:54,30.84,0.04,163,502692,买盘
1576,13:35:51,30.8,--,30,92400,卖盘
1577,13:35:48,30.8,-0.03,5,15400,卖盘
1578,13:35:45,30.83,0.01,78,240474,买盘
1579,13:35:42,30.82,-0.02,135,416070,中性盘
1580,13:35:39,30.84,--,63,194292,买盘
1581,13:35:36,30.84,0.03,28,86352,买盘
1582,13:35:33,30.81,--,118,363558,卖盘
1583,13:35:27,30.81,-0.03,1,3081,卖盘
1584,13:35:24,30.84,0.03,1,3084,买盘
1585,13:35:21,30.81,-0.03,97,298857,卖盘
1586,13:35:18,30.84,--,3,9252,买盘
1587,13:35:15,30.84,--,1,3084,买盘
1588,13:35:12,30.84,0.04,4,12336,中性盘
1589,13:35:09,30.8,-0.05,83,255640,卖盘
1590,13:35:06,30.85,0.04,109,336265,买盘
1591,13:35:03,30.81,-0.04,54,166374,卖盘
1592,13:35:00,30.85,0.01,78,240630,买盘
1593,13:34:57,30.84,-0.01,5,15420,卖盘
1594,13:34:54,30.85,0.01,7,21595,中性盘
1595,13:34:51,30.84,--,2,6168,买盘
1596,13:34:48,30.84,--,60,185040,卖盘
1597,13:34:45,30.84,--,51,157284,卖盘
1598,13:34:42,30.84,--,30,92520,卖盘
1599,13:34:39,30.84,0.01,71,218964,买盘
1600,13:34:36,30.83,-0.04,9,27747,卖盘
1601,13:34:33,30.87,-0.01,3,9261,卖盘
1602,13:34:30,30.88,0.05,196,605248,买盘
1603,13:34:27,30.83,-0.05,37,114071,卖盘
1604,13:34:21,30.88,0.02,45,138960,买盘
1605,13:34:18,30.86,0.02,55,169730,中性盘
1606,13:34:15,30.84,-0.03,87,268308,卖盘
1607,13:34:12,30.87,0.04,5,15435,卖盘
1608,13:34:09,30.83,-0.04,82,252806,卖盘
1609,13:34:06,30.87,0.04,3,9261,买盘
1610,13:34:03,30.83,--,65,200395,卖盘
1611,13:34:00,30.83,-0.04,27,83241,卖盘
1612,13:33:57,30.87,0.02,32,98784,中性盘
1613,13:33:54,30.85,0.01,201,620085,中性盘
1614,13:33:51,30.84,0.01,768,2368512,卖盘
1615,13:33:48,30.83,-0.02,85,262055,卖盘
1616,13:33:45,30.85,--,80,246800,买盘
1617,13:33:42,30.85,-0.03,111,342435,卖盘
1618,13:33:39,30.88,--,115,355120,卖盘
1619,13:33:36,30.88,--,61,188368,卖盘
1620,13:33:33,30.88,0.05,124,382912,买盘
1621,13:33:30,30.83,--,104,320632,卖盘
1622,13:33:27,30.83,-0.02,19,58577,卖盘
1623,13:33:24,30.85,--,4,12340,买盘
1624,13:33:21,30.85,0.01,62,191270,买盘
1625,13:33:18,30.84,-0.01,221,681564,卖盘
1626,13:33:15,30.85,-0.01,268,826780,卖盘
1627,13:33:12,30.86,0.01,72,222192,买盘
1628,13:33:09,30.85,0.02,347,1070495,买盘
1629,13:33:03,30.83,-0.02,80,246640,卖盘
1630,13:33:00,30.85,0.01,196,604660,买盘
1631,13:32:57,30.84,0.01,76,234384,买盘
1632,13:32:54,30.83,-0.01,2,6166,卖盘
1633,13:32:51,30.84,--,76,234384,买盘
1634,13:32:48,30.84,--,196,604464,买盘
1635,13:32:45,30.84,0.01,7,21588,买盘
1636,13:32:42,30.83,--,167,515107,买盘
1637,13:32:39,30.83,0.02,22,67826,买盘
1638,13:32:36,30.81,-0.01,66,203346,卖盘
1639,13:32:33,30.82,--,9,27738,买盘
1640,13:32:27,30.82,--,16,49312,买盘
1641,13:32:24,30.82,--,85,261970,卖盘
1642,13:32:21,30.82,0.01,58,178756,买盘
1643,13:32:18,30.81,-0.01,5,15405,卖盘
1644,13:32:15,30.82,0.01,12,36984,中性盘
1645,13:32:12,30.81,--,75,231075,卖盘
1646,13:32:06,30.81,--,1,3081,卖盘
1647,13:32:03,30.81,-0.01,30,92430,卖盘
1648,13:32:00,30.82,0.02,36,110952,买盘
1649,13:31:57,30.8,-0.03,158,486640,卖盘
1650,13:31:51,30.83,0.03,6,18498,买盘
1651,13:31:48,30.8,-0.02,202,622160,卖盘
1652,13:31:45,30.82,--,87,268134,买盘
1653,13:31:42,30.82,0.01,234,721188,买盘
1654,13:31:39,30.81,-0.01,26,80106,卖盘
1655,13:31:33,30.82,--,88,271216,买盘
1656,13:31:30,30.82,0.01,23,70886,买盘
1657,13:31:27,30.81,-0.01,31,95511,卖盘
1658,13:31:24,30.82,0.01,9,27738,买盘
1659,13:31:21,30.81,-0.01,8,24648,卖盘
1660,13:31:18,30.82,--,266,819812,买盘
1661,13:31:15,30.82,--,1,3082,买盘
1662,13:31:12,30.82,0.02,20,61640,买盘
1663,13:31:09,30.8,--,155,477400,卖盘
1664,13:31:06,30.8,-0.02,38,117040,卖盘
1665,13:31:03,30.82,0.02,18,55476,买盘
1666,13:31:00,30.8,--,26,80080,买盘
1667,13:30:57,30.8,0.02,16,49280,买盘
1668,13:30:54,30.78,-0.02,29,89262,卖盘
1669,13:30:51,30.8,--,6,18480,买盘
1670,13:30:48,30.8,--,207,637560,买盘
1671,13:30:45,30.8,0.01,91,280280,买盘
1672,13:30:42,30.79,-0.01,5,15395,卖盘
1673,13:30:39,30.8,-0.01,1,3080,卖盘
1674,13:30:36,30.81,0.04,33,101673,买盘
1675,13:30:33,30.77,-0.06,13,40001,卖盘
1676,13:30:30,30.83,0.01,16,49328,买盘
1677,13:30:27,30.82,-0.02,24,73968,中性盘
1678,13:30:21,30.84,0.04,118,363912,买盘
1679,13:30:15,30.8,--,241,742280,买盘
1680,13:30:12,30.8,-0.04,34,104720,卖盘
1681,13:30:09,30.84,0.07,408,1258272,买盘
1682,13:30:06,30.77,-0.03,374,1150798,卖盘
1683,13:30:03,30.8,-0.01,125,385000,卖盘
1684,13:30:00,30.81,0.01,49,150969,买盘
1685,13:29:57,30.8,-0.01,7,21560,卖盘
1686,13:29:54,30.81,0.01,163,502203,买盘
1687,13:29:48,30.8,-0.01,27,83160,卖盘
1688,13:29:45,30.81,0.02,13,40053,买盘
1689,13:29:42,30.79,-0.01,75,230925,卖盘
1690,13:29:39,30.8,0.01,264,814352,买盘
1691,13:29:36,30.79,--,46,141634,卖盘
1692,13:29:33,30.79,--,41,126239,卖盘
1693,13:29:30,30.79,--,17,52343,卖盘
1694,13:29:27,30.79,0.04,137,421823,买盘
1695,13:29:24,30.75,--,22,67650,卖盘
1696,13:29:21,30.75,-0.02,50,153750,卖盘
1697,13:29:18,30.77,--,15,46155,卖盘
1698,13:29:15,30.77,0.02,29,89233,买盘
1699,13:29:12,30.75,-0.01,178,547350,卖盘
1700,13:29:09,30.76,--,8,24608,卖盘
1701,13:29:06,30.76,0.01,31,95356,买盘
1702,13:29:03,30.75,--,98,301350,买盘
1703,13:29:00,30.75,--,5,15375,买盘
1704,13:28:57,30.75,--,3,9225,买盘
1705,13:28:54,30.75,-0.01,197,605775,卖盘
1706,13:28:45,30.76,0.01,4,12304,买盘
1707,13:28:42,30.75,--,88,270600,买盘
1708,13:28:36,30.75,--,5,15375,买盘
1709,13:28:33,30.75,0.05,59,181425,买盘
1710,13:28:30,30.7,-0.05,30,92100,卖盘
1711,13:28:24,30.75,--,6,18450,卖盘
1712,13:28:21,30.75,--,66,202950,买盘
1713,13:28:15,30.75,--,1,3075,买盘
1714,13:28:09,30.75,0.05,137,421275,买盘
1715,13:28:06,30.7,-0.05,22,67540,卖盘
1716,13:28:03,30.75,--,32,98400,买盘
1717,13:28:00,30.75,--,110,338250,买盘
1718,13:27:57,30.75,--,142,436650,买盘
1719,13:27:51,30.75,0.01,22,67650,买盘
1720,13:27:48,30.74,-0.01,216,663984,卖盘
1721,13:27:45,30.75,--,2,6150,买盘
1722,13:27:42,30.75,0.02,102,313650,买盘
1723,13:27:39,30.73,--,4,12292,卖盘
1724,13:27:36,30.73,--,28,86044,卖盘
1725,13:27:33,30.73,-0.02,24,73752,卖盘
1726,13:27:30,30.75,0.02,183,562725,买盘
1727,13:27:27,30.73,-0.02,9,27657,卖盘
1728,13:27:24,30.75,0.02,1181,3631575,买盘
1729,13:27:21,30.73,--,22,67606,卖盘
1730,13:27:18,30.73,-0.01,275,845075,卖盘
1731,13:27:15,30.74,0.01,27,82998,买盘
1732,13:27:12,30.73,--,176,540848,卖盘
1733,13:27:09,30.73,--,34,104482,卖盘
1734,13:27:06,30.73,0.04,144,442512,买盘
1735,13:27:03,30.69,-0.01,19,58311,卖盘
1736,13:27:00,30.7,-0.02,3,9210,卖盘
1737,13:26:57,30.72,0.04,10,30720,买盘
1738,13:26:54,30.68,-0.01,12,36816,卖盘
1739,13:26:51,30.69,-0.01,34,104346,卖盘
1740,13:26:48,30.7,-0.03,2,6140,卖盘
1741,13:26:45,30.73,0.03,22,67606,买盘
1742,13:26:42,30.7,--,36,110520,卖盘
1743,13:26:39,30.7,--,66,203633,买盘
1744,13:26:36,30.7,--,65,199550,买盘
1745,13:26:33,30.7,0.01,4,12280,买盘
1746,13:26:30,30.69,-0.04,25,76725,卖盘
1747,13:26:24,30.73,--,1,3073,买盘
1748,13:26:21,30.73,0.03,159,488607,买盘
1749,13:26:18,30.7,-0.03,31,95170,卖盘
1750,13:26:15,30.73,0.03,1,3073,买盘
1751,13:26:12,30.7,0.01,7,21490,买盘
1752,13:26:09,30.69,-0.01,30,92070,卖盘
1753,13:26:06,30.7,--,6,18420,买盘
1754,13:25:57,30.7,-0.04,30,92100,卖盘
1755,13:25:51,30.74,0.04,11,33814,中性盘
1756,13:25:48,30.7,-0.02,24,73680,卖盘
1757,13:25:45,30.72,-0.02,44,135168,卖盘
1758,13:25:42,30.74,--,19,58406,卖盘
1759,13:25:39,30.74,0.03,62,190588,买盘
1760,13:25:36,30.71,-0.04,4,12284,中性盘
1761,13:25:30,30.75,0.02,131,402825,买盘
1762,13:25:27,30.73,-0.02,18,55314,买盘
1763,13:25:24,30.75,0.01,48,147600,买盘
1764,13:25:21,30.74,--,9,27666,买盘
1765,13:25:18,30.74,--,62,190588,买盘
1766,13:25:15,30.74,0.03,11,33814,买盘
1767,13:25:12,30.71,-0.03,65,199615,卖盘
1768,13:25:09,30.74,0.01,30,92220,买盘
1769,13:25:03,30.73,-0.01,68,208964,卖盘
1770,13:25:00,30.74,-0.01,66,202884,卖盘
1771,13:24:57,30.75,0.02,18,55350,买盘
1772,13:24:51,30.73,0.04,60,184380,卖盘
1773,13:24:48,30.69,-0.05,327,1003563,卖盘
1774,13:24:45,30.74,--,2,6148,买盘
1775,13:24:42,30.74,0.04,131,402694,买盘
1776,13:24:39,30.7,-0.04,122,374540,卖盘
1777,13:24:36,30.74,0.01,58,178292,买盘
1778,13:24:33,30.73,0.03,50,153650,买盘
1779,13:24:30,30.7,-0.01,25,76750,卖盘
1780,13:24:27,30.71,--,6,18426,买盘
1781,13:24:24,30.71,--,3,9213,卖盘
1782,13:24:21,30.71,-0.03,19,58349,卖盘
1783,13:24:18,30.74,--,47,144478,买盘
1784,13:24:15,30.74,--,7,21518,买盘
1785,13:24:12,30.74,0.03,4,12296,买盘
1786,13:24:06,30.71,-0.03,37,113627,卖盘
1787,13:24:03,30.74,--,14,43036,买盘
1788,13:24:00,30.74,0.03,1,3074,买盘
1789,13:23:57,30.71,--,26,79846,卖盘
1790,13:23:48,30.71,-0.04,17,52207,卖盘
1791,13:23:45,30.75,0.01,33,101475,买盘
1792,13:23:42,30.74,--,1,3074,卖盘
1793,13:23:39,30.74,--,27,82998,卖盘
1794,13:23:36,30.74,0.03,64,196736,买盘
1795,13:23:33,30.71,-0.01,28,85988,卖盘
1796,13:23:30,30.72,-0.02,8,24576,中性盘
1797,13:23:27,30.74,0.03,2,6148,买盘
1798,13:23:24,30.71,-0.03,225,690975,卖盘
1799,13:23:21,30.74,--,3,9222,买盘
1800,13:23:15,30.74,0.02,52,159848,买盘
1801,13:23:12,30.72,--,29,89088,买盘
1802,13:23:09,30.72,--,100,307200,卖盘
1803,13:23:06,30.72,--,61,187392,卖盘
1804,13:23:03,30.72,--,3,9216,卖盘
1805,13:23:00,30.72,0.01,46,141312,卖盘
1806,13:22:51,30.71,-0.04,28,85988,卖盘
1807,13:22:48,30.75,0.03,66,202950,买盘
1808,13:22:45,30.72,0.01,164,503808,买盘
1809,13:22:42,30.71,-0.01,122,374662,卖盘
1810,13:22:39,30.72,--,131,402432,卖盘
1811,13:22:36,30.72,-0.03,109,334848,卖盘
1812,13:22:33,30.75,--,2,6150,买盘
1813,13:22:30,30.75,0.03,40,123000,买盘
1814,13:22:27,30.72,--,28,86016,卖盘
1815,13:22:24,30.72,-0.03,98,301056,卖盘
1816,13:22:21,30.75,--,19,58425,买盘
1817,13:22:18,30.75,--,29,89175,买盘
1818,13:22:15,30.75,0.03,12,36900,买盘
1819,13:22:12,30.72,-0.03,6,18432,卖盘
1820,13:22:09,30.75,0.03,13,39975,中性盘
1821,13:22:06,30.72,-0.04,113,347136,卖盘
1822,13:22:03,30.76,--,82,252232,买盘
1823,13:21:57,30.76,0.04,57,175332,买盘
1824,13:21:54,30.72,--,34,104448,卖盘
1825,13:21:51,30.72,-0.04,3,9216,卖盘
1826,13:21:48,30.76,-0.04,36,110736,卖盘
1827,13:21:45,30.8,--,42,129360,买盘
1828,13:21:42,30.8,0.04,201,619080,买盘
1829,13:21:39,30.76,0.01,66,203016,买盘
1830,13:21:36,30.75,--,50,153750,卖盘
1831,13:21:33,30.75,--,55,169125,卖盘
1832,13:21:30,30.75,0.02,75,230625,卖盘
1833,13:21:27,30.73,-0.02,850,2612050,中性盘
1834,13:21:24,30.75,0.03,11,33825,买盘
1835,13:21:21,30.72,-0.05,67,205824,卖盘
1836,13:21:18,30.77,0.04,301,926177,买盘
1837,13:21:15,30.73,--,2,6146,卖盘
1838,13:21:12,30.73,-0.02,27,82971,卖盘
1839,13:21:09,30.75,0.03,10,30750,买盘
1840,13:21:03,30.72,-0.03,48,147456,卖盘
1841,13:21:00,30.75,-0.01,30,92250,中性盘
1842,13:20:57,30.76,-0.01,14,43064,买盘
1843,13:20:54,30.77,0.05,52,160004,买盘
1844,13:20:51,30.72,--,4,12288,卖盘
1845,13:20:48,30.72,-0.05,31,95232,卖盘
1846,13:20:45,30.77,0.02,65,200005,买盘
1847,13:20:42,30.75,-0.02,32,98400,卖盘
1848,13:20:39,30.77,0.01,97,298469,买盘
1849,13:20:33,30.76,0.04,99,304524,买盘
1850,13:20:30,30.72,--,7,21504,卖盘
1851,13:20:27,30.72,-0.04,30,92160,卖盘
1852,13:20:24,30.76,--,9,27684,买盘
1853,13:20:18,30.76,0.02,90,276840,买盘
1854,13:20:15,30.74,0.03,29,89146,中性盘
1855,13:20:12,30.71,-0.03,153,469863,卖盘
1856,13:20:09,30.74,-0.02,3,9222,中性盘
1857,13:20:06,30.76,0.01,264,812064,买盘
1858,13:20:03,30.75,0.01,6,18450,买盘
1859,13:19:57,30.74,0.02,10,30740,中性盘
1860,13:19:54,30.72,--,26,79872,卖盘
1861,13:19:51,30.72,-0.04,20,61440,卖盘
1862,13:19:48,30.76,--,4,12304,买盘
1863,13:19:45,30.76,0.02,2,6152,买盘
1864,13:19:42,30.74,--,78,239772,买盘
1865,13:19:39,30.74,0.02,102,313548,买盘
1866,13:19:36,30.72,-0.04,101,310272,中性盘
1867,13:19:33,30.76,0.04,240,738240,买盘
1868,13:19:30,30.72,--,14,43008,买盘
1869,13:19:27,30.72,--,23,70656,买盘
1870,13:19:24,30.72,-0.02,46,141312,卖盘
1871,13:19:21,30.74,-0.02,30,92220,中性盘
1872,13:19:18,30.76,0.04,94,289144,买盘
1873,13:19:15,30.72,--,1,3072,买盘
1874,13:19:12,30.72,--,4,12288,买盘
1875,13:19:09,30.72,-0.02,13,39936,卖盘
1876,13:19:06,30.74,0.01,89,273586,买盘
1877,13:19:03,30.73,-0.01,1,3073,卖盘
1878,13:19:00,30.74,--,33,101442,买盘
1879,13:18:57,30.74,0.01,56,172144,买盘
1880,13:18:54,30.73,--,11,33803,买盘
1881,13:18:51,30.73,--,1,3073,买盘
1882,13:18:48,30.73,-0.03,13,39949,卖盘
1883,13:18:45,30.76,-0.01,149,458324,卖盘
1884,13:18:42,30.77,0.02,60,184620,买盘
1885,13:18:39,30.75,--,1,3075,买盘
1886,13:18:36,30.75,-0.01,143,439725,卖盘
1887,13:18:33,30.76,0.01,7,21532,中性盘
1888,13:18:27,30.75,--,51,156825,卖盘
1889,13:18:24,30.75,0.01,45,138375,买盘
1890,13:18:18,30.74,-0.01,72,221328,卖盘
1891,13:18:15,30.75,--,28,86100,买盘
1892,13:18:12,30.75,-0.01,36,110700,卖盘
1893,13:18:09,30.76,--,41,126116,买盘
1894,13:18:06,30.76,--,4,12304,买盘
1895,13:18:03,30.76,-0.01,31,95356,买盘
1896,13:18:00,30.77,0.02,76,233852,买盘
1897,13:17:57,30.75,-0.01,3,9225,中性盘
1898,13:17:54,30.76,-0.01,29,89204,中性盘
1899,13:17:51,30.77,--,6,18462,买盘
1900,13:17:48,30.77,--,284,873868,买盘
1901,13:17:45,30.77,0.01,100,307700,买盘
1902,13:17:42,30.76,--,28,86128,卖盘
1903,13:17:36,30.76,--,24,73824,卖盘
1904,13:17:33,30.76,--,11,33836,卖盘
1905,13:17:30,30.76,0.04,77,236852,买盘
1906,13:17:27,30.72,-0.04,5,15360,卖盘
1907,13:17:24,30.76,0.02,221,679796,买盘
1908,13:17:21,30.74,-0.02,98,301252,买盘
1909,13:17:18,30.76,--,35,107660,买盘
1910,13:17:15,30.76,0.04,72,221472,中性盘
1911,13:17:09,30.72,-0.03,26,79872,卖盘
1912,13:17:06,30.75,-0.02,1,3075,中性盘
1913,13:17:03,30.77,0.02,3,9231,买盘
1914,13:17:00,30.75,0.03,5,15375,中性盘
1915,13:16:57,30.72,-0.05,28,86016,卖盘
1916,13:16:54,30.77,0.02,20,61540,买盘
1917,13:16:51,30.75,0.03,2,6150,中性盘
1918,13:16:48,30.72,-0.05,79,242688,卖盘
1919,13:16:45,30.77,-0.01,95,292315,卖盘
1920,13:16:42,30.78,0.01,3,9234,买盘
1921,13:16:39,30.77,--,24,73848,卖盘
1922,13:16:36,30.77,--,79,243083,卖盘
1923,13:16:33,30.77,--,10,30770,卖盘
1924,13:16:30,30.77,0.02,89,273853,买盘
1925,13:16:27,30.75,0.04,7,21525,卖盘
1926,13:16:24,30.71,-0.06,36,110556,卖盘
1927,13:16:21,30.77,0.02,63,193851,买盘
1928,13:16:18,30.75,--,50,153750,买盘
1929,13:16:15,30.75,--,26,79950,买盘
1930,13:16:12,30.75,--,5,15375,买盘
1931,13:16:09,30.75,--,10,30750,买盘
1932,13:16:06,30.75,--,103,316725,买盘
1933,13:16:03,30.75,-0.01,145,445875,卖盘
1934,13:16:00,30.76,-0.01,4,12304,买盘
1935,13:15:57,30.77,0.02,4,12308,买盘
1936,13:15:54,30.75,-0.01,150,461250,卖盘
1937,13:15:51,30.76,--,46,141496,买盘
1938,13:15:48,30.76,-0.01,70,215320,卖盘
1939,13:15:45,30.77,0.02,55,169235,买盘
1940,13:15:42,30.75,--,17,52275,卖盘
1941,13:15:39,30.75,--,230,707250,卖盘
1942,13:15:36,30.75,-0.01,75,230625,卖盘
1943,13:15:33,30.76,--,52,159952,买盘
1944,13:15:30,30.76,0.01,92,282992,买盘
1945,13:15:27,30.75,-0.01,32,98400,中性盘
1946,13:15:21,30.76,0.03,109,335284,买盘
1947,13:15:18,30.73,-0.03,25,76825,卖盘
1948,13:15:15,30.76,0.03,5,15380,买盘
1949,13:15:09,30.73,-0.01,108,331884,卖盘
1950,13:15:06,30.74,0.01,68,209032,买盘
1951,13:15:03,30.73,--,18,55314,买盘
1952,13:15:00,30.73,0.01,32,98336,买盘
1953,13:14:57,30.72,-0.01,866,2660352,卖盘
1954,13:14:51,30.73,--,84,258132,卖盘
1955,13:14:48,30.73,-0.02,10,30730,卖盘
1956,13:14:45,30.75,-0.01,26,79950,卖盘
1957,13:14:42,30.76,-0.01,5,15380,卖盘
1958,13:14:39,30.77,0.02,5,15385,买盘
1959,13:14:36,30.75,0.02,97,298275,买盘
1960,13:14:33,30.73,-0.03,45,138285,卖盘
1961,13:14:30,30.76,-0.01,16,49216,买盘
1962,13:14:27,30.77,0.04,50,153850,买盘
1963,13:14:24,30.73,-0.03,107,328811,卖盘
1964,13:14:18,30.76,--,14,43064,买盘
1965,13:14:15,30.76,0.03,12,36912,买盘
1966,13:14:12,30.73,-0.03,77,236621,卖盘
1967,13:14:09,30.76,--,2,6152,卖盘
1968,13:14:06,30.76,-0.01,24,73824,中性盘
1969,13:14:03,30.77,0.01,61,187697,买盘
1970,13:14:00,30.76,-0.01,143,439868,卖盘
1971,13:13:54,30.77,0.04,18,55386,买盘
1972,13:13:51,30.73,-0.05,76,233548,卖盘
1973,13:13:48,30.78,--,16,49248,买盘
1974,13:13:45,30.78,--,6,18468,买盘
1975,13:13:42,30.78,0.05,65,200070,买盘
1976,13:13:39,30.73,0.01,44,135212,中性盘
1977,13:13:36,30.72,-0.01,120,368640,卖盘
1978,13:13:33,30.73,-0.04,329,1011017,中性盘
1979,13:13:30,30.77,0.05,100,307700,买盘
1980,13:13:27,30.72,-0.05,54,165888,卖盘
1981,13:13:21,30.77,0.05,3,9231,买盘
1982,13:13:18,30.72,-0.03,55,168960,中性盘
1983,13:13:15,30.75,0.04,89,273675,中性盘
1984,13:13:12,30.71,-0.01,50,153550,卖盘
1985,13:13:06,30.72,--,27,82944,卖盘
1986,13:13:03,30.72,--,10,30720,卖盘
1987,13:13:00,30.72,--,177,543744,卖盘
1988,13:12:57,30.72,--,19,58368,卖盘
1989,13:12:54,30.72,-0.05,27,82944,中性盘
1990,13:12:45,30.77,0.05,32,98464,买盘
1991,13:12:42,30.72,--,61,187392,买盘
1992,13:12:39,30.72,--,78,239616,买盘
1993,13:12:36,30.72,-0.05,608,1867776,卖盘
1994,13:12:33,30.77,--,43,132311,卖盘
1995,13:12:30,30.77,-0.01,3,9231,卖盘
1996,13:12:27,30.78,0.01,4,12312,买盘
1997,13:12:24,30.77,0.05,28,86156,买盘
1998,13:12:21,30.72,-0.05,149,457728,卖盘
1999,13:12:18,30.77,0.01,70,215390,买盘
2000,13:12:15,30.76,0.04,4,12304,中性盘
2001,13:12:12,30.72,--,35,107520,卖盘
2002,13:12:09,30.72,-0.05,61,187392,卖盘
2003,13:12:06,30.77,0.05,79,243083,买盘
2004,13:12:03,30.72,-0.05,13,39936,卖盘
2005,13:12:00,30.77,0.05,34,104618,买盘
2006,13:11:57,30.72,-0.05,28,86016,卖盘
2007,13:11:54,30.77,0.04,33,101541,买盘
2008,13:11:48,30.73,-0.06,4,12292,卖盘
2009,13:11:45,30.79,0.01,116,357164,买盘
2010,13:11:42,30.78,--,84,258552,卖盘
2011,13:11:39,30.78,--,284,874152,卖盘
2012,13:11:36,30.78,-0.01,18,55404,卖盘
2013,13:11:33,30.79,-0.01,1,3079,中性盘
2014,13:11:30,30.8,0.02,68,209440,买盘
2015,13:11:27,30.78,-0.01,63,193914,卖盘
2016,13:11:24,30.79,--,1,3079,卖盘
2017,13:11:21,30.79,-0.01,5,15395,卖盘
2018,13:11:15,30.8,--,34,104720,买盘
2019,13:11:12,30.8,-0.01,11,33880,卖盘
2020,13:11:09,30.81,-0.01,16,49296,中性盘
2021,13:11:03,30.82,0.02,13,40066,买盘
2022,13:11:00,30.8,-0.02,254,782320,卖盘
2023,13:10:57,30.82,--,4,12328,卖盘
2024,13:10:54,30.82,--,88,271216,卖盘
2025,13:10:51,30.82,-0.01,2,6164,卖盘
2026,13:10:48,30.83,--,4,12332,买盘
2027,13:10:45,30.83,--,31,95573,买盘
2028,13:10:42,30.83,--,63,194229,买盘
2029,13:10:39,30.83,-0.01,8,24664,卖盘
2030,13:10:36,30.84,0.01,1,3084,买盘
2031,13:10:33,30.83,--,29,89407,卖盘
2032,13:10:30,30.83,--,2,6166,卖盘
2033,13:10:27,30.83,-0.04,18,55494,卖盘
2034,13:10:24,30.87,0.04,29,89523,买盘
2035,13:10:21,30.83,-0.01,30,92490,卖盘
2036,13:10:15,30.84,0.01,26,80184,买盘
2037,13:10:12,30.83,0.01,15,46245,中性盘
2038,13:10:09,30.82,-0.01,74,228068,卖盘
2039,13:10:06,30.83,0.01,2,6166,买盘
2040,13:10:03,30.82,-0.01,7,21574,卖盘
2041,13:10:00,30.83,0.02,31,95573,买盘
2042,13:09:57,30.81,-0.07,69,212589,卖盘
2043,13:09:51,30.88,--,17,52496,买盘
2044,13:09:48,30.88,--,48,148224,买盘
2045,13:09:45,30.88,0.04,31,95728,买盘
2046,13:09:42,30.84,-0.04,49,151116,卖盘
2047,13:09:39,30.88,0.04,3,9264,买盘
2048,13:09:36,30.84,-0.04,39,120276,卖盘
2049,13:09:33,30.88,-0.02,34,104992,买盘
2050,13:09:30,30.9,0.03,3,9270,买盘
2051,13:09:27,30.87,-0.03,36,111132,卖盘
2052,13:09:24,30.9,0.02,54,166860,买盘
2053,13:09:21,30.88,0.01,101,311888,买盘
2054,13:09:18,30.87,--,55,169785,买盘
2055,13:09:15,30.87,0.03,29,89523,买盘
2056,13:09:09,30.84,-0.03,16,49344,卖盘
2057,13:09:06,30.87,0.02,26,80262,买盘
2058,13:09:03,30.85,-0.03,43,132655,卖盘
2059,13:09:00,30.88,0.01,21,64848,买盘
2060,13:08:57,30.87,--,28,86436,卖盘
2061,13:08:54,30.87,0.03,147,453789,买盘
2062,13:08:51,30.84,--,3,9252,买盘
2063,13:08:45,30.84,0.03,1,3084,买盘
2064,13:08:42,30.81,-0.03,124,382044,卖盘
2065,13:08:39,30.84,0.02,3,9252,买盘
2066,13:08:36,30.82,--,14,43148,买盘
2067,13:08:33,30.82,-0.02,39,120198,中性盘
2068,13:08:30,30.84,0.02,46,141864,买盘
2069,13:08:27,30.82,0.01,5,15410,中性盘
2070,13:08:24,30.81,0.01,3,9243,中性盘
2071,13:08:21,30.8,--,87,267960,卖盘
2072,13:08:18,30.8,-0.02,10,30800,卖盘
2073,13:08:15,30.82,--,18,55476,买盘
2074,13:08:12,30.82,0.01,25,77050,买盘
2075,13:08:09,30.81,--,126,388206,买盘
2076,13:08:06,30.81,--,53,163293,买盘
2077,13:08:03,30.81,-0.01,312,961272,卖盘
2078,13:08:00,30.82,--,16,49312,买盘
2079,13:07:57,30.82,-0.01,13,40066,买盘
2080,13:07:54,30.83,-0.09,34,104822,卖盘
2081,13:07:51,30.92,0.08,167,516364,买盘
2082,13:07:48,30.84,-0.03,29,89436,中性盘
2083,13:07:45,30.87,0.03,19,58653,买盘
2084,13:07:42,30.84,--,10,30840,买盘
2085,13:07:39,30.84,--,4,12336,买盘
2086,13:07:36,30.84,0.02,14,43176,中性盘
2087,13:07:33,30.82,-0.05,200,616400,卖盘
2088,13:07:27,30.87,0.04,3,9261,买盘
2089,13:07:24,30.83,-0.02,26,80158,卖盘
2090,13:07:21,30.85,-0.02,8,24680,买盘
2091,13:07:18,30.87,-0.02,302,932274,卖盘
2092,13:07:15,30.89,0.04,323,997747,买盘
2093,13:07:12,30.85,0.02,4,12340,买盘
2094,13:07:09,30.83,-0.02,16,49328,卖盘
2095,13:07:06,30.85,0.02,8,24680,卖盘
2096,13:07:03,30.83,--,171,527193,卖盘
2097,13:07:00,30.83,0.01,14,43162,中性盘
2098,13:06:57,30.82,-0.03,96,295872,卖盘
2099,13:06:54,30.85,0.02,127,391795,买盘
2100,13:06:51,30.83,0.01,23,70909,买盘
2101,13:06:48,30.82,-0.01,34,104788,卖盘
2102,13:06:45,30.83,-0.02,65,200395,卖盘
2103,13:06:42,30.85,0.02,146,450410,买盘
2104,13:06:39,30.83,--,23,70909,买盘
2105,13:06:36,30.83,--,4,12332,买盘
2106,13:06:33,30.83,0.01,2,6166,中性盘
2107,13:06:30,30.82,-0.02,34,104788,卖盘
2108,13:06:27,30.84,0.01,5,15420,买盘
2109,13:06:24,30.83,--,2,6166,买盘
2110,13:06:21,30.83,-0.02,72,221976,中性盘
2111,13:06:18,30.85,--,224,691040,买盘
2112,13:06:15,30.85,--,43,132655,买盘
2113,13:06:12,30.85,--,8,24680,买盘
2114,13:06:09,30.85,--,35,107975,买盘
2115,13:06:06,30.85,0.02,4,12340,买盘
2116,13:06:03,30.83,-0.01,241,743003,卖盘
2117,13:06:00,30.84,-0.01,11,33924,卖盘
2118,13:05:57,30.85,--,156,481260,买盘
2119,13:05:54,30.85,--,11,33935,卖盘
2120,13:05:51,30.85,0.02,16,49360,买盘
2121,13:05:48,30.83,-0.02,60,184980,卖盘
2122,13:05:45,30.85,-0.01,4,12340,中性盘
2123,13:05:42,30.86,-0.01,191,589426,买盘
2124,13:05:39,30.87,0.02,24,74088,买盘
2125,13:05:36,30.85,0.02,23,70955,卖盘
2126,13:05:33,30.83,-0.03,15,46245,卖盘
2127,13:05:30,30.86,-0.01,2,6172,中性盘
2128,13:05:27,30.87,--,3,9261,买盘
2129,13:05:24,30.87,--,9,27783,买盘
2130,13:05:21,30.87,--,2,6174,买盘
2131,13:05:18,30.87,--,14,43218,买盘
2132,13:05:15,30.87,--,10,30870,买盘
2133,13:05:12,30.87,--,9,27783,买盘
2134,13:05:09,30.87,-0.01,2,6174,买盘
2135,13:05:06,30.88,0.01,255,787440,买盘
2136,13:05:03,30.87,0.02,109,336483,买盘
2137,13:05:00,30.85,-0.03,132,407220,卖盘
2138,13:04:57,30.88,-0.01,136,419998,卖盘
2139,13:04:54,30.89,--,90,278010,买盘
2140,13:04:51,30.89,0.02,53,166775,买盘
2141,13:04:48,30.87,-0.01,37,114219,卖盘
2142,13:04:45,30.88,--,14,43232,买盘
2143,13:04:42,30.88,--,4,12352,买盘
2144,13:04:39,30.88,--,12,37056,买盘
2145,13:04:36,30.88,--,129,398352,买盘
2146,13:04:33,30.88,-0.02,100,308830,卖盘
2147,13:04:30,30.9,0.01,37,114330,买盘
2148,13:04:27,30.89,-0.01,152,469528,卖盘
2149,13:04:24,30.9,--,24,74160,买盘
2150,13:04:21,30.9,0.02,32,98880,买盘
2151,13:04:18,30.88,--,59,182192,卖盘
2152,13:04:15,30.88,-0.02,56,172928,卖盘
2153,13:04:12,30.9,0.01,7,21630,买盘
2154,13:04:09,30.89,-0.01,12,37068,中性盘
2155,13:04:06,30.9,-0.02,130,401700,卖盘
2156,13:04:03,30.92,0.01,19,58748,买盘
2157,13:04:00,30.91,-0.03,54,166914,卖盘
2158,13:03:57,30.94,--,62,191828,买盘
2159,13:03:54,30.94,--,8,24752,买盘
2160,13:03:51,30.94,--,204,631176,买盘
2161,13:03:48,30.94,--,23,71162,买盘
2162,13:03:45,30.94,--,32,99008,买盘
2163,13:03:42,30.94,--,10,30940,买盘
2164,13:03:39,30.94,--,13,40222,买盘
2165,13:03:36,30.94,0.03,176,544544,中性盘
2166,13:03:33,30.91,-0.04,49,151459,卖盘
2167,13:03:30,30.95,--,25,77375,买盘
2168,13:03:27,30.95,--,20,61900,买盘
2169,13:03:24,30.95,-0.01,221,683995,卖盘
2170,13:03:21,30.96,--,29,89784,买盘
2171,13:03:18,30.96,0.02,601,1860696,买盘
2172,13:03:15,30.94,--,14,43316,买盘
2173,13:03:12,30.94,--,41,126854,买盘
2174,13:03:09,30.94,--,18,55692,买盘
2175,13:03:06,30.94,-0.01,11,34034,中性盘
2176,13:03:03,30.95,--,178,550910,买盘
2177,13:03:00,30.95,--,407,1259665,买盘
2178,13:02:57,30.95,--,15,46425,买盘
2179,13:02:54,30.95,0.03,58,179510,买盘
2180,13:02:51,30.92,--,12,37104,卖盘
2181,13:02:48,30.92,--,25,77300,买盘
2182,13:02:45,30.92,0.02,58,179336,买盘
2183,13:02:42,30.9,--,31,95790,卖盘
2184,13:02:39,30.9,-0.02,13,40170,买盘
2185,13:02:36,30.92,0.02,2028,6270576,买盘
2186,13:02:33,30.9,-0.02,96,296640,卖盘
2187,13:02:30,30.92,0.02,42,129864,买盘
2188,13:02:27,30.9,-0.01,19,58710,中性盘
2189,13:02:24,30.91,0.01,41,126731,买盘
2190,13:02:21,30.9,-0.02,27,83430,中性盘
2191,13:02:18,30.92,--,18,55656,买盘
2192,13:02:15,30.92,0.02,771,2383932,买盘
2193,13:02:12,30.9,--,19,58710,买盘
2194,13:02:09,30.9,0.01,24,74160,买盘
2195,13:02:06,30.89,-0.01,33,101937,卖盘
2196,13:02:03,30.9,-0.02,109,336810,中性盘
2197,13:02:00,30.92,--,92,284464,买盘
2198,13:01:57,30.92,--,17,52564,买盘
2199,13:01:54,30.92,0.02,34,105128,买盘
2200,13:01:51,30.9,--,506,1563540,买盘
2201,13:01:48,30.9,--,58,179220,买盘
2202,13:01:45,30.9,--,26,80340,买盘
2203,13:01:42,30.9,--,71,219390,买盘
2204,13:01:39,30.9,--,27,83430,买盘
2205,13:01:36,30.9,0.01,71,219390,买盘
2206,13:01:33,30.89,-0.01,70,216230,卖盘
2207,13:01:30,30.9,-0.02,35,108150,中性盘
2208,13:01:27,30.92,-0.01,25,77300,中性盘
2209,13:01:24,30.93,0.03,57,176301,买盘
2210,13:01:21,30.9,0.01,242,747780,中性盘
2211,13:01:18,30.89,-0.04,63,194607,卖盘
2212,13:01:15,30.93,--,35,108255,买盘
2213,13:01:12,30.93,-0.02,87,269091,卖盘
2214,13:01:09,30.95,--,22,68090,买盘
2215,13:01:06,30.95,0.02,119,368305,买盘
2216,13:01:03,30.93,-0.01,42,129906,中性盘
2217,13:01:00,30.94,-0.02,31,95914,中性盘
2218,13:00:57,30.96,--,109,337464,买盘
2219,13:00:54,30.96,--,60,185760,买盘
2220,13:00:51,30.96,--,97,300312,买盘
2221,13:00:48,30.96,0.01,45,139320,买盘
2222,13:00:45,30.95,-0.01,33,102135,中性盘
2223,13:00:42,30.96,--,37,114552,买盘
2224,13:00:39,30.96,0.03,180,557280,买盘
2225,13:00:36,30.93,-0.03,96,296928,卖盘
2226,13:00:33,30.96,0.03,234,724464,买盘
2227,13:00:30,30.93,--,5,15465,买盘
2228,13:00:27,30.93,0.02,118,364974,买盘
2229,13:00:24,30.91,0.01,22,68002,中性盘
2230,13:00:18,30.9,-0.04,1,3090,卖盘
2231,13:00:15,30.94,0.04,61,188734,买盘
2232,13:00:12,30.9,0.01,21,64890,买盘
2233,13:00:09,30.89,-0.04,753,2326017,卖盘
2234,13:00:06,30.93,--,660,2041380,买盘
2235,13:00:03,30.93,0.05,2553,7899491,买盘
2236,13:00:00,30.88,--,0,0,卖盘
2237,11:30:00,30.88,--,0,0,卖盘
2238,11:29:57,30.88,0.01,44,135872,中性盘
2239,11:29:54,30.87,-0.03,11,33957,卖盘
2240,11:29:51,30.9,0.02,43,132870,买盘
2241,11:29:48,30.88,-0.01,61,188368,卖盘
2242,11:29:45,30.89,0.02,10,30890,买盘
2243,11:29:42,30.87,-0.03,56,172872,卖盘
2244,11:29:39,30.9,0.02,38,117420,买盘
2245,11:29:36,30.88,--,44,135872,卖盘
2246,11:29:33,30.88,0.01,30,92640,买盘
2247,11:29:30,30.87,-0.01,110,339570,卖盘
2248,11:29:27,30.88,0.01,40,123520,买盘
2249,11:29:24,30.87,--,16,49392,卖盘
2250,11:29:21,30.87,-0.01,287,885969,卖盘
2251,11:29:18,30.88,--,15,46320,买盘
2252,11:29:15,30.88,--,143,441584,买盘
2253,11:29:12,30.88,0.08,84,259392,买盘
2254,11:29:09,30.8,-0.05,25,77000,卖盘
2255,11:29:06,30.85,-0.03,4,12340,中性盘
2256,11:29:03,30.88,0.03,258,796704,买盘
2257,11:29:00,30.85,--,9,27765,买盘
2258,11:28:57,30.85,--,13,40105,买盘
2259,11:28:51,30.85,0.05,100,308500,买盘
2260,11:28:48,30.8,-0.05,4,12320,卖盘
2261,11:28:45,30.85,0.05,10,30850,中性盘
2262,11:28:42,30.8,-0.07,50,154000,卖盘
2263,11:28:39,30.87,--,1567,4837329,买盘
2264,11:28:36,30.87,--,34,104958,买盘
2265,11:28:33,30.87,0.02,11,33957,买盘
2266,11:28:30,30.85,-0.02,16,49360,卖盘
2267,11:28:27,30.87,-0.01,1,3087,中性盘
2268,11:28:24,30.88,0.03,227,700976,买盘
2269,11:28:21,30.85,-0.03,44,135740,卖盘
2270,11:28:18,30.88,--,460,1420480,买盘
2271,11:28:15,30.88,--,6,18528,买盘
2272,11:28:12,30.88,--,3,9264,买盘
2273,11:28:09,30.88,--,12,37056,买盘
2274,11:28:06,30.88,-0.02,205,633040,卖盘
2275,11:28:03,30.9,0.01,34,105060,买盘
2276,11:28:00,30.89,-0.01,132,407748,卖盘
2277,11:27:57,30.9,--,29,89610,卖盘
2278,11:27:54,30.9,0.01,420,1297800,买盘
2279,11:27:51,30.89,--,209,645601,卖盘
2280,11:27:48,30.89,-0.01,163,503507,卖盘
2281,11:27:45,30.9,--,5,15450,买盘
2282,11:27:42,30.9,--,19,58710,买盘
2283,11:27:39,30.9,-0.02,32,98880,卖盘
2284,11:27:36,30.92,0.02,46,142232,买盘
2285,11:27:33,30.9,-0.02,27,83430,卖盘
2286,11:27:30,30.92,--,5,15460,买盘
2287,11:27:27,30.92,-0.02,521,1610932,卖盘
2288,11:27:24,30.94,0.02,1101,3406494,买盘
2289,11:27:21,30.92,-0.01,15,46380,买盘
2290,11:27:18,30.93,--,47,145371,买盘
2291,11:27:15,30.93,0.01,65,201045,买盘
2292,11:27:12,30.92,-0.03,29,89668,卖盘
2293,11:27:09,30.95,0.01,354,1095630,买盘
2294,11:27:06,30.94,--,11,34034,买盘
2295,11:27:03,30.94,--,12,37128,买盘
2296,11:27:00,30.94,0.04,609,1884246,买盘
2297,11:26:57,30.9,-0.04,498,1538820,卖盘
2298,11:26:54,30.94,--,45,139230,卖盘
2299,11:26:51,30.94,--,323,999362,买盘
2300,11:26:48,30.94,0.02,63,194922,买盘
2301,11:26:45,30.92,-0.02,7,21644,卖盘
2302,11:26:42,30.94,--,81,250614,买盘
2303,11:26:39,30.94,0.04,50,154700,中性盘
2304,11:26:36,30.9,--,176,543840,卖盘
2305,11:26:33,30.9,--,76,234840,卖盘
2306,11:26:30,30.9,--,53,163770,卖盘
2307,11:26:27,30.9,--,1056,3263040,买盘
2308,11:26:24,30.9,--,283,874470,买盘
2309,11:26:21,30.9,--,12,37080,买盘
2310,11:26:18,30.9,0.05,91,281190,买盘
2311,11:26:15,30.85,--,31,95635,卖盘
2312,11:26:12,30.85,--,78,240630,卖盘
2313,11:26:09,30.85,--,25,77125,卖盘
2314,11:26:06,30.85,-0.05,72,222120,卖盘
2315,11:26:03,30.9,0.05,2134,6594060,买盘
2316,11:26:00,30.85,--,80,246800,买盘
2317,11:25:57,30.85,0.01,21,64785,买盘
2318,11:25:54,30.84,--,163,502692,卖盘
2319,11:25:51,30.84,0.01,25,77100,买盘
2320,11:25:48,30.83,-0.01,21,64743,卖盘
2321,11:25:45,30.84,0.01,11,33924,中性盘
2322,11:25:42,30.83,-0.02,15,46245,中性盘
2323,11:25:39,30.85,--,211,650935,买盘
2324,11:25:36,30.85,0.02,355,1095175,买盘
2325,11:25:33,30.83,--,23,70909,买盘
2326,11:25:30,30.83,0.01,50,154150,买盘
2327,11:25:27,30.82,0.01,177,545514,买盘
2328,11:25:24,30.81,-0.01,323,995163,卖盘
2329,11:25:21,30.82,0.02,272,838304,买盘
2330,11:25:18,30.8,--,120,369600,卖盘
2331,11:25:15,30.8,-0.01,1196,3683680,卖盘
2332,11:25:12,30.81,0.01,30,92430,买盘
2333,11:25:09,30.8,--,63,195333,买盘
2334,11:25:06,30.8,--,217,668360,买盘
2335,11:25:03,30.8,--,64,197120,买盘
2336,11:25:00,30.8,0.02,551,1697080,买盘
2337,11:24:57,30.78,--,108,332424,卖盘
2338,11:24:54,30.78,--,3023,9304794,买盘
2339,11:24:51,30.78,0.03,131,403218,买盘
2340,11:24:48,30.75,-0.03,50,153750,卖盘
2341,11:24:45,30.78,0.01,68,209304,买盘
2342,11:24:42,30.77,-0.01,18,55386,买盘
2343,11:24:39,30.78,0.02,33,101574,买盘
2344,11:24:36,30.76,0.01,2,6152,中性盘
2345,11:24:33,30.75,--,84,258300,卖盘
2346,11:24:30,30.75,--,6,18450,卖盘
2347,11:24:27,30.75,--,261,802575,卖盘
2348,11:24:24,30.75,0.01,87,267525,买盘
2349,11:24:21,30.74,-0.04,105,322770,买盘
2350,11:24:18,30.78,0.04,2020,6217560,买盘
2351,11:24:15,30.74,0.01,116,356584,买盘
2352,11:24:12,30.73,-0.02,192,590354,中性盘
2353,11:24:09,30.75,0.02,1001,3078075,买盘
2354,11:24:06,30.73,--,214,657622,买盘
2355,11:24:03,30.73,--,218,669914,买盘
2356,11:24:00,30.73,-0.02,125,384125,卖盘
2357,11:23:57,30.75,0.01,64,196800,买盘
2358,11:23:54,30.74,--,121,371954,卖盘
2359,11:23:51,30.74,--,122,375028,买盘
2360,11:23:48,30.74,--,140,430360,买盘
2361,11:23:45,30.74,0.01,15,46110,买盘
2362,11:23:42,30.73,-0.01,2,6146,卖盘
2363,11:23:39,30.74,0.01,6,18444,买盘
2364,11:23:36,30.73,-0.01,7,23662,卖盘
2365,11:23:33,30.74,0.01,13,39962,买盘
2366,11:23:30,30.73,--,43,132139,卖盘
2367,11:23:27,30.73,-0.02,9,27657,卖盘
2368,11:23:24,30.75,0.02,175,538125,买盘
2369,11:23:21,30.73,--,9,27657,卖盘
2370,11:23:18,30.73,-0.01,83,255059,卖盘
2371,11:23:15,30.74,0.01,462,1420188,买盘
2372,11:23:12,30.73,0.01,21,64533,买盘
2373,11:23:09,30.72,-0.01,13,39936,卖盘
2374,11:23:06,30.73,--,7,21511,买盘
2375,11:23:03,30.73,-0.01,2,6146,中性盘
2376,11:23:00,30.74,0.01,36,110664,买盘
2377,11:22:57,30.73,-0.01,8,24584,卖盘
2378,11:22:54,30.74,-0.01,49,150626,买盘
2379,11:22:51,30.75,0.01,523,1608225,买盘
2380,11:22:48,30.74,-0.01,6,18444,买盘
2381,11:22:45,30.75,0.01,217,667275,买盘
2382,11:22:42,30.74,-0.01,56,172144,卖盘
2383,11:22:39,30.75,0.01,465,1429875,买盘
2384,11:22:36,30.74,-0.01,53,162922,卖盘
2385,11:22:33,30.75,--,94,289050,买盘
2386,11:22:30,30.75,0.01,28,86100,买盘
2387,11:22:27,30.74,--,41,126034,卖盘
2388,11:22:24,30.74,-0.01,424,1303376,卖盘
2389,11:22:21,30.75,--,40,123000,卖盘
2390,11:22:18,30.75,--,219,673425,卖盘
2391,11:22:15,30.75,0.01,21,64575,买盘
2392,11:22:12,30.74,-0.01,382,1174268,卖盘
2393,11:22:09,30.75,--,157,482775,买盘
2394,11:22:06,30.75,--,120,369000,买盘
2395,11:22:03,30.75,--,51,156825,买盘
2396,11:22:00,30.75,--,50,153750,买盘
2397,11:21:57,30.75,--,47,144525,买盘
2398,11:21:54,30.75,0.03,476,1463700,买盘
2399,11:21:51,30.72,0.01,8,24576,买盘
2400,11:21:48,30.71,0.01,1142,3507573,买盘
2401,11:21:45,30.7,--,870,2670900,买盘
2402,11:21:42,30.7,0.04,27,82890,买盘
2403,11:21:39,30.66,-0.01,16,49056,卖盘
2404,11:21:36,30.67,-0.03,23,70541,中性盘
2405,11:21:33,30.7,0.04,825,2532750,买盘
2406,11:21:30,30.66,0.02,603,1848798,买盘
2407,11:21:27,30.64,-0.01,70,214480,卖盘
2408,11:21:24,30.65,0.01,137,419905,买盘
2409,11:21:21,30.64,--,199,609736,买盘
2410,11:21:18,30.64,--,52,159328,买盘
2411,11:21:15,30.64,0.01,60,183840,买盘
2412,11:21:12,30.63,0.01,36,110268,中性盘
2413,11:21:09,30.62,-0.01,14,42868,卖盘
2414,11:21:06,30.63,0.01,100,306300,买盘
2415,11:21:03,30.62,--,193,590966,买盘
2416,11:21:00,30.62,0.01,16,48992,买盘
2417,11:20:57,30.61,--,27,82647,卖盘
2418,11:20:54,30.61,--,7,21427,卖盘
2419,11:20:51,30.61,--,57,174477,卖盘
2420,11:20:48,30.61,--,177,541797,买盘
2421,11:20:45,30.61,--,276,844836,买盘
2422,11:20:42,30.61,0.01,169,517309,买盘
2423,11:20:39,30.6,--,30,91800,卖盘
2424,11:20:36,30.6,--,206,630360,卖盘
2425,11:20:33,30.6,0.04,1020,3123127,买盘
2426,11:20:30,30.56,-0.01,6,18336,卖盘
2427,11:20:27,30.57,0.01,121,369897,买盘
2428,11:20:24,30.56,--,8,24448,卖盘
2429,11:20:21,30.56,--,130,397280,买盘
2430,11:20:18,30.56,--,3,9168,买盘
2431,11:20:15,30.56,0.01,2,6112,买盘
2432,11:20:09,30.55,-0.01,3,9165,卖盘
2433,11:20:06,30.56,--,4,12224,买盘
2434,11:20:03,30.56,0.01,10,30560,买盘
2435,11:20:00,30.55,--,47,143585,卖盘
2436,11:19:57,30.55,-0.03,98,299390,卖盘
2437,11:19:54,30.58,0.01,4,12232,买盘
2438,11:19:51,30.57,--,145,443265,卖盘
2439,11:19:48,30.57,-0.01,3,9171,卖盘
2440,11:19:45,30.58,--,18,55044,买盘
2441,11:19:39,30.58,0.03,263,804254,买盘
2442,11:19:36,30.55,-0.02,6,18330,卖盘
2443,11:19:33,30.57,0.02,35,106995,买盘
2444,11:19:30,30.55,--,26,79430,卖盘
2445,11:19:27,30.55,--,88,268840,卖盘
2446,11:19:24,30.55,-0.02,2,6110,卖盘
2447,11:19:21,30.57,0.02,1,3057,中性盘
2448,11:19:18,30.55,--,18,54990,买盘
2449,11:19:15,30.55,--,9,27495,买盘
2450,11:19:12,30.55,-0.01,6,18330,卖盘
2451,11:19:09,30.56,-0.01,8,24448,中性盘
2452,11:19:06,30.57,0.02,12,36684,买盘
2453,11:19:03,30.55,0.01,3,9165,卖盘
2454,11:19:00,30.54,-0.01,46,140484,卖盘
2455,11:18:57,30.55,--,23,70265,卖盘
2456,11:18:54,30.55,-0.03,2,6110,卖盘
2457,11:18:48,30.58,0.02,130,397540,买盘
2458,11:18:45,30.56,-0.02,8,24448,卖盘
2459,11:18:42,30.58,--,6,18348,买盘
2460,11:18:36,30.58,--,10,30580,卖盘
2461,11:18:33,30.58,-0.01,12,36696,卖盘
2462,11:18:30,30.59,0.01,33,100947,买盘
2463,11:18:27,30.58,--,30,91740,买盘
2464,11:18:24,30.58,0.03,13,39754,买盘
2465,11:18:21,30.55,-0.03,164,501020,卖盘
2466,11:18:18,30.58,-0.02,22,67276,卖盘
2467,11:18:15,30.6,0.02,103,315180,买盘
2468,11:18:12,30.58,-0.01,14,42812,卖盘
2469,11:18:09,30.59,0.01,4,12236,卖盘
2470,11:18:06,30.58,--,13,39754,卖盘
2471,11:18:03,30.58,0.02,155,473990,买盘
2472,11:18:00,30.56,--,165,504240,买盘
2473,11:17:57,30.56,--,42,128352,卖盘
2474,11:17:54,30.56,-0.02,2,6112,卖盘
2475,11:17:51,30.58,--,3,9174,买盘
2476,11:17:48,30.58,0.01,19,58102,买盘
2477,11:17:45,30.57,0.01,1,3057,买盘
2478,11:17:42,30.56,-0.01,205,626480,卖盘
2479,11:17:39,30.57,-0.01,3,9171,中性盘
2480,11:17:36,30.58,0.01,29,88682,买盘
2481,11:17:33,30.57,-0.01,8,24456,卖盘
2482,11:17:30,30.58,--,10,30580,买盘
2483,11:17:27,30.58,0.01,598,1828684,买盘
2484,11:17:24,30.57,-0.01,7,21399,卖盘
2485,11:17:18,30.58,--,236,721688,买盘
2486,11:17:15,30.58,--,2,6116,买盘
2487,11:17:12,30.58,--,4,14892,卖盘
2488,11:17:09,30.58,-0.01,49,149842,卖盘
2489,11:17:06,30.59,--,11,33649,买盘
2490,11:17:03,30.59,0.01,110,336490,买盘
2491,11:17:00,30.58,--,8,24464,卖盘
2492,11:16:57,30.58,-0.01,3,9174,卖盘
2493,11:16:54,30.59,--,41,125419,买盘
2494,11:16:51,30.59,0.01,68,208012,买盘
2495,11:16:48,30.58,-0.01,15,45870,卖盘
2496,11:16:45,30.59,--,11,33649,买盘
2497,11:16:42,30.59,--,28,85652,买盘
2498,11:16:39,30.59,-0.01,10,30590,买盘
2499,11:16:36,30.6,0.01,113,345780,买盘
2500,11:16:33,30.59,--,4,12236,买盘
2501,11:16:30,30.59,--,41,125419,卖盘
2502,11:16:27,30.59,--,54,165186,卖盘
2503,11:16:24,30.59,-0.01,69,211071,卖盘
2504,11:16:21,30.6,0.01,3,9180,买盘
2505,11:16:18,30.59,--,116,354844,买盘
2506,11:16:15,30.59,-0.01,6,18354,中性盘
2507,11:16:09,30.6,0.01,33,100980,买盘
2508,11:16:06,30.59,--,19,58121,买盘
2509,11:16:03,30.59,0.01,4,12236,买盘
2510,11:16:00,30.58,-0.02,31,94798,卖盘
2511,11:15:57,30.6,--,58,177480,买盘
2512,11:15:54,30.6,--,91,278460,买盘
2513,11:15:51,30.6,--,25,76500,买盘
2514,11:15:48,30.6,-0.01,180,550800,卖盘
2515,11:15:45,30.61,0.01,42,128562,买盘
2516,11:15:42,30.6,--,4,12240,卖盘
2517,11:15:39,30.6,--,8,24480,买盘
2518,11:15:36,30.6,--,43,131580,卖盘
2519,11:15:33,30.6,--,18,55080,卖盘
2520,11:15:30,30.6,--,486,1487557,买盘
2521,11:15:27,30.6,--,35,107100,买盘
2522,11:15:24,30.6,--,8,24480,买盘
2523,11:15:21,30.6,0.01,32,97920,买盘
2524,11:15:18,30.59,--,20,61180,卖盘
2525,11:15:15,30.59,0.01,8,24472,买盘
2526,11:15:12,30.58,-0.01,9,27522,卖盘
2527,11:15:09,30.59,--,6,18354,买盘
2528,11:15:06,30.59,0.01,7,21413,中性盘
2529,11:15:03,30.58,-0.02,7,21406,卖盘
2530,11:15:00,30.6,0.02,263,804780,买盘
2531,11:14:57,30.58,-0.01,275,840950,卖盘
2532,11:14:54,30.59,--,4,12236,卖盘
2533,11:14:51,30.59,--,6,18354,买盘
2534,11:14:48,30.59,--,13,39767,买盘
2535,11:14:45,30.59,--,2,6118,买盘
2536,11:14:42,30.59,0.02,2,6118,买盘
2537,11:14:39,30.57,-0.02,108,330156,卖盘
2538,11:14:36,30.59,--,3,9177,买盘
2539,11:14:33,30.59,0.02,21,64239,中性盘
2540,11:14:30,30.57,--,18,55026,卖盘
2541,11:14:27,30.57,-0.03,4,12228,卖盘
2542,11:14:24,30.6,--,1,3060,买盘
2543,11:14:21,30.6,0.03,50,153000,买盘
2544,11:14:18,30.57,-0.03,54,165078,卖盘
2545,11:14:15,30.6,0.01,166,507960,买盘
2546,11:14:09,30.59,--,77,235543,买盘
2547,11:14:06,30.59,--,18,55062,买盘
2548,11:14:03,30.59,0.02,256,783104,买盘
2549,11:13:57,30.57,--,51,155907,买盘
2550,11:13:54,30.57,--,13,39741,买盘
2551,11:13:51,30.57,0.01,61,186477,买盘
2552,11:13:48,30.56,-0.01,2,6112,卖盘
2553,11:13:45,30.57,--,5,15285,买盘
2554,11:13:42,30.57,--,3,9171,买盘
2555,11:13:39,30.57,-0.03,266,813162,卖盘
2556,11:13:36,30.6,0.01,242,740520,买盘
2557,11:13:33,30.59,-0.01,86,263074,卖盘
2558,11:13:30,30.6,0.02,36,110160,买盘
2559,11:13:27,30.58,0.01,3,9174,中性盘
2560,11:13:24,30.57,--,1,3057,卖盘
2561,11:13:21,30.57,--,21,64197,卖盘
2562,11:13:18,30.57,-0.03,3,9171,卖盘
2563,11:13:15,30.6,0.02,151,462060,买盘
2564,11:13:12,30.58,--,12,36696,中性盘
2565,11:13:09,30.58,-0.02,3,9174,中性盘
2566,11:13:06,30.6,--,7,21420,买盘
2567,11:13:03,30.6,0.01,100,306000,买盘
2568,11:13:00,30.59,0.01,9,27531,买盘
2569,11:12:57,30.58,-0.02,10,30580,卖盘
2570,11:12:51,30.6,--,77,235620,买盘
2571,11:12:48,30.6,--,5,15300,买盘
2572,11:12:45,30.6,0.01,15,45900,买盘
2573,11:12:42,30.59,--,13,39767,买盘
2574,11:12:39,30.59,--,22,67298,买盘
2575,11:12:36,30.59,0.02,21,64239,买盘
2576,11:12:33,30.57,-0.02,6,18342,卖盘
2577,11:12:30,30.59,0.03,6,18354,买盘
2578,11:12:27,30.56,-0.04,3,9168,卖盘
2579,11:12:24,30.6,0.03,222,679320,买盘
2580,11:12:18,30.57,-0.01,370,1131090,卖盘
2581,11:12:15,30.58,--,164,501512,买盘
2582,11:12:12,30.58,--,6,18348,买盘
2583,11:12:09,30.58,-0.02,6,18348,卖盘
2584,11:12:06,30.6,0.02,79,241740,买盘
2585,11:12:03,30.58,-0.01,40,122320,卖盘
2586,11:12:00,30.59,--,112,342608,买盘
2587,11:11:57,30.59,0.02,32,97888,买盘
2588,11:11:54,30.57,--,15,45855,卖盘
2589,11:11:51,30.57,--,13,39741,卖盘
2590,11:11:48,30.57,-0.01,13,39741,卖盘
2591,11:11:45,30.58,0.02,13,39754,买盘
2592,11:11:42,30.56,-0.03,5,15280,卖盘
2593,11:11:39,30.59,0.04,25,76475,买盘
2594,11:11:36,30.55,-0.04,13,39715,卖盘
2595,11:11:33,30.59,--,122,373198,买盘
2596,11:11:30,30.59,--,50,152950,买盘
2597,11:11:21,30.59,0.04,223,682157,买盘
2598,11:11:18,30.55,-0.04,28,85540,卖盘
2599,11:11:15,30.59,--,3,9177,买盘
2600,11:11:12,30.59,0.03,157,480263,买盘
2601,11:11:09,30.56,--,8,24448,买盘
2602,11:11:06,30.56,-0.03,166,507296,卖盘
2603,11:11:03,30.59,0.03,23,70357,中性盘
2604,11:10:57,30.56,-0.04,11,33616,卖盘
2605,11:10:54,30.6,0.03,253,774180,买盘
2606,11:10:51,30.57,--,41,125337,买盘
2607,11:10:48,30.57,--,2,6114,买盘
2608,11:10:45,30.57,--,3,9171,买盘
2609,11:10:42,30.57,--,45,137565,买盘
2610,11:10:39,30.57,-0.03,428,1308396,卖盘
2611,11:10:36,30.6,0.01,241,737460,买盘
2612,11:10:33,30.59,--,2,6118,买盘
2613,11:10:30,30.59,--,128,391552,买盘
2614,11:10:27,30.59,0.01,24,73416,买盘
2615,11:10:24,30.58,-0.01,30,91740,卖盘
2616,11:10:21,30.59,--,26,79534,卖盘
2617,11:10:18,30.59,-0.01,115,351785,卖盘
2618,11:10:15,30.6,0.01,34,104040,买盘
2619,11:10:12,30.59,0.01,75,231566,买盘
2620,11:10:09,30.58,-0.01,10,30580,卖盘
2621,11:10:06,30.59,0.01,9,27531,买盘
2622,11:10:03,30.58,0.01,2,6116,买盘
2623,11:10:00,30.57,--,1,3057,卖盘
2624,11:09:57,30.57,--,7,21399,卖盘
2625,11:09:54,30.57,--,301,920157,卖盘
2626,11:09:51,30.57,0.01,43,131451,买盘
2627,11:09:48,30.56,-0.01,3,9168,卖盘
2628,11:09:45,30.57,--,16,48912,买盘
2629,11:09:42,30.57,--,8,24456,买盘
2630,11:09:39,30.57,-0.01,126,385182,卖盘
2631,11:09:36,30.58,0.01,1,3058,买盘
2632,11:09:33,30.57,--,6,18342,卖盘
2633,11:09:27,30.57,-0.02,116,354612,卖盘
2634,11:09:24,30.59,0.02,62,189658,买盘
2635,11:09:21,30.57,--,18,55026,卖盘
2636,11:09:18,30.57,--,11,33627,卖盘
2637,11:09:15,30.57,-0.01,252,770364,卖盘
2638,11:09:12,30.58,--,8,24464,卖盘
2639,11:09:09,30.58,--,40,122320,卖盘
2640,11:09:06,30.58,0.01,322,984676,买盘
2641,11:09:03,30.57,0.01,15,45855,买盘
2642,11:09:00,30.56,--,38,116128,卖盘
2643,11:08:57,30.56,-0.02,44,134464,卖盘
2644,11:08:54,30.58,0.02,7,21406,买盘
2645,11:08:51,30.56,-0.02,330,1008480,卖盘
2646,11:08:48,30.58,0.01,9,27522,买盘
2647,11:08:45,30.57,--,4,12228,卖盘
2648,11:08:42,30.57,--,58,177306,卖盘
2649,11:08:39,30.57,-0.01,22,67254,卖盘
2650,11:08:36,30.58,--,33,100914,卖盘
2651,11:08:33,30.58,--,6,18348,卖盘
2652,11:08:30,30.58,0.01,9,27522,买盘
2653,11:08:27,30.57,--,40,122280,买盘
2654,11:08:24,30.57,0.01,1,3057,买盘
2655,11:08:21,30.56,-0.01,11,33616,卖盘
2656,11:08:18,30.57,--,26,79482,买盘
2657,11:08:15,30.57,--,10,30570,买盘
2658,11:08:12,30.57,--,2,6114,买盘
2659,11:08:09,30.57,--,7,21399,买盘
2660,11:08:06,30.57,0.02,7,21399,买盘
2661,11:08:03,30.55,-0.05,16,48880,卖盘
2662,11:08:00,30.6,0.05,307,939420,买盘
2663,11:07:57,30.55,-0.05,147,449085,卖盘
2664,11:07:54,30.6,--,15,45900,买盘
2665,11:07:51,30.6,--,8,24480,买盘
2666,11:07:48,30.6,--,38,116280,买盘
2667,11:07:45,30.6,--,42,128520,买盘
2668,11:07:42,30.6,-0.03,445,1364362,卖盘
2669,11:07:39,30.63,0.01,23,70449,买盘
2670,11:07:36,30.62,-0.02,42,129002,卖盘
2671,11:07:33,30.64,0.03,31,94984,买盘
2672,11:07:30,30.61,-0.02,201,615261,卖盘
2673,11:07:27,30.63,--,62,189906,卖盘
2674,11:07:24,30.63,--,20,61260,卖盘
2675,11:07:21,30.63,0.01,663,2030769,买盘
2676,11:07:18,30.62,0.02,51,156162,买盘
2677,11:07:15,30.6,-0.01,270,826200,买盘
2678,11:07:12,30.61,0.01,912,2791632,买盘
2679,11:07:09,30.6,--,153,468180,买盘
2680,11:07:06,30.6,--,54,165240,买盘
2681,11:07:03,30.6,--,498,1523880,卖盘
2682,11:07:00,30.6,--,118,361080,卖盘
2683,11:06:57,30.6,--,153,468180,卖盘
2684,11:06:54,30.6,--,1020,3121200,卖盘
2685,11:06:51,30.6,-0.01,47,143820,卖盘
2686,11:06:48,30.61,0.01,93,284673,买盘
2687,11:06:45,30.6,-0.01,51,156060,卖盘
2688,11:06:42,30.61,--,12,36732,买盘
2689,11:06:39,30.61,0.01,20,61220,买盘
2690,11:06:36,30.6,--,25,76500,卖盘
2691,11:06:33,30.6,0.01,418,1279080,买盘
2692,11:06:30,30.59,0.02,1,3059,买盘
2693,11:06:27,30.57,-0.03,3,9171,卖盘
2694,11:06:24,30.6,0.04,301,921060,买盘
2695,11:06:21,30.56,0.01,310,947360,卖盘
2696,11:06:18,30.55,--,2006,6128330,卖盘
2697,11:06:15,30.55,--,14,42770,卖盘
2698,11:06:12,30.55,--,201,614055,卖盘
2699,11:06:09,30.55,--,190,580450,买盘
2700,11:06:06,30.55,--,9,27495,买盘
2701,11:06:03,30.55,--,9,27495,买盘
2702,11:06:00,30.55,--,35,106925,卖盘
2703,11:05:57,30.55,-0.01,504,1539720,卖盘
2704,11:05:54,30.56,0.02,164,501184,买盘
2705,11:05:51,30.54,--,69,210726,卖盘
2706,11:05:48,30.54,--,5,15270,卖盘
2707,11:05:45,30.54,0.01,434,1328215,买盘
2708,11:05:42,30.53,--,142,433526,卖盘
2709,11:05:39,30.53,--,34,103802,卖盘
2710,11:05:33,30.53,--,5,15265,卖盘
2711,11:05:30,30.53,0.06,775,2366746,买盘
2712,11:05:27,30.47,-0.03,3,9141,卖盘
2713,11:05:24,30.5,--,8,24400,买盘
2714,11:05:21,30.5,--,58,176900,买盘
2715,11:05:18,30.5,0.07,79,240950,买盘
2716,11:05:15,30.43,-0.07,4,12172,中性盘
2717,11:05:12,30.5,0.1,42,128100,买盘
2718,11:05:09,30.4,-0.1,294,893760,卖盘
2719,11:05:06,30.5,0.1,1008,3074400,买盘
2720,11:05:03,30.4,-0.07,25,76760,卖盘
2721,11:05:00,30.47,0.01,104,316888,买盘
