,time,price,change,volume,amount,type
0,15:00:03,14.56,--,3015,4389840,买盘
1,14:57:00,14.56,0.02,32,46592,买盘
2,14:56:51,14.54,-0.02,200,290800,卖盘
3,14:56:48,14.56,--,39,56784,卖盘
4,14:56:42,14.56,--,448,652288,卖盘
5,14:56:39,14.56,--,21,30576,卖盘
6,14:56:36,14.56,--,4,5824,卖盘
7,14:56:33,14.56,--,20,29120,买盘
8,14:56:30,14.56,0.01,61,88816,买盘
9,14:56:27,14.55,--,39,56745,卖盘
10,14:56:24,14.55,--,90,130950,卖盘
11,14:56:21,14.55,--,88,128040,卖盘
12,14:56:18,14.55,-0.01,60,87300,卖盘
13,14:56:15,14.56,--,29,42224,买盘
14,14:56:12,14.56,0.01,52,75712,买盘
15,14:56:09,14.55,-0.01,23,33465,卖盘
16,14:56:06,14.56,--,7,10192,买盘
17,14:55:57,14.56,--,1,1456,买盘
18,14:55:54,14.56,-0.02,50,72800,卖盘
19,14:55:51,14.58,0.02,1,1458,买盘
20,14:55:45,14.56,--,36,52416,卖盘
21,14:55:42,14.56,--,75,110364,卖盘
22,14:55:39,14.56,--,6,8736,卖盘
23,14:55:36,14.56,--,35,50960,买盘
24,14:55:33,14.56,0.01,7,10192,买盘
25,14:55:30,14.55,-0.01,20,29100,卖盘
26,14:55:24,14.56,-0.02,15,21840,卖盘
27,14:55:21,14.58,--,1,1458,买盘
28,14:55:18,14.58,0.03,4,5832,中性盘
29,14:55:12,14.55,-0.04,219,318645,卖盘
30,14:55:09,14.59,0.01,10,14590,买盘
31,14:55:06,14.58,--,9,13122,卖盘
32,14:55:03,14.58,--,6,8748,卖盘
33,14:54:57,14.58,0.02,30,43740,卖盘
34,14:54:54,14.56,--,84,122304,卖盘
35,14:54:51,14.56,--,150,218400,卖盘
36,14:54:48,14.56,0.01,138,201204,中性盘
37,14:54:42,14.55,--,169,245895,卖盘
38,14:54:39,14.55,-0.01,129,187695,卖盘
39,14:54:36,14.56,--,82,119392,卖盘
40,14:54:33,14.56,0.01,692,1007552,买盘
41,14:54:30,14.55,-0.01,39,56745,卖盘
42,14:54:27,14.56,--,15,21840,买盘
43,14:54:24,14.56,0.01,251,365456,买盘
44,14:54:21,14.55,--,8,11640,卖盘
45,14:54:18,14.55,-0.01,2,2910,卖盘
46,14:54:12,14.56,--,16,23296,买盘
47,14:54:09,14.56,--,53,77852,买盘
48,14:54:06,14.56,-0.01,240,350619,卖盘
49,14:54:03,14.57,0.01,161,234577,买盘
50,14:54:00,14.56,--,58,84448,卖盘
51,14:53:57,14.56,-0.01,31,45136,卖盘
52,14:53:54,14.57,--,4,5828,买盘
53,14:53:48,14.57,0.01,36,52699,卖盘
54,14:53:45,14.56,-0.01,237,345072,卖盘
55,14:53:42,14.57,0.01,111,161727,中性盘
56,14:53:39,14.56,--,41,59696,卖盘
57,14:53:36,14.56,-0.02,59,85904,卖盘
58,14:53:33,14.58,0.01,76,110808,买盘
59,14:53:30,14.57,--,160,233659,卖盘
60,14:53:27,14.57,--,29,43200,卖盘
61,14:53:24,14.57,-0.01,22,32054,卖盘
62,14:53:21,14.58,--,54,78732,买盘
63,14:53:18,14.58,--,63,91854,买盘
64,14:53:15,14.58,--,22,32076,卖盘
65,14:53:12,14.58,--,13,18954,卖盘
66,14:53:09,14.58,--,63,91854,卖盘
67,14:53:06,14.58,0.01,36,52488,卖盘
68,14:53:03,14.57,-0.01,20,29140,卖盘
69,14:53:00,14.58,--,16,23328,卖盘
70,14:52:57,14.58,-0.01,42,61236,中性盘
71,14:52:54,14.59,0.02,49,71491,买盘
72,14:52:48,14.57,--,95,138415,卖盘
73,14:52:45,14.57,-0.02,45,65565,卖盘
74,14:52:39,14.59,0.01,65,94835,买盘
75,14:52:33,14.58,0.01,1,1458,买盘
76,14:52:30,14.57,-0.01,102,148614,卖盘
77,14:52:27,14.58,--,6,8748,卖盘
78,14:52:24,14.58,--,8,11664,卖盘
79,14:52:21,14.58,--,1,1458,卖盘
80,14:52:18,14.58,--,1,1458,卖盘
81,14:52:15,14.58,-0.01,10,14580,卖盘
82,14:52:12,14.59,--,6,8754,买盘
83,14:52:06,14.59,--,2,2918,买盘
84,14:52:03,14.59,--,59,86081,卖盘
85,14:51:57,14.59,--,138,201342,卖盘
86,14:51:54,14.59,--,100,145900,卖盘
87,14:51:48,14.59,--,61,88999,卖盘
88,14:51:45,14.59,-0.01,60,87540,卖盘
89,14:51:42,14.6,-0.01,751,1096722,卖盘
90,14:51:33,14.61,--,16,23376,卖盘
91,14:51:30,14.61,-0.01,112,164830,卖盘
92,14:51:27,14.62,-0.02,30,43860,买盘
93,14:51:21,14.64,0.02,21,30744,买盘
94,14:51:18,14.62,--,38,55556,卖盘
95,14:51:15,14.62,--,21,30702,卖盘
96,14:51:12,14.62,--,6,8772,卖盘
97,14:51:09,14.62,-0.02,1,1462,卖盘
98,14:51:06,14.64,0.02,2,2928,买盘
99,14:51:03,14.62,--,8,11696,卖盘
100,14:51:00,14.62,-0.02,23,33626,卖盘
101,14:50:57,14.64,--,111,162504,买盘
102,14:50:54,14.64,0.02,1,1464,买盘
103,14:50:51,14.62,--,118,172516,卖盘
104,14:50:48,14.62,-0.02,23,33626,卖盘
105,14:50:45,14.64,--,150,219600,买盘
106,14:50:39,14.64,0.01,3,4392,中性盘
107,14:50:36,14.63,--,132,193408,卖盘
108,14:50:33,14.63,-0.01,1230,1799490,卖盘
109,14:50:30,14.64,--,20,29280,买盘
110,14:50:27,14.64,--,9,13176,买盘
111,14:50:24,14.64,-0.01,260,380640,卖盘
112,14:50:21,14.65,--,22,32230,买盘
113,14:50:15,14.65,0.01,1,1465,买盘
114,14:50:06,14.64,-0.01,3,4392,卖盘
115,14:50:00,14.65,--,13,19045,卖盘
116,14:49:57,14.65,--,179,262235,卖盘
117,14:49:51,14.65,--,34,49810,买盘
118,14:49:48,14.65,0.02,11,16115,中性盘
119,14:49:42,14.63,-0.02,1027,1503378,卖盘
120,14:49:39,14.65,0.01,163,240010,买盘
121,14:49:33,14.64,--,17,24917,卖盘
122,14:49:30,14.64,--,6,8784,卖盘
123,14:49:27,14.64,--,1,1464,卖盘
124,14:49:24,14.64,--,6,8784,卖盘
125,14:49:18,14.64,-0.01,3,4392,中性盘
126,14:49:15,14.65,0.01,162,237330,买盘
127,14:49:12,14.64,--,35,51240,买盘
128,14:49:06,14.64,--,17,24888,买盘
129,14:49:03,14.64,0.01,324,474336,买盘
130,14:49:00,14.63,--,1,1463,卖盘
131,14:48:57,14.63,-0.01,21,31059,卖盘
132,14:48:54,14.64,0.01,234,342576,买盘
133,14:48:51,14.63,-0.01,17,24871,卖盘
134,14:48:48,14.64,--,149,218136,买盘
135,14:48:45,14.64,--,5,7320,买盘
136,14:48:42,14.64,--,9,13176,买盘
137,14:48:39,14.64,0.01,5,7320,买盘
138,14:48:36,14.63,-0.01,17,24871,卖盘
139,14:48:33,14.64,--,18,26352,买盘
140,14:48:30,14.64,--,268,392352,买盘
141,14:48:27,14.64,--,25,36600,买盘
142,14:48:24,14.64,--,161,237124,卖盘
143,14:48:21,14.64,-0.01,8,11712,卖盘
144,14:48:18,14.65,--,10,14650,卖盘
145,14:48:15,14.65,0.01,243,355995,买盘
146,14:48:12,14.64,--,14,20539,买盘
147,14:48:09,14.64,--,5,8740,卖盘
148,14:48:06,14.64,--,20,29280,卖盘
149,14:48:00,14.64,-0.01,300,439200,卖盘
150,14:47:57,14.65,--,51,74715,买盘
151,14:47:54,14.65,--,5,7325,买盘
152,14:47:51,14.65,--,5,7325,买盘
153,14:47:45,14.65,0.01,45,65925,买盘
154,14:47:42,14.64,-0.02,9,13176,卖盘
155,14:47:39,14.66,0.02,174,255084,买盘
156,14:47:36,14.64,-0.01,60,87840,卖盘
157,14:47:33,14.65,--,1,1465,卖盘
158,14:47:30,14.65,-0.01,11,16115,卖盘
159,14:47:27,14.66,0.01,130,190580,买盘
160,14:47:24,14.65,--,7,10255,买盘
161,14:47:21,14.65,0.01,9,13185,买盘
162,14:47:18,14.64,-0.01,15,21960,卖盘
163,14:47:15,14.65,--,20,29300,卖盘
164,14:47:12,14.65,-0.01,4,5860,卖盘
165,14:47:09,14.66,0.01,100,146600,买盘
166,14:47:06,14.65,--,72,105480,卖盘
167,14:47:00,14.65,-0.01,62,90830,卖盘
168,14:46:57,14.66,0.01,200,293200,买盘
169,14:46:54,14.65,--,11,16115,卖盘
170,14:46:51,14.65,-0.01,11,16115,买盘
171,14:46:48,14.66,0.02,13,19058,买盘
172,14:46:45,14.64,-0.01,2,2928,卖盘
173,14:46:42,14.65,0.01,9,13185,买盘
174,14:46:39,14.64,-0.02,110,161054,卖盘
175,14:46:36,14.66,0.01,10,14660,买盘
176,14:46:30,14.65,--,56,82040,卖盘
177,14:46:27,14.65,--,218,319370,卖盘
178,14:46:24,14.65,--,15,21975,卖盘
179,14:46:21,14.65,--,10,14650,卖盘
180,14:46:18,14.65,0.01,58,84970,买盘
181,14:46:12,14.64,--,2,2928,卖盘
182,14:46:09,14.64,-0.01,7,10248,卖盘
183,14:46:03,14.65,--,1,1465,买盘
184,14:46:00,14.65,0.01,15,21975,买盘
185,14:45:54,14.64,--,40,58560,卖盘
186,14:45:51,14.64,-0.01,11,16104,卖盘
187,14:45:48,14.65,-0.01,50,73250,买盘
188,14:45:45,14.66,0.01,50,73300,买盘
189,14:45:42,14.65,0.02,22,32259,买盘
190,14:45:36,14.63,-0.02,23,33649,卖盘
191,14:45:33,14.65,0.02,1,1465,买盘
192,14:45:30,14.63,-0.02,305,446215,卖盘
193,14:45:24,14.65,--,30,43950,卖盘
194,14:45:21,14.65,0.01,326,478190,买盘
195,14:45:15,14.64,--,127,185928,买盘
196,14:45:12,14.64,--,47,68808,买盘
197,14:45:06,14.64,0.01,201,294264,买盘
198,14:45:03,14.63,-0.01,14,20482,卖盘
199,14:45:00,14.64,--,115,168360,买盘
200,14:44:57,14.64,0.01,20,29280,买盘
201,14:44:54,14.63,--,12,17556,卖盘
202,14:44:51,14.63,--,4,5852,卖盘
203,14:44:48,14.63,-0.01,32,46816,卖盘
204,14:44:45,14.64,0.01,11,16104,买盘
205,14:44:42,14.63,--,214,313125,卖盘
206,14:44:36,14.63,--,40,58520,卖盘
207,14:44:27,14.63,-0.01,30,43890,卖盘
208,14:44:24,14.64,--,101,147864,买盘
209,14:44:21,14.64,--,10,14640,买盘
210,14:44:18,14.64,--,106,155184,买盘
211,14:44:15,14.64,--,5,7320,买盘
212,14:44:06,14.64,0.01,51,74664,买盘
213,14:44:03,14.63,--,6,8778,卖盘
214,14:44:00,14.63,--,101,147763,卖盘
215,14:43:57,14.63,-0.01,57,83961,卖盘
216,14:43:54,14.64,--,1,1464,卖盘
217,14:43:51,14.64,--,142,208781,买盘
218,14:43:45,14.64,--,81,119169,卖盘
219,14:43:42,14.64,--,9,13468,卖盘
220,14:43:36,14.64,--,203,297192,卖盘
221,14:43:33,14.64,--,21,30744,卖盘
222,14:43:30,14.64,-0.01,1,1464,卖盘
223,14:43:27,14.65,--,41,60944,买盘
224,14:43:24,14.65,--,21,30765,买盘
225,14:43:21,14.65,--,40,58600,买盘
226,14:43:18,14.65,--,26,38090,买盘
227,14:43:15,14.65,0.01,6,8790,买盘
228,14:43:12,14.64,--,4,5856,卖盘
229,14:43:09,14.64,--,121,177144,卖盘
230,14:43:06,14.64,--,22,32208,卖盘
231,14:43:03,14.64,--,22,32208,卖盘
232,14:42:51,14.64,-0.01,65,95160,卖盘
233,14:42:45,14.65,0.01,5,7325,买盘
234,14:42:39,14.64,-0.01,138,202032,卖盘
235,14:42:36,14.65,--,261,382365,卖盘
236,14:42:33,14.65,--,18,26370,卖盘
237,14:42:30,14.65,--,34,49810,卖盘
238,14:42:27,14.65,-0.01,23,33695,卖盘
239,14:42:24,14.66,--,29,42514,买盘
240,14:42:21,14.66,--,3,4398,买盘
241,14:42:18,14.66,0.01,88,129008,买盘
242,14:42:15,14.65,-0.01,11,16115,卖盘
243,14:42:09,14.66,0.01,24,35184,卖盘
244,14:42:06,14.65,--,31,45415,卖盘
245,14:42:03,14.65,-0.01,87,127455,卖盘
246,14:42:00,14.66,--,4,5864,卖盘
247,14:41:57,14.66,0.01,237,347442,买盘
248,14:41:54,14.65,0.01,101,147965,中性盘
249,14:41:51,14.64,--,207,303048,卖盘
250,14:41:48,14.64,--,37,54168,卖盘
251,14:41:45,14.64,-0.01,10,14640,卖盘
252,14:41:42,14.65,0.01,22,32230,买盘
253,14:41:39,14.64,-0.01,171,250344,卖盘
254,14:41:36,14.65,0.01,72,105480,买盘
255,14:41:33,14.64,-0.01,7,10248,卖盘
256,14:41:30,14.65,0.01,51,74715,买盘
257,14:41:27,14.64,--,87,127368,卖盘
258,14:41:24,14.64,--,110,161040,卖盘
259,14:41:18,14.64,-0.01,10,14640,卖盘
260,14:41:15,14.65,--,43,62995,买盘
261,14:41:12,14.65,0.01,6,8790,买盘
262,14:41:09,14.64,--,1,1464,卖盘
263,14:41:00,14.64,--,5,7320,卖盘
264,14:40:57,14.64,-0.01,142,207888,卖盘
265,14:40:54,14.65,--,276,404340,卖盘
266,14:40:51,14.65,0.01,236,345754,买盘
267,14:40:48,14.64,--,54,79056,卖盘
268,14:40:45,14.64,-0.01,22,32208,卖盘
269,14:40:42,14.65,--,11,16115,卖盘
270,14:40:39,14.65,--,29,42485,卖盘
271,14:40:36,14.65,--,98,143570,卖盘
272,14:40:33,14.65,0.01,106,156447,买盘
273,14:40:30,14.64,--,201,294264,卖盘
274,14:40:27,14.64,-0.01,10,14640,卖盘
275,14:40:24,14.65,0.01,6,8790,买盘
276,14:40:21,14.64,--,29,42456,卖盘
277,14:40:18,14.64,--,12,17568,卖盘
278,14:40:15,14.64,0.01,27,39528,中性盘
279,14:40:12,14.63,-0.01,129,188727,卖盘
280,14:40:09,14.64,0.01,165,241560,卖盘
281,14:40:06,14.63,-0.02,16,23408,卖盘
282,14:40:03,14.65,0.01,213,312045,买盘
283,14:40:00,14.64,--,63,92232,买盘
284,14:39:51,14.64,--,12,17611,买盘
285,14:39:48,14.64,--,28,40992,买盘
286,14:39:45,14.64,0.01,1,1464,买盘
287,14:39:42,14.63,-0.01,7,10241,卖盘
288,14:39:39,14.64,--,0,307,卖盘
289,14:39:36,14.64,--,38,55632,卖盘
290,14:39:33,14.64,--,20,29280,卖盘
291,14:39:30,14.64,--,127,185928,卖盘
292,14:39:27,14.64,-0.01,5,7320,卖盘
293,14:39:24,14.65,0.01,5,7325,买盘
294,14:39:21,14.64,--,21,31036,卖盘
295,14:39:18,14.64,0.01,9,14039,买盘
296,14:39:15,14.63,-0.01,43,63508,卖盘
297,14:39:12,14.64,--,11,16104,卖盘
298,14:39:09,14.64,-0.01,2,2928,卖盘
299,14:39:06,14.65,0.01,1,1465,买盘
300,14:39:03,14.64,--,52,76128,卖盘
301,14:39:00,14.64,--,15,21960,卖盘
302,14:38:57,14.64,--,5,7320,卖盘
303,14:38:54,14.64,--,78,114206,卖盘
304,14:38:51,14.64,--,246,360144,卖盘
305,14:38:48,14.64,-0.01,200,292800,卖盘
306,14:38:45,14.65,0.01,12,17580,买盘
307,14:38:39,14.64,--,14,20496,卖盘
308,14:38:36,14.64,--,32,46848,卖盘
309,14:38:30,14.64,-0.01,201,294264,卖盘
310,14:38:24,14.65,--,131,192764,买盘
311,14:38:21,14.65,-0.01,187,274790,卖盘
312,14:38:18,14.66,0.01,305,447130,买盘
313,14:38:15,14.65,--,6,8790,卖盘
314,14:38:09,14.65,-0.01,66,96690,卖盘
315,14:38:06,14.66,0.01,146,214666,买盘
316,14:38:03,14.65,--,76,112175,卖盘
317,14:37:57,14.65,--,5,7325,卖盘
318,14:37:54,14.65,-0.02,13,19088,卖盘
319,14:37:51,14.67,0.02,323,473841,买盘
320,14:37:42,14.65,-0.02,28,41020,卖盘
321,14:37:39,14.67,0.02,289,423963,买盘
322,14:37:36,14.65,--,128,187520,卖盘
323,14:37:33,14.65,-0.01,123,180195,卖盘
324,14:37:30,14.66,0.01,173,253618,买盘
325,14:37:27,14.65,-0.01,20,29300,卖盘
326,14:37:24,14.66,--,65,95290,买盘
327,14:37:21,14.66,--,1,1466,买盘
328,14:37:18,14.66,--,6,8796,买盘
329,14:37:15,14.66,--,5,7330,买盘
330,14:37:09,14.66,0.01,120,175920,买盘
331,14:37:06,14.65,--,2,2930,卖盘
332,14:37:03,14.65,-0.01,30,43950,卖盘
333,14:37:00,14.66,--,1,1466,买盘
334,14:36:57,14.66,0.01,21,30829,买盘
335,14:36:54,14.65,-0.01,6,8790,卖盘
336,14:36:48,14.66,0.01,6,8796,买盘
337,14:36:45,14.65,--,20,29300,卖盘
338,14:36:42,14.65,--,4,5860,卖盘
339,14:36:39,14.65,-0.01,26,38090,卖盘
340,14:36:36,14.66,--,9,13194,买盘
341,14:36:33,14.66,0.01,1,1466,买盘
342,14:36:30,14.65,-0.01,1,1465,卖盘
343,14:36:27,14.66,0.01,41,60106,中性盘
344,14:36:24,14.65,--,283,414595,卖盘
345,14:36:21,14.65,--,18,26370,卖盘
346,14:36:18,14.65,--,41,60065,卖盘
347,14:36:15,14.65,-0.01,2,2930,卖盘
348,14:36:12,14.66,--,10,14660,买盘
349,14:36:06,14.66,--,1,1466,买盘
350,14:36:00,14.66,0.01,15,21990,买盘
351,14:35:57,14.65,--,503,738345,卖盘
352,14:35:54,14.65,--,47,68855,卖盘
353,14:35:45,14.65,--,2,2930,卖盘
354,14:35:42,14.65,--,1,1465,卖盘
355,14:35:39,14.65,-0.01,7,10255,卖盘
356,14:35:36,14.66,--,20,29320,买盘
357,14:35:33,14.66,0.01,312,457392,买盘
358,14:35:30,14.65,--,115,168475,卖盘
359,14:35:27,14.65,--,208,304720,卖盘
360,14:35:24,14.65,--,33,48345,卖盘
361,14:35:21,14.65,--,2,2930,卖盘
362,14:35:18,14.65,-0.01,60,87900,卖盘
363,14:35:12,14.66,0.01,20,29320,买盘
364,14:35:09,14.65,--,33,48345,卖盘
365,14:35:06,14.65,--,2,2930,卖盘
366,14:35:03,14.65,--,30,43950,卖盘
367,14:35:00,14.65,--,49,71814,卖盘
368,14:34:57,14.65,-0.01,41,60065,卖盘
369,14:34:51,14.66,--,1,1466,买盘
370,14:34:48,14.66,0.01,132,193512,买盘
371,14:34:45,14.65,-0.01,25,36625,卖盘
372,14:34:36,14.66,--,36,52776,卖盘
373,14:34:33,14.66,--,10,14660,卖盘
374,14:34:30,14.66,0.01,57,83562,买盘
375,14:34:27,14.65,--,38,56197,买盘
376,14:34:24,14.65,-0.01,105,154762,卖盘
377,14:34:21,14.66,0.01,35,51310,买盘
378,14:34:18,14.65,-0.01,2,2930,卖盘
379,14:34:06,14.66,0.01,1,1466,买盘
380,14:34:03,14.65,-0.01,8,11720,卖盘
381,14:33:57,14.66,-0.02,9,13194,卖盘
382,14:33:54,14.68,0.01,114,167352,买盘
383,14:33:51,14.67,--,5,7335,卖盘
384,14:33:48,14.67,0.01,33,48411,中性盘
385,14:33:45,14.66,0.01,196,287922,中性盘
386,14:33:39,14.65,--,130,190450,卖盘
387,14:33:36,14.65,--,4,5860,卖盘
388,14:33:33,14.65,-0.01,60,87900,卖盘
389,14:33:30,14.66,0.01,94,137804,买盘
390,14:33:27,14.65,--,11,16408,卖盘
391,14:33:24,14.65,--,60,87900,卖盘
392,14:33:21,14.65,--,49,71785,卖盘
393,14:33:18,14.65,--,1,1465,卖盘
394,14:33:15,14.65,--,9,13185,卖盘
395,14:33:12,14.65,--,201,294465,卖盘
396,14:33:09,14.65,--,6,8790,卖盘
397,14:33:06,14.65,0.02,48,71433,买盘
398,14:33:03,14.63,--,172,251972,卖盘
399,14:32:57,14.63,-0.02,2,2926,卖盘
400,14:32:54,14.65,--,1,1465,买盘
401,14:32:51,14.65,0.02,13,19045,买盘
402,14:32:48,14.63,-0.02,23,33649,卖盘
403,14:32:45,14.65,--,134,196310,买盘
404,14:32:42,14.65,--,190,278350,买盘
405,14:32:39,14.65,-0.02,1124,1647011,卖盘
406,14:32:36,14.67,-0.01,25,36675,卖盘
407,14:32:33,14.68,0.02,61,89548,买盘
408,14:32:30,14.66,--,27,39582,卖盘
409,14:32:27,14.66,--,11,17005,卖盘
410,14:32:24,14.66,-0.02,11,16126,卖盘
411,14:32:21,14.68,0.01,9,13212,买盘
412,14:32:18,14.67,0.01,296,435625,买盘
413,14:32:15,14.66,--,26,38116,卖盘
414,14:32:12,14.66,--,54,79164,卖盘
415,14:32:09,14.66,--,6,9089,卖盘
416,14:32:06,14.66,0.01,150,219914,买盘
417,14:32:03,14.65,-0.01,10,14650,卖盘
418,14:32:00,14.66,0.03,113,165658,买盘
419,14:31:57,14.63,--,100,146300,卖盘
420,14:31:54,14.63,--,20,29260,卖盘
421,14:31:51,14.63,-0.02,6,9363,卖盘
422,14:31:45,14.65,0.02,2,2930,买盘
423,14:31:42,14.63,-0.02,23,33649,卖盘
424,14:31:39,14.65,0.02,8,11720,买盘
425,14:31:36,14.63,-0.04,673,984599,卖盘
426,14:31:33,14.67,0.02,267,391689,买盘
427,14:31:30,14.65,--,93,136245,卖盘
428,14:31:27,14.65,--,18,26370,卖盘
429,14:31:24,14.65,--,12,18166,卖盘
430,14:31:21,14.65,--,60,87900,卖盘
431,14:31:18,14.65,--,7,10255,卖盘
432,14:31:15,14.65,--,7,11427,卖盘
433,14:31:12,14.65,--,33,48345,卖盘
434,14:31:06,14.65,-0.01,58,84999,卖盘
435,14:31:03,14.66,0.01,27,39582,买盘
436,14:31:00,14.65,--,2,2930,卖盘
437,14:30:57,14.65,--,8,11720,卖盘
438,14:30:51,14.65,-0.02,11,16115,卖盘
439,14:30:48,14.67,0.01,1080,1584360,买盘
440,14:30:45,14.66,--,112,165364,卖盘
441,14:30:42,14.66,-0.01,37,54242,卖盘
442,14:30:39,14.67,0.01,31,45477,买盘
443,14:30:36,14.66,--,6,9089,卖盘
444,14:30:33,14.66,-0.01,24,35184,卖盘
445,14:30:30,14.67,0.01,50,73350,买盘
446,14:30:27,14.66,-0.01,21,30786,卖盘
447,14:30:24,14.67,--,1,1467,买盘
448,14:30:18,14.67,--,174,255258,买盘
449,14:30:15,14.67,-0.01,422,619734,卖盘
450,14:30:12,14.68,--,121,177628,卖盘
451,14:30:09,14.68,--,81,118937,卖盘
452,14:30:06,14.68,--,111,162948,卖盘
453,14:30:03,14.68,-0.01,16,23488,卖盘
454,14:29:57,14.69,--,61,89609,买盘
455,14:29:54,14.69,--,4,5876,买盘
456,14:29:51,14.69,0.01,1,1469,买盘
457,14:29:48,14.68,0.01,1,1468,中性盘
458,14:29:45,14.67,-0.01,66,96822,卖盘
459,14:29:42,14.68,-0.01,40,58720,卖盘
460,14:29:36,14.69,0.01,59,86671,买盘
461,14:29:33,14.68,--,13,19084,卖盘
462,14:29:30,14.68,--,5,7340,卖盘
463,14:29:24,14.68,--,149,218732,卖盘
464,14:29:21,14.68,-0.01,13,19084,卖盘
465,14:29:18,14.69,0.01,36,52884,买盘
466,14:29:15,14.68,-0.01,52,76336,卖盘
467,14:29:12,14.69,0.01,5,7345,买盘
468,14:29:09,14.68,--,13,19098,卖盘
469,14:29:06,14.68,--,91,133588,卖盘
470,14:29:03,14.68,-0.01,242,355256,卖盘
471,14:29:00,14.69,--,3,4407,买盘
472,14:28:54,14.69,--,1,1469,买盘
473,14:28:51,14.69,--,1,1469,买盘
474,14:28:48,14.69,--,36,54191,卖盘
475,14:28:45,14.69,--,148,217412,卖盘
476,14:28:39,14.69,-0.01,9,13221,卖盘
477,14:28:36,14.7,--,51,74970,买盘
478,14:28:33,14.7,0.01,1,1470,买盘
479,14:28:30,14.69,--,70,102830,卖盘
480,14:28:24,14.69,--,15,22196,买盘
481,14:28:21,14.69,--,11,17466,卖盘
482,14:28:18,14.69,--,63,92547,卖盘
483,14:28:15,14.69,--,32,47008,卖盘
484,14:28:12,14.69,-0.01,224,329129,卖盘
485,14:28:09,14.7,0.01,11,16170,买盘
486,14:28:03,14.69,-0.01,25,36725,卖盘
487,14:28:00,14.7,0.01,110,161700,买盘
488,14:27:54,14.69,-0.01,53,77857,卖盘
489,14:27:51,14.7,0.01,4,5880,买盘
490,14:27:42,14.69,--,18,26442,卖盘
491,14:27:36,14.69,-0.02,17,24973,卖盘
492,14:27:33,14.71,--,1,1471,买盘
493,14:27:30,14.71,0.01,79,116209,买盘
494,14:27:27,14.7,--,44,64680,卖盘
495,14:27:24,14.7,--,15,22050,卖盘
496,14:27:21,14.7,--,32,47040,卖盘
497,14:27:18,14.7,-0.01,261,383670,卖盘
498,14:27:15,14.71,0.01,193,283903,买盘
499,14:27:12,14.7,--,62,91140,卖盘
500,14:27:09,14.7,--,3,4410,卖盘
501,14:27:06,14.7,--,100,147000,卖盘
502,14:27:03,14.7,--,11,16170,卖盘
503,14:27:00,14.7,--,22,32340,卖盘
504,14:26:57,14.7,--,3,4410,卖盘
505,14:26:51,14.7,--,45,66150,卖盘
506,14:26:48,14.7,-0.01,68,99960,卖盘
507,14:26:45,14.71,0.01,1,1471,买盘
508,14:26:42,14.7,--,2,2940,卖盘
509,14:26:39,14.7,-0.01,10,14700,卖盘
510,14:26:33,14.71,0.01,1,1471,买盘
511,14:26:30,14.7,--,1,1470,卖盘
512,14:26:24,14.7,-0.02,256,377731,卖盘
513,14:26:21,14.72,--,34,50048,卖盘
514,14:26:18,14.72,--,25,36800,卖盘
515,14:26:15,14.72,--,15,22138,卖盘
516,14:26:12,14.72,--,92,135424,卖盘
517,14:26:09,14.72,--,53,78016,卖盘
518,14:26:06,14.72,--,76,111872,卖盘
519,14:26:03,14.72,--,8,11776,卖盘
520,14:26:00,14.72,--,50,73600,卖盘
521,14:25:57,14.72,--,7,10304,卖盘
522,14:25:54,14.72,0.01,2,2944,中性盘
523,14:25:48,14.71,-0.02,69,101499,卖盘
524,14:25:45,14.73,--,20,29460,买盘
525,14:25:42,14.73,0.02,109,160557,买盘
526,14:25:36,14.71,--,316,464836,卖盘
527,14:25:33,14.71,--,18,26478,卖盘
528,14:25:30,14.71,-0.02,14,20594,卖盘
529,14:25:27,14.73,--,293,431589,买盘
530,14:25:24,14.73,0.02,306,450738,买盘
531,14:25:21,14.71,--,20,29420,卖盘
532,14:25:18,14.71,--,15,23521,卖盘
533,14:25:15,14.71,--,11,16225,卖盘
534,14:25:12,14.71,-0.02,7,10297,卖盘
535,14:25:06,14.73,--,7,10311,卖盘
536,14:25:03,14.73,--,250,368250,卖盘
537,14:25:00,14.73,--,110,162030,卖盘
538,14:24:57,14.73,--,15,22095,卖盘
539,14:24:54,14.73,--,54,79542,卖盘
540,14:24:51,14.73,--,55,81015,卖盘
541,14:24:48,14.73,-0.01,93,136989,卖盘
542,14:24:45,14.74,0.01,3,4422,买盘
543,14:24:42,14.73,--,7,10311,卖盘
544,14:24:36,14.73,-0.01,2,2946,卖盘
545,14:24:33,14.74,0.01,11,16214,买盘
546,14:24:27,14.73,-0.01,49,72177,卖盘
547,14:24:24,14.74,--,47,70634,卖盘
548,14:24:21,14.74,-0.01,4,5896,卖盘
549,14:24:18,14.75,0.01,147,216943,买盘
550,14:24:15,14.74,-0.01,167,247573,卖盘
551,14:24:12,14.75,0.01,223,328925,买盘
552,14:24:09,14.74,--,6,8844,卖盘
553,14:24:06,14.74,--,8,11792,卖盘
554,14:24:03,14.74,--,18,26532,卖盘
555,14:24:00,14.74,-0.01,11,16214,卖盘
556,14:23:57,14.75,0.01,5,7375,买盘
557,14:23:54,14.74,--,115,169510,卖盘
558,14:23:51,14.74,--,28,41272,卖盘
559,14:23:48,14.74,-0.01,361,532114,卖盘
560,14:23:45,14.75,--,101,148975,买盘
561,14:23:42,14.75,0.01,61,89975,买盘
562,14:23:39,14.74,--,3,4422,卖盘
563,14:23:36,14.74,--,6,8844,卖盘
564,14:23:33,14.74,--,186,274164,卖盘
565,14:23:30,14.74,-0.01,68,100232,卖盘
566,14:23:27,14.75,0.01,48,70800,买盘
567,14:23:24,14.74,-0.01,207,305118,卖盘
568,14:23:21,14.75,0.01,117,172634,买盘
569,14:23:18,14.74,--,122,179828,卖盘
570,14:23:15,14.74,-0.01,32,47168,卖盘
571,14:23:12,14.75,0.01,10,14750,买盘
572,14:23:09,14.74,0.01,331,487894,中性盘
573,14:23:06,14.73,-0.01,302,444846,卖盘
574,14:23:03,14.74,0.01,84,123816,买盘
575,14:23:00,14.73,--,283,416859,卖盘
576,14:22:57,14.73,-0.01,46,67758,卖盘
577,14:22:54,14.74,0.01,111,163614,买盘
578,14:22:48,14.73,--,82,120786,卖盘
579,14:22:45,14.73,0.01,79,116367,买盘
580,14:22:39,14.72,--,4,5888,卖盘
581,14:22:36,14.72,--,12,17664,卖盘
582,14:22:33,14.72,-0.01,12,17664,卖盘
583,14:22:30,14.73,0.02,222,327006,买盘
584,14:22:27,14.71,-0.01,157,230947,卖盘
585,14:22:24,14.72,--,17,25951,卖盘
586,14:22:21,14.72,0.01,131,193420,买盘
587,14:22:18,14.71,--,130,191230,卖盘
588,14:22:15,14.71,0.01,35,51485,买盘
589,14:22:12,14.7,-0.01,4,5880,卖盘
590,14:22:09,14.71,-0.01,5,7355,中性盘
591,14:22:06,14.72,0.01,46,67712,买盘
592,14:22:03,14.71,0.01,1,1471,中性盘
593,14:22:00,14.7,-0.01,622,914340,卖盘
594,14:21:57,14.71,--,52,76492,卖盘
595,14:21:54,14.71,--,23,33833,卖盘
596,14:21:51,14.71,-0.02,35,51485,卖盘
597,14:21:48,14.73,0.02,12,17676,买盘
598,14:21:42,14.71,-0.01,1092,1606332,卖盘
599,14:21:39,14.72,--,96,141312,买盘
600,14:21:36,14.72,0.01,1,1472,买盘
601,14:21:33,14.71,--,15,22065,卖盘
602,14:21:30,14.71,--,12,17652,卖盘
603,14:21:24,14.71,--,350,514908,卖盘
604,14:21:21,14.71,--,28,41188,卖盘
605,14:21:15,14.71,--,24,35304,卖盘
606,14:21:12,14.71,-0.01,50,73550,卖盘
607,14:21:09,14.72,0.01,30,44160,买盘
608,14:21:06,14.71,-0.01,36,52956,卖盘
609,14:21:03,14.72,--,4,5888,买盘
610,14:21:00,14.72,0.01,12,17664,买盘
611,14:20:57,14.71,0.01,238,350098,买盘
612,14:20:54,14.7,--,33,48510,卖盘
613,14:20:51,14.7,0.01,103,151410,买盘
614,14:20:48,14.69,-0.01,6,8814,中性盘
615,14:20:45,14.7,--,10,14700,卖盘
616,14:20:42,14.7,0.02,57,83790,买盘
617,14:20:36,14.68,--,35,51380,卖盘
618,14:20:33,14.68,-0.01,138,202584,卖盘
619,14:20:30,14.69,--,23,34550,买盘
620,14:20:27,14.69,--,30,44070,买盘
621,14:20:24,14.69,0.01,272,399568,买盘
622,14:20:21,14.68,-0.01,338,496888,卖盘
623,14:20:18,14.69,--,1041,1529229,卖盘
624,14:20:15,14.69,-0.01,12,17628,卖盘
625,14:20:12,14.7,0.01,55,80850,买盘
626,14:20:09,14.69,-0.01,39,57291,卖盘
627,14:20:00,14.7,0.01,1,1470,买盘
628,14:19:57,14.69,-0.01,256,376064,卖盘
629,14:19:54,14.7,--,101,148470,买盘
630,14:19:48,14.7,--,4,6762,买盘
631,14:19:45,14.7,--,10,14700,买盘
632,14:19:42,14.7,--,150,220500,买盘
633,14:19:39,14.7,0.01,1,1470,买盘
634,14:19:36,14.69,-0.01,52,76388,卖盘
635,14:19:33,14.7,--,160,235229,买盘
636,14:19:24,14.7,--,73,107310,卖盘
637,14:19:21,14.7,--,4,5880,卖盘
638,14:19:18,14.7,-0.01,103,151410,中性盘
639,14:19:15,14.71,0.01,221,325414,买盘
640,14:19:12,14.7,-0.01,80,117600,卖盘
641,14:19:06,14.71,0.01,341,501611,买盘
642,14:19:03,14.7,-0.01,163,239610,卖盘
643,14:19:00,14.71,0.01,20,29420,买盘
644,14:18:57,14.7,--,31,45570,卖盘
645,14:18:54,14.7,--,97,143692,卖盘
646,14:18:48,14.7,--,3,4410,卖盘
647,14:18:45,14.7,--,27,39690,卖盘
648,14:18:42,14.7,--,25,36750,卖盘
649,14:18:39,14.7,-0.01,29,42630,卖盘
650,14:18:33,14.71,0.01,6,8826,买盘
651,14:18:30,14.7,--,35,51494,卖盘
652,14:18:27,14.7,--,36,52920,卖盘
653,14:18:24,14.7,--,15,22050,卖盘
654,14:18:21,14.7,-0.01,10,14700,卖盘
655,14:18:18,14.71,0.01,6,8826,买盘
656,14:18:15,14.7,--,151,221970,卖盘
657,14:18:12,14.7,-0.01,1,1470,卖盘
658,14:18:09,14.71,0.02,10,14710,买盘
659,14:18:06,14.69,-0.01,10,14690,卖盘
660,14:18:03,14.7,-0.01,170,249900,卖盘
661,14:18:00,14.71,-0.01,39,57369,卖盘
662,14:17:57,14.72,0.01,51,75072,买盘
663,14:17:54,14.71,--,6,8826,卖盘
664,14:17:51,14.71,--,6,8826,卖盘
665,14:17:48,14.71,--,50,73550,卖盘
666,14:17:45,14.71,--,68,100028,卖盘
667,14:17:39,14.71,0.01,16,23536,中性盘
668,14:17:36,14.7,-0.01,623,915810,卖盘
669,14:17:33,14.71,--,5,7355,卖盘
670,14:17:30,14.71,--,83,122107,卖盘
671,14:17:27,14.71,--,40,58840,卖盘
672,14:17:24,14.71,0.01,103,151513,买盘
673,14:17:21,14.7,-0.02,40,59682,卖盘
674,14:17:18,14.72,0.02,353,519616,买盘
675,14:17:15,14.7,-0.01,233,342510,卖盘
676,14:17:12,14.71,--,9,13239,买盘
677,14:17:09,14.71,0.01,65,95615,买盘
678,14:17:06,14.7,-0.01,105,154350,卖盘
679,14:17:03,14.71,--,5,7355,卖盘
680,14:17:00,14.71,--,25,36775,卖盘
681,14:16:57,14.71,0.01,20,29420,中性盘
682,14:16:51,14.7,--,3,4410,卖盘
683,14:16:48,14.7,--,288,423360,卖盘
684,14:16:42,14.7,--,138,202860,卖盘
685,14:16:39,14.7,--,261,383670,卖盘
686,14:16:36,14.7,--,59,86730,卖盘
687,14:16:33,14.7,--,121,177899,卖盘
688,14:16:30,14.7,-0.01,1000,1470000,卖盘
689,14:16:27,14.71,0.01,3,4413,买盘
690,14:16:21,14.7,--,24,35280,卖盘
691,14:16:18,14.7,--,24,35280,卖盘
692,14:16:15,14.7,-0.01,26,38220,卖盘
693,14:16:12,14.71,-0.03,50,73550,卖盘
694,14:16:09,14.74,0.03,25,36850,中性盘
695,14:16:03,14.71,--,23,33833,卖盘
696,14:16:00,14.71,-0.02,146,214766,卖盘
697,14:15:57,14.73,--,23,33879,卖盘
698,14:15:54,14.73,--,24,35352,卖盘
699,14:15:51,14.73,-0.02,201,296073,卖盘
700,14:15:48,14.75,--,211,312508,卖盘
701,14:15:45,14.75,--,143,210925,卖盘
702,14:15:42,14.75,--,193,284675,卖盘
703,14:15:39,14.75,--,53,78175,卖盘
704,14:15:36,14.75,--,79,116525,卖盘
705,14:15:33,14.75,--,53,78219,卖盘
706,14:15:30,14.75,--,343,505925,卖盘
707,14:15:27,14.75,--,133,196175,卖盘
708,14:15:24,14.75,--,9,13275,卖盘
709,14:15:21,14.75,--,48,70800,卖盘
710,14:15:18,14.75,--,211,311225,卖盘
711,14:15:15,14.75,--,25,36875,卖盘
712,14:15:12,14.75,--,201,296475,卖盘
713,14:15:09,14.75,-0.01,486,716850,卖盘
714,14:15:06,14.76,0.01,98,144648,中性盘
715,14:15:00,14.75,-0.02,161,238345,卖盘
716,14:14:57,14.77,0.01,60,88620,买盘
717,14:14:54,14.76,0.01,348,513648,卖盘
718,14:14:51,14.75,--,196,289100,卖盘
719,14:14:48,14.75,-0.01,409,603275,卖盘
720,14:14:45,14.76,--,225,332100,买盘
721,14:14:42,14.76,0.01,106,156456,买盘
722,14:14:39,14.75,-0.01,30,44250,卖盘
723,14:14:36,14.76,0.01,193,284897,买盘
724,14:14:33,14.75,-0.01,7,10325,卖盘
725,14:14:30,14.76,0.01,682,1006632,买盘
726,14:14:27,14.75,-0.01,66,97350,卖盘
727,14:14:24,14.76,0.03,775,1144623,买盘
728,14:14:21,14.73,--,32,47136,卖盘
729,14:14:18,14.73,--,106,156138,卖盘
730,14:14:15,14.73,--,113,166449,卖盘
731,14:14:12,14.73,-0.01,25,36825,中性盘
732,14:14:09,14.74,0.01,102,150348,买盘
733,14:14:06,14.73,0.01,53,78069,买盘
734,14:14:03,14.72,--,29,42688,卖盘
735,14:14:00,14.72,-0.01,23,33856,卖盘
736,14:13:57,14.73,--,3,4419,买盘
737,14:13:51,14.73,0.01,1,1473,买盘
738,14:13:48,14.72,--,1,1472,卖盘
739,14:13:45,14.72,--,12,17664,卖盘
740,14:13:42,14.72,-0.02,20,29440,卖盘
741,14:13:39,14.74,0.02,192,283066,买盘
742,14:13:36,14.72,-0.02,1,1472,中性盘
743,14:13:33,14.74,--,5,7370,买盘
744,14:13:30,14.74,0.03,283,417142,买盘
745,14:13:27,14.71,--,5,7355,卖盘
746,14:13:24,14.71,--,46,67666,买盘
747,14:13:21,14.71,0.01,49,72079,中性盘
748,14:13:18,14.7,--,26,38220,卖盘
749,14:13:15,14.7,-0.02,229,336630,卖盘
750,14:13:12,14.72,0.01,34,50048,买盘
751,14:13:06,14.71,-0.02,15,22065,买盘
752,14:13:03,14.73,0.03,28,41244,买盘
753,14:13:00,14.7,-0.01,32,47040,卖盘
754,14:12:57,14.71,0.01,208,305968,买盘
755,14:12:51,14.7,-0.01,1,1470,卖盘
756,14:12:48,14.71,-0.02,125,184433,卖盘
757,14:12:39,14.73,0.02,37,54501,中性盘
758,14:12:33,14.71,-0.02,671,987041,卖盘
759,14:12:30,14.73,--,25,36825,卖盘
760,14:12:27,14.73,-0.01,280,412440,卖盘
761,14:12:24,14.74,--,1,1474,买盘
762,14:12:18,14.74,--,13,19162,买盘
763,14:12:15,14.74,0.01,23,34491,买盘
764,14:12:12,14.73,-0.02,115,170823,卖盘
765,14:12:09,14.75,--,33,48675,卖盘
766,14:12:06,14.75,0.01,268,395344,买盘
767,14:12:03,14.74,--,20,29480,卖盘
768,14:12:00,14.74,-0.01,104,153296,卖盘
769,14:11:57,14.75,0.01,147,216825,买盘
770,14:11:54,14.74,--,5,7370,卖盘
771,14:11:51,14.74,-0.01,30,44220,卖盘
772,14:11:48,14.75,0.02,107,157825,买盘
773,14:11:45,14.73,-0.01,155,229743,卖盘
774,14:11:42,14.74,-0.01,55,81114,卖盘
775,14:11:39,14.75,0.01,441,650475,买盘
776,14:11:33,14.74,--,18,26532,卖盘
777,14:11:30,14.74,--,50,73700,买盘
778,14:11:27,14.74,--,29,42746,卖盘
779,14:11:24,14.74,--,24,35376,卖盘
780,14:11:21,14.74,--,42,61908,卖盘
781,14:11:18,14.74,-0.01,115,169510,卖盘
782,14:11:15,14.75,--,19,28025,买盘
783,14:11:12,14.75,0.01,43,63425,买盘
784,14:11:09,14.74,--,44,64856,卖盘
785,14:11:06,14.74,-0.01,36,53064,卖盘
786,14:11:03,14.75,0.01,132,194700,买盘
787,14:11:00,14.74,--,53,78122,卖盘
788,14:10:57,14.74,--,52,76648,买盘
789,14:10:54,14.74,0.01,2,2948,买盘
790,14:10:51,14.73,--,1,1767,卖盘
791,14:10:48,14.73,--,19,27987,卖盘
792,14:10:45,14.73,-0.02,34,50082,卖盘
793,14:10:42,14.75,--,19,28054,买盘
794,14:10:39,14.75,0.01,15,22125,买盘
795,14:10:36,14.74,-0.01,1,1474,买盘
796,14:10:33,14.75,--,224,330400,卖盘
797,14:10:30,14.75,-0.01,27,39825,卖盘
798,14:10:27,14.76,0.01,135,199260,买盘
799,14:10:24,14.75,--,161,237475,卖盘
800,14:10:21,14.75,--,52,76700,卖盘
801,14:10:18,14.75,--,68,100300,卖盘
802,14:10:15,14.75,--,15,22125,卖盘
803,14:10:12,14.75,--,2,2950,卖盘
804,14:10:09,14.75,--,6,8850,卖盘
805,14:10:06,14.75,-0.01,10,14750,卖盘
806,14:10:03,14.76,-0.01,20,29520,中性盘
807,14:10:00,14.77,0.01,295,435715,买盘
808,14:09:57,14.76,--,194,286344,卖盘
809,14:09:54,14.76,--,14,20664,卖盘
810,14:09:51,14.76,--,11,16236,卖盘
811,14:09:48,14.76,--,30,44280,卖盘
812,14:09:45,14.76,-0.01,21,30996,卖盘
813,14:09:39,14.77,--,62,91574,卖盘
814,14:09:36,14.77,--,13,19201,卖盘
815,14:09:33,14.77,--,78,115206,卖盘
816,14:09:30,14.77,-0.02,38,56126,卖盘
817,14:09:27,14.79,--,74,109446,买盘
818,14:09:24,14.79,--,34,50286,买盘
819,14:09:21,14.79,--,64,94656,买盘
820,14:09:18,14.79,--,65,96135,买盘
821,14:09:15,14.79,--,27,39933,买盘
822,14:09:09,14.79,--,15,22185,买盘
823,14:09:06,14.79,0.01,235,347565,买盘
824,14:09:03,14.78,-0.01,35,53178,卖盘
825,14:09:00,14.79,-0.01,219,323901,卖盘
826,14:08:57,14.8,0.01,58,85840,买盘
827,14:08:54,14.79,--,617,912543,卖盘
828,14:08:51,14.79,-0.01,45,66555,卖盘
829,14:08:48,14.8,0.01,123,182069,买盘
830,14:08:45,14.79,-0.01,93,137547,卖盘
831,14:08:42,14.8,0.01,100,148000,买盘
832,14:08:39,14.79,--,181,267699,卖盘
833,14:08:36,14.79,--,155,229245,卖盘
834,14:08:33,14.79,-0.01,192,283968,卖盘
835,14:08:30,14.8,--,13,19240,买盘
836,14:08:27,14.8,0.01,53,78440,买盘
837,14:08:24,14.79,-0.01,54,79866,卖盘
838,14:08:21,14.8,--,80,118400,卖盘
839,14:08:18,14.8,-0.01,111,164280,卖盘
840,14:08:15,14.81,0.03,84,124404,买盘
841,14:08:12,14.78,-0.02,139,205442,卖盘
842,14:08:09,14.8,-0.01,107,158360,卖盘
843,14:08:06,14.81,--,20,29620,买盘
844,14:08:03,14.81,0.03,255,377655,买盘
845,14:08:00,14.78,--,93,137454,卖盘
846,14:07:57,14.78,-0.01,323,477985,卖盘
847,14:07:54,14.79,0.03,1328,1964999,买盘
848,14:07:51,14.76,0.01,97,143172,中性盘
849,14:07:48,14.75,-0.04,84,123944,卖盘
850,14:07:45,14.79,0.03,2468,3650172,买盘
851,14:07:42,14.76,0.01,58,85608,买盘
852,14:07:39,14.75,-0.01,128,188800,卖盘
853,14:07:36,14.76,--,152,224352,买盘
854,14:07:33,14.76,0.03,2405,3550075,买盘
855,14:07:30,14.73,--,54,79542,买盘
856,14:07:27,14.73,0.02,651,959217,买盘
857,14:07:24,14.71,0.01,74,108854,买盘
858,14:07:21,14.7,--,30,44100,卖盘
859,14:07:18,14.7,0.03,2160,3175596,买盘
860,14:07:15,14.67,-0.02,53,77751,卖盘
861,14:07:12,14.69,0.02,48,70512,买盘
862,14:07:09,14.67,0.02,997,1462599,中性盘
863,14:07:06,14.65,-0.03,71,104015,卖盘
864,14:07:03,14.68,0.03,1130,1658840,买盘
865,14:07:00,14.65,0.02,45,67097,买盘
866,14:06:57,14.63,-0.04,41,59983,中性盘
867,14:06:54,14.67,--,26,38142,买盘
868,14:06:51,14.67,0.06,1000,1467000,买盘
869,14:06:48,14.61,-0.02,115,168058,卖盘
870,14:06:45,14.63,-0.01,59,86317,中性盘
871,14:06:39,14.64,0.02,1000,1464000,买盘
872,14:06:36,14.62,--,3,4386,买盘
873,14:06:30,14.62,-0.01,39,57018,卖盘
874,14:06:27,14.63,0.01,11,16093,买盘
875,14:06:24,14.62,--,67,97954,卖盘
876,14:06:21,14.62,-0.01,52,76024,卖盘
877,14:06:18,14.63,--,31,45353,卖盘
878,14:06:15,14.63,--,158,231154,买盘
879,14:06:12,14.63,--,100,146300,卖盘
880,14:06:09,14.63,--,11,16093,卖盘
881,14:06:06,14.63,--,11,16093,卖盘
882,14:06:03,14.63,--,45,65835,买盘
883,14:06:00,14.63,--,101,148655,卖盘
884,14:05:57,14.63,--,38,55594,卖盘
885,14:05:54,14.63,-0.01,35,51205,卖盘
886,14:05:51,14.64,0.01,21,31314,买盘
887,14:05:48,14.63,--,40,58520,卖盘
888,14:05:45,14.63,-0.01,36,52668,卖盘
889,14:05:42,14.64,--,63,92232,买盘
890,14:05:39,14.64,--,76,111264,买盘
891,14:05:36,14.64,--,16,23424,买盘
892,14:05:33,14.64,--,60,87840,买盘
893,14:05:30,14.64,--,90,131760,买盘
894,14:05:27,14.64,--,50,73200,买盘
895,14:05:24,14.64,--,69,101016,卖盘
896,14:05:21,14.64,-0.01,466,682224,卖盘
897,14:05:18,14.65,--,380,556700,卖盘
898,14:05:15,14.65,0.01,514,753010,买盘
899,14:05:12,14.64,-0.01,13,19032,卖盘
900,14:05:09,14.65,0.01,24,35160,买盘
901,14:05:06,14.64,-0.01,433,633912,卖盘
902,14:05:03,14.65,0.02,554,811610,买盘
903,14:05:00,14.63,--,6,8778,卖盘
904,14:04:57,14.63,-0.01,1262,1846306,卖盘
905,14:04:54,14.64,--,180,263520,买盘
906,14:04:51,14.64,0.01,121,177144,买盘
907,14:04:48,14.63,0.01,100,146300,买盘
908,14:04:45,14.62,--,22,32164,卖盘
909,14:04:42,14.62,--,234,342108,买盘
910,14:04:39,14.62,0.01,370,540940,买盘
911,14:04:36,14.61,--,58,84738,买盘
912,14:04:33,14.61,0.01,246,360472,买盘
913,14:04:30,14.6,--,351,512460,买盘
914,14:04:27,14.6,0.01,325,474500,买盘
915,14:04:24,14.59,--,60,87540,卖盘
916,14:04:21,14.59,0.01,330,482345,买盘
917,14:04:18,14.58,0.01,360,524880,买盘
918,14:04:15,14.57,--,30,43710,卖盘
919,14:04:12,14.57,--,22,32054,卖盘
920,14:04:09,14.57,--,14,20398,卖盘
921,14:04:06,14.57,--,148,215636,卖盘
922,14:04:00,14.57,--,123,179211,买盘
923,14:03:57,14.57,0.01,13,18941,中性盘
924,14:03:54,14.56,-0.02,62,90272,卖盘
925,14:03:51,14.58,--,43,62694,买盘
926,14:03:48,14.58,0.01,89,129762,中性盘
927,14:03:45,14.57,-0.01,42,61194,卖盘
928,14:03:42,14.58,--,32,46656,卖盘
929,14:03:39,14.58,0.01,150,218700,买盘
930,14:03:36,14.57,--,56,81592,买盘
931,14:03:27,14.57,-0.01,29,42253,卖盘
932,14:03:24,14.58,--,250,364500,买盘
933,14:03:21,14.58,--,84,122472,买盘
934,14:03:18,14.58,0.01,52,75816,买盘
935,14:03:15,14.57,-0.01,333,485181,卖盘
936,14:03:12,14.58,--,29,42282,卖盘
937,14:03:09,14.58,0.01,87,126846,买盘
938,14:03:06,14.57,-0.02,10,14570,卖盘
939,14:03:03,14.59,0.01,173,252407,买盘
940,14:03:00,14.58,--,1,1458,买盘
941,14:02:57,14.58,--,26,37908,买盘
942,14:02:54,14.58,-0.01,2,2916,卖盘
943,14:02:48,14.59,0.01,7,10213,买盘
944,14:02:45,14.58,--,25,36450,卖盘
945,14:02:42,14.58,-0.02,112,163296,卖盘
946,14:02:39,14.6,--,169,246740,买盘
947,14:02:36,14.6,--,200,292000,买盘
948,14:02:33,14.6,0.01,37,54020,买盘
949,14:02:27,14.59,--,16,23344,卖盘
950,14:02:21,14.59,-0.01,30,43770,卖盘
951,14:02:18,14.6,--,219,320134,卖盘
952,14:02:15,14.6,--,71,103660,卖盘
953,14:02:12,14.6,--,15,21900,卖盘
954,14:02:09,14.6,-0.01,5,7300,卖盘
955,14:02:06,14.61,0.01,293,428073,买盘
956,14:02:03,14.6,--,5,7300,卖盘
957,14:01:57,14.6,-0.01,7,10935,卖盘
958,14:01:54,14.61,-0.01,20,29220,中性盘
959,14:01:48,14.62,--,16,23392,买盘
960,14:01:45,14.62,--,38,55556,买盘
961,14:01:42,14.62,-0.01,22,32164,买盘
962,14:01:39,14.63,0.01,271,397877,买盘
963,14:01:36,14.62,--,325,475208,卖盘
964,14:01:33,14.62,--,64,93568,卖盘
965,14:01:27,14.62,--,15,21930,卖盘
966,14:01:24,14.62,--,104,152048,卖盘
967,14:01:21,14.62,--,41,59942,卖盘
968,14:01:18,14.62,--,5,7310,卖盘
969,14:01:15,14.62,-0.01,1,1462,卖盘
970,14:01:12,14.63,0.01,58,84854,买盘
971,14:01:09,14.62,--,87,127194,买盘
972,14:01:06,14.62,0.01,3,4386,中性盘
973,14:01:03,14.61,-0.02,215,314115,卖盘
974,14:01:00,14.63,0.02,219,321479,买盘
975,14:00:57,14.61,-0.01,6,8766,卖盘
976,14:00:54,14.62,-0.02,31,45322,中性盘
977,14:00:51,14.64,0.02,931,1362984,买盘
978,14:00:48,14.62,0.01,74,108919,买盘
979,14:00:45,14.61,-0.01,133,194313,卖盘
980,14:00:42,14.62,--,9,13158,卖盘
981,14:00:39,14.62,--,83,121346,买盘
982,14:00:36,14.62,-0.02,17,24854,中性盘
983,14:00:33,14.64,0.02,26,38064,买盘
984,14:00:30,14.62,--,388,567256,卖盘
985,14:00:27,14.62,--,1,1462,卖盘
986,14:00:24,14.62,-0.02,60,87720,卖盘
987,14:00:18,14.64,-0.01,19,27816,卖盘
988,14:00:15,14.65,--,317,464405,买盘
989,14:00:12,14.65,--,14,20510,买盘
990,14:00:06,14.65,--,151,222621,卖盘
991,14:00:03,14.65,--,860,1259900,卖盘
992,14:00:00,14.65,--,107,156784,卖盘
993,13:59:57,14.65,--,723,1059195,卖盘
994,13:59:54,14.65,--,422,618230,卖盘
995,13:59:51,14.65,--,453,663645,卖盘
996,13:59:48,14.65,-0.01,1,1465,卖盘
997,13:59:45,14.66,--,112,164192,卖盘
998,13:59:42,14.66,--,129,189114,卖盘
999,13:59:39,14.66,--,197,288802,买盘
1000,13:59:36,14.66,--,95,139270,买盘
1001,13:59:33,14.66,--,164,240424,买盘
1002,13:59:30,14.66,--,8,11728,买盘
1003,13:59:27,14.66,0.01,50,73300,买盘
1004,13:59:24,14.65,-0.01,414,606510,卖盘
1005,13:59:21,14.66,-0.02,116,171155,卖盘
1006,13:59:18,14.68,0.01,224,328832,买盘
1007,13:59:15,14.67,--,13,19071,卖盘
1008,13:59:12,14.67,-0.01,177,259659,卖盘
1009,13:59:09,14.68,--,73,107164,买盘
1010,13:59:06,14.68,--,96,141515,买盘
1011,13:59:03,14.68,--,256,375808,卖盘
1012,13:59:00,14.68,0.01,380,557840,买盘
1013,13:58:57,14.67,--,1861,2730101,卖盘
1014,13:58:54,14.67,--,375,550125,卖盘
1015,13:58:51,14.67,0.02,968,1421288,买盘
1016,13:58:48,14.65,--,1066,1561690,卖盘
1017,13:58:45,14.65,--,15,21975,卖盘
1018,13:58:42,14.65,--,89,130385,卖盘
1019,13:58:39,14.65,0.01,1359,1990964,买盘
1020,13:58:36,14.64,0.03,13,19032,买盘
1021,13:58:33,14.61,--,42,61362,卖盘
1022,13:58:30,14.61,-0.04,289,423660,卖盘
1023,13:58:27,14.65,-0.01,128,187520,卖盘
1024,13:58:24,14.66,0.02,806,1181625,买盘
1025,13:58:21,14.64,-0.01,38,55632,中性盘
1026,13:58:18,14.65,--,1129,1653985,买盘
1027,13:58:15,14.65,0.01,94,137710,买盘
1028,13:58:12,14.64,-0.01,308,452346,卖盘
1029,13:58:09,14.65,-0.01,341,499565,卖盘
1030,13:58:06,14.66,0.01,37,54271,买盘
1031,13:58:03,14.65,--,426,624090,卖盘
1032,13:58:00,14.65,-0.02,49,71785,卖盘
1033,13:57:57,14.67,--,252,369684,买盘
1034,13:57:54,14.67,--,89,130563,买盘
1035,13:57:51,14.67,--,139,203913,买盘
1036,13:57:48,14.67,0.02,256,375552,买盘
1037,13:57:45,14.65,-0.02,322,471730,卖盘
1038,13:57:42,14.67,0.02,77,112959,买盘
1039,13:57:39,14.65,0.03,1384,2027560,买盘
1040,13:57:36,14.62,--,372,543864,卖盘
1041,13:57:33,14.62,0.01,265,387430,中性盘
1042,13:57:30,14.61,0.01,1051,1535511,买盘
1043,13:57:27,14.6,-0.01,42,61320,卖盘
1044,13:57:24,14.61,0.01,131,191391,买盘
1045,13:57:21,14.6,--,15,21900,卖盘
1046,13:57:18,14.6,0.04,4499,6569416,买盘
1047,13:57:15,14.56,--,136,198016,买盘
1048,13:57:12,14.56,0.01,69,100464,买盘
1049,13:57:09,14.55,--,16,23280,卖盘
1050,13:57:06,14.55,--,37,53849,卖盘
1051,13:57:03,14.55,0.03,3705,5391124,买盘
1052,13:57:00,14.52,--,19,27588,卖盘
1053,13:56:57,14.52,--,48,69696,卖盘
1054,13:56:54,14.52,--,30,43560,卖盘
1055,13:56:51,14.52,--,7,10164,卖盘
1056,13:56:48,14.52,-0.01,52,75504,买盘
1057,13:56:42,14.53,0.01,53,77256,买盘
1058,13:56:39,14.52,--,32,46464,卖盘
1059,13:56:36,14.52,--,19,27588,卖盘
1060,13:56:33,14.52,--,52,75504,卖盘
1061,13:56:30,14.52,--,26,37752,卖盘
1062,13:56:27,14.52,--,50,72600,卖盘
1063,13:56:24,14.52,0.02,347,505049,买盘
1064,13:56:21,14.5,--,5,7250,卖盘
1065,13:56:18,14.5,--,5,7250,卖盘
1066,13:56:15,14.5,--,317,459650,卖盘
1067,13:56:12,14.5,-0.02,30,43500,卖盘
1068,13:56:06,14.52,--,58,84216,买盘
1069,13:56:03,14.52,--,103,149875,卖盘
1070,13:56:00,14.52,-0.01,174,252648,卖盘
1071,13:55:57,14.53,0.01,50,72650,买盘
1072,13:55:54,14.52,--,16,23232,卖盘
1073,13:55:51,14.52,--,25,36300,卖盘
1074,13:55:48,14.52,--,54,78408,卖盘
1075,13:55:45,14.52,--,206,299112,卖盘
1076,13:55:42,14.52,--,55,80992,卖盘
1077,13:55:39,14.52,--,6,8712,卖盘
1078,13:55:36,14.52,--,36,52272,卖盘
1079,13:55:33,14.52,-0.02,5,7260,卖盘
1080,13:55:30,14.54,0.01,369,536526,买盘
1081,13:55:27,14.53,--,245,355985,卖盘
1082,13:55:24,14.53,--,7,10171,卖盘
1083,13:55:21,14.53,-0.01,30,43590,卖盘
1084,13:55:18,14.54,--,5,7270,买盘
1085,13:55:15,14.54,--,12,17448,买盘
1086,13:55:12,14.54,0.01,30,43620,买盘
1087,13:55:09,14.53,-0.02,349,507097,卖盘
1088,13:55:06,14.55,--,240,349200,买盘
1089,13:55:03,14.55,0.01,139,202245,买盘
1090,13:55:00,14.54,-0.01,1,1454,卖盘
1091,13:54:57,14.55,0.01,36,52380,买盘
1092,13:54:54,14.54,-0.01,69,100326,中性盘
1093,13:54:51,14.55,--,535,778425,买盘
1094,13:54:48,14.55,0.03,57,82935,买盘
1095,13:54:45,14.52,-0.02,432,627264,卖盘
1096,13:54:42,14.54,-0.01,189,274806,中性盘
1097,13:54:39,14.55,--,103,149865,买盘
1098,13:54:36,14.55,0.03,155,225525,买盘
1099,13:54:33,14.52,0.01,244,354288,买盘
1100,13:54:30,14.51,-0.04,170,246670,卖盘
1101,13:54:27,14.55,0.02,1494,2173770,买盘
1102,13:54:24,14.53,0.01,40,58120,买盘
1103,13:54:21,14.52,-0.01,30,43560,中性盘
1104,13:54:18,14.53,0.02,496,720688,买盘
1105,13:54:15,14.51,0.01,217,314867,买盘
1106,13:54:12,14.5,0.01,3057,4433578,买盘
1107,13:54:09,14.49,-0.01,69,100024,买盘
1108,13:54:06,14.5,0.03,2189,3174050,买盘
1109,13:54:03,14.47,-0.01,63,91161,卖盘
1110,13:54:00,14.48,--,33,47784,买盘
1111,13:53:57,14.48,0.01,300,434400,买盘
1112,13:53:54,14.47,-0.01,204,295188,卖盘
1113,13:53:51,14.48,0.01,917,1328467,买盘
1114,13:53:45,14.47,--,30,43410,买盘
1115,13:53:42,14.47,0.01,34,49198,买盘
1116,13:53:39,14.46,0.01,467,675282,买盘
1117,13:53:36,14.45,--,4,5780,卖盘
1118,13:53:33,14.45,--,2,2890,卖盘
1119,13:53:30,14.45,0.01,659,952413,买盘
1120,13:53:27,14.44,--,25,36100,卖盘
1121,13:53:24,14.44,0.01,11,15884,买盘
1122,13:53:21,14.43,-0.01,1005,1450215,卖盘
1123,13:53:18,14.44,--,1,1444,买盘
1124,13:53:12,14.44,-0.01,70,101108,中性盘
1125,13:53:06,14.45,0.02,197,284665,买盘
1126,13:53:03,14.43,-0.01,10,14430,中性盘
1127,13:53:00,14.44,0.03,317,457748,买盘
1128,13:52:54,14.41,-0.03,150,216150,卖盘
1129,13:52:51,14.44,0.02,560,808640,买盘
1130,13:52:42,14.42,-0.02,19,27398,中性盘
1131,13:52:36,14.44,0.03,173,249812,买盘
1132,13:52:33,14.41,--,11,15851,卖盘
1133,13:52:30,14.41,-0.01,54,77814,卖盘
1134,13:52:27,14.42,--,34,49028,卖盘
1135,13:52:24,14.42,-0.01,34,49028,中性盘
1136,13:52:18,14.43,0.01,305,440115,买盘
1137,13:52:15,14.42,--,21,30325,买盘
1138,13:52:12,14.42,0.01,80,115360,中性盘
1139,13:52:09,14.41,-0.02,5,7205,卖盘
1140,13:52:00,14.43,--,74,106782,买盘
1141,13:51:57,14.43,0.02,38,54834,买盘
1142,13:51:54,14.41,--,73,105193,卖盘
1143,13:51:51,14.41,-0.02,54,77814,卖盘
1144,13:51:45,14.43,-0.01,1,1443,买盘
1145,13:51:42,14.44,--,201,290244,买盘
1146,13:51:36,14.44,0.01,277,399988,买盘
1147,13:51:33,14.43,--,5,7215,买盘
1148,13:51:27,14.43,0.02,13,18759,买盘
1149,13:51:24,14.41,--,6,8646,卖盘
1150,13:51:21,14.41,0.01,16,23056,中性盘
1151,13:51:15,14.4,-0.04,15,21643,卖盘
1152,13:51:12,14.44,--,36,51984,买盘
1153,13:51:06,14.44,0.04,25,36100,买盘
1154,13:51:03,14.4,0.01,12,17280,中性盘
1155,13:51:00,14.39,-0.01,59,84901,卖盘
1156,13:50:57,14.4,-0.03,38,54720,卖盘
1157,13:50:54,14.43,--,33,47619,买盘
1158,13:50:51,14.43,--,48,69264,买盘
1159,13:50:48,14.43,0.03,253,365079,买盘
1160,13:50:45,14.4,--,28,40320,卖盘
1161,13:50:42,14.4,-0.01,8,11520,中性盘
1162,13:50:39,14.41,--,51,73491,买盘
1163,13:50:33,14.41,0.03,305,439505,买盘
1164,13:50:30,14.38,-0.01,389,559382,卖盘
1165,13:50:27,14.39,0.01,25,35975,买盘
1166,13:50:24,14.38,0.01,139,199882,买盘
1167,13:50:21,14.37,-0.01,101,145137,卖盘
1168,13:50:18,14.38,--,48,69067,买盘
1169,13:50:15,14.38,--,67,96346,买盘
1170,13:50:12,14.38,0.01,85,122230,买盘
1171,13:50:06,14.37,--,89,127893,卖盘
1172,13:50:03,14.37,--,20,28740,卖盘
1173,13:50:00,14.37,-0.01,66,94842,卖盘
1174,13:49:54,14.38,--,1,1438,买盘
1175,13:49:45,14.38,--,554,796652,卖盘
1176,13:49:42,14.38,--,32,46016,卖盘
1177,13:49:39,14.38,--,37,53206,卖盘
1178,13:49:36,14.38,--,12,17256,卖盘
1179,13:49:27,14.38,--,21,30198,卖盘
1180,13:49:21,14.38,-0.01,12,17299,卖盘
1181,13:49:12,14.39,--,19,27341,买盘
1182,13:49:09,14.39,--,164,235996,卖盘
1183,13:49:06,14.39,--,19,27341,卖盘
1184,13:49:03,14.39,-0.01,12,17268,卖盘
1185,13:49:00,14.4,--,29,41760,买盘
1186,13:48:57,14.4,0.02,44,63360,买盘
1187,13:48:51,14.38,-0.01,57,81966,卖盘
1188,13:48:48,14.39,--,97,139583,卖盘
1189,13:48:45,14.39,-0.01,344,495591,中性盘
1190,13:48:42,14.4,--,19,27360,买盘
1191,13:48:36,14.4,0.02,29,41760,买盘
1192,13:48:30,14.38,-0.02,30,43140,卖盘
1193,13:48:27,14.4,--,353,508320,买盘
1194,13:48:24,14.4,--,182,262080,买盘
1195,13:48:21,14.4,--,30,43200,买盘
1196,13:48:18,14.4,-0.01,11,17150,卖盘
1197,13:48:15,14.41,--,983,1416503,卖盘
1198,13:48:12,14.41,--,30,43230,卖盘
1199,13:48:09,14.41,0.01,77,110957,买盘
1200,13:47:57,14.4,--,60,86400,卖盘
1201,13:47:54,14.4,-0.01,80,115200,卖盘
1202,13:47:51,14.41,--,123,177372,买盘
1203,13:47:48,14.41,--,4,5764,买盘
1204,13:47:45,14.41,0.01,28,40348,买盘
1205,13:47:42,14.4,-0.01,2,2880,卖盘
1206,13:47:39,14.41,0.01,1,1441,买盘
1207,13:47:36,14.4,-0.01,5,7200,卖盘
1208,13:47:33,14.41,--,170,246324,卖盘
1209,13:47:27,14.41,-0.01,50,72050,卖盘
1210,13:47:24,14.42,0.01,1,1442,买盘
1211,13:47:21,14.41,-0.01,14,20217,卖盘
1212,13:47:18,14.42,0.01,276,397992,买盘
1213,13:47:12,14.41,--,5,7205,卖盘
1214,13:47:09,14.41,--,2,2882,卖盘
1215,13:47:06,14.41,--,82,118162,卖盘
1216,13:47:03,14.41,-0.01,7,10087,卖盘
1217,13:47:00,14.42,0.01,42,60564,买盘
1218,13:46:57,14.41,--,25,36025,卖盘
1219,13:46:54,14.41,-0.01,10,14410,卖盘
1220,13:46:51,14.42,0.01,28,40376,买盘
1221,13:46:48,14.41,--,12,17292,卖盘
1222,13:46:45,14.41,-0.01,19,27379,卖盘
1223,13:46:39,14.42,--,1,1442,买盘
1224,13:46:36,14.42,0.01,10,14420,买盘
1225,13:46:33,14.41,-0.01,3,4323,卖盘
1226,13:46:27,14.42,--,4,7166,卖盘
1227,13:46:24,14.42,--,11,15905,卖盘
1228,13:46:21,14.42,-0.01,200,288400,卖盘
1229,13:46:18,14.43,--,64,92352,买盘
1230,13:46:15,14.43,--,28,40404,买盘
1231,13:46:12,14.43,--,1,1443,买盘
1232,13:46:09,14.43,--,207,298701,买盘
1233,13:46:03,14.43,--,38,54834,买盘
1234,13:46:00,14.43,0.01,127,183261,买盘
1235,13:45:57,14.42,--,30,43260,卖盘
1236,13:45:54,14.42,--,1,1442,卖盘
1237,13:45:42,14.42,-0.01,32,46144,卖盘
1238,13:45:39,14.43,-0.01,3,4646,卖盘
1239,13:45:36,14.44,-0.01,10,14440,买盘
1240,13:45:33,14.45,--,182,262990,买盘
1241,13:45:27,14.45,0.02,316,456620,买盘
1242,13:45:24,14.43,-0.01,25,37200,卖盘
1243,13:45:18,14.44,0.02,10,14440,买盘
1244,13:45:15,14.42,-0.02,9,12978,卖盘
1245,13:45:06,14.44,0.02,22,31768,买盘
1246,13:45:03,14.42,--,1,1442,卖盘
1247,13:45:00,14.42,-0.03,10,14420,卖盘
1248,13:44:57,14.45,--,5,7225,买盘
1249,13:44:51,14.45,--,35,50575,买盘
1250,13:44:48,14.45,0.04,32,46240,买盘
1251,13:44:45,14.41,-0.04,619,891979,卖盘
1252,13:44:42,14.45,--,18,26010,卖盘
1253,13:44:39,14.45,--,15,21675,卖盘
1254,13:44:33,14.45,--,110,158950,买盘
1255,13:44:30,14.45,0.01,19,27455,买盘
1256,13:44:27,14.44,-0.02,13,18815,卖盘
1257,13:44:24,14.46,0.02,582,841572,买盘
1258,13:44:21,14.44,-0.01,4,5776,卖盘
1259,13:44:18,14.45,--,112,162923,卖盘
1260,13:44:15,14.45,--,428,618460,卖盘
1261,13:44:12,14.45,--,695,1004275,卖盘
1262,13:44:09,14.45,--,41,60198,卖盘
1263,13:44:06,14.45,--,71,102595,卖盘
1264,13:44:03,14.45,0.02,742,1073042,买盘
1265,13:44:00,14.43,--,186,268398,卖盘
1266,13:43:57,14.43,-0.02,113,163059,卖盘
1267,13:43:54,14.45,0.02,449,648805,买盘
1268,13:43:48,14.43,-0.02,5,7215,卖盘
1269,13:43:45,14.45,0.01,1100,1589500,买盘
1270,13:43:42,14.44,0.01,11,15884,买盘
1271,13:43:39,14.43,--,10,14430,卖盘
1272,13:43:36,14.43,--,2,2886,卖盘
1273,13:43:33,14.43,--,1,1443,卖盘
1274,13:43:30,14.43,--,205,295815,买盘
1275,13:43:24,14.43,0.01,33,47619,买盘
1276,13:43:18,14.42,--,51,73542,卖盘
1277,13:43:15,14.42,--,29,41818,卖盘
1278,13:43:09,14.42,-0.01,4,5768,卖盘
1279,13:43:06,14.43,0.01,126,181818,中性盘
1280,13:43:03,14.42,-0.01,10,14420,卖盘
1281,13:43:00,14.43,--,128,184704,卖盘
1282,13:42:57,14.43,-0.01,5,7215,中性盘
1283,13:42:54,14.44,0.01,200,288800,买盘
1284,13:42:51,14.43,-0.01,1,1443,买盘
1285,13:42:42,14.44,0.01,128,184832,买盘
1286,13:42:39,14.43,--,471,680994,卖盘
1287,13:42:36,14.43,--,12,17316,卖盘
1288,13:42:33,14.43,--,21,30346,卖盘
1289,13:42:30,14.43,-0.01,20,28860,卖盘
1290,13:42:27,14.44,--,34,49096,买盘
1291,13:42:24,14.44,--,14,20216,买盘
1292,13:42:18,14.44,0.01,20,28880,买盘
1293,13:42:15,14.43,-0.01,10,14430,卖盘
1294,13:42:12,14.44,--,2,2888,买盘
1295,13:42:06,14.44,--,151,218044,买盘
1296,13:42:03,14.44,--,101,145844,买盘
1297,13:42:00,14.44,0.01,3,4332,买盘
1298,13:41:57,14.43,-0.01,117,168831,卖盘
1299,13:41:54,14.44,0.01,23,33212,买盘
1300,13:41:51,14.43,--,3,4329,卖盘
1301,13:41:48,14.43,-0.01,235,339105,卖盘
1302,13:41:45,14.44,--,12,17328,买盘
1303,13:41:42,14.44,0.01,45,64980,买盘
1304,13:41:39,14.43,--,32,46176,卖盘
1305,13:41:36,14.43,--,5,7215,卖盘
1306,13:41:33,14.43,--,11,15930,卖盘
1307,13:41:30,14.43,--,9,12987,卖盘
1308,13:41:27,14.43,--,92,132756,卖盘
1309,13:41:24,14.43,0.02,155,223665,买盘
1310,13:41:09,14.41,-0.03,10,14410,卖盘
1311,13:41:06,14.44,--,739,1067116,买盘
1312,13:41:00,14.44,0.03,298,430312,买盘
1313,13:40:57,14.41,--,3,4323,卖盘
1314,13:40:54,14.41,--,259,373219,卖盘
1315,13:40:51,14.41,--,12,17292,卖盘
1316,13:40:48,14.41,0.01,10,14410,买盘
1317,13:40:45,14.4,-0.03,30,43200,卖盘
1318,13:40:42,14.43,--,30,43290,卖盘
1319,13:40:39,14.43,--,100,144300,卖盘
1320,13:40:36,14.43,0.03,1004,1449782,买盘
1321,13:40:33,14.4,--,53,76320,卖盘
1322,13:40:30,14.4,--,2,2880,卖盘
1323,13:40:27,14.4,-0.01,6,8640,卖盘
1324,13:40:24,14.41,--,10,14410,买盘
1325,13:40:21,14.41,0.01,207,298287,买盘
1326,13:40:18,14.4,--,230,331200,卖盘
1327,13:40:12,14.4,-0.01,1,1440,卖盘
1328,13:40:09,14.41,0.01,34,48994,买盘
1329,13:40:03,14.4,--,26,37440,卖盘
1330,13:40:00,14.4,--,62,89280,卖盘
1331,13:39:54,14.4,-0.01,11,15840,卖盘
1332,13:39:51,14.41,--,8,11528,买盘
1333,13:39:48,14.41,--,35,50435,买盘
1334,13:39:45,14.41,0.01,176,253616,买盘
1335,13:39:39,14.4,0.01,20,28800,买盘
1336,13:39:36,14.39,-0.01,1,1439,卖盘
1337,13:39:33,14.4,-0.01,17,24998,卖盘
1338,13:39:30,14.41,--,68,98910,买盘
1339,13:39:27,14.41,0.01,220,317538,买盘
1340,13:39:24,14.4,-0.01,20,28800,卖盘
1341,13:39:21,14.41,0.01,5,7205,买盘
1342,13:39:18,14.4,--,1,1440,卖盘
1343,13:39:15,14.4,--,326,469440,卖盘
1344,13:39:12,14.4,--,17,24480,卖盘
1345,13:39:09,14.4,-0.01,339,488908,卖盘
1346,13:39:03,14.41,0.01,5,7205,买盘
1347,13:38:57,14.4,--,10,14400,卖盘
1348,13:38:54,14.4,-0.01,30,43200,卖盘
1349,13:38:51,14.41,0.01,25,36197,买盘
1350,13:38:48,14.4,-0.01,1,1440,卖盘
1351,13:38:45,14.41,--,57,82137,买盘
1352,13:38:42,14.41,0.01,50,72050,买盘
1353,13:38:39,14.4,-0.01,5,7200,卖盘
1354,13:38:36,14.41,--,42,61818,卖盘
1355,13:38:33,14.41,--,257,370481,买盘
1356,13:38:30,14.41,--,92,132572,买盘
1357,13:38:24,14.41,--,106,152746,买盘
1358,13:38:21,14.41,-0.01,497,717473,卖盘
1359,13:38:15,14.42,0.01,25,36050,买盘
1360,13:38:12,14.41,--,31,44671,卖盘
1361,13:38:06,14.41,--,68,97988,卖盘
1362,13:38:03,14.41,--,5,7205,卖盘
1363,13:37:57,14.41,-0.02,1,1441,卖盘
1364,13:37:54,14.43,0.03,353,509422,买盘
1365,13:37:51,14.4,-0.01,30,43200,卖盘
1366,13:37:48,14.41,-0.01,5,8602,卖盘
1367,13:37:45,14.42,0.01,44,63448,买盘
1368,13:37:42,14.41,--,18,25981,卖盘
1369,13:37:39,14.41,--,56,80696,卖盘
1370,13:37:36,14.41,--,63,90783,卖盘
1371,13:37:33,14.41,--,10,14410,卖盘
1372,13:37:30,14.41,--,43,61963,卖盘
1373,13:37:27,14.41,--,9,12969,卖盘
1374,13:37:24,14.41,0.01,40,57640,买盘
1375,13:37:21,14.4,--,73,105120,卖盘
1376,13:37:18,14.4,-0.01,20,28800,卖盘
1377,13:37:15,14.41,--,142,204622,买盘
1378,13:37:12,14.41,0.01,101,145541,买盘
1379,13:37:09,14.4,-0.01,38,54720,卖盘
1380,13:37:06,14.41,0.01,204,293964,买盘
1381,13:37:03,14.4,--,10,14400,卖盘
1382,13:37:00,14.4,-0.01,110,158400,卖盘
1383,13:36:57,14.41,0.01,25,36025,买盘
1384,13:36:54,14.4,-0.01,43,61920,卖盘
1385,13:36:51,14.41,0.01,17,24497,买盘
1386,13:36:48,14.4,--,32,46080,卖盘
1387,13:36:45,14.4,--,16,23097,卖盘
1388,13:36:42,14.4,--,5,7200,卖盘
1389,13:36:39,14.4,--,1,1440,卖盘
1390,13:36:36,14.4,--,49,70560,卖盘
1391,13:36:33,14.4,-0.01,1,1440,卖盘
1392,13:36:30,14.41,0.01,120,172920,中性盘
1393,13:36:21,14.4,-0.01,292,420480,卖盘
1394,13:36:18,14.41,-0.01,10,14410,卖盘
1395,13:36:12,14.42,0.01,2,2884,买盘
1396,13:36:09,14.41,--,4,5764,卖盘
1397,13:36:06,14.41,--,24,34584,卖盘
1398,13:36:03,14.41,--,20,28820,卖盘
1399,13:36:00,14.41,--,46,66286,卖盘
1400,13:35:57,14.41,-0.02,232,334312,卖盘
1401,13:35:54,14.43,--,26,37518,买盘
1402,13:35:51,14.43,0.02,81,116883,买盘
1403,13:35:48,14.41,-0.02,130,187330,卖盘
1404,13:35:45,14.43,--,177,255411,买盘
1405,13:35:39,14.43,-0.01,13,18759,卖盘
1406,13:35:36,14.44,0.01,132,190608,买盘
1407,13:35:33,14.43,--,53,76479,卖盘
1408,13:35:30,14.43,--,95,137085,买盘
1409,13:35:27,14.43,0.01,98,141414,中性盘
1410,13:35:24,14.42,-0.01,239,344638,卖盘
1411,13:35:21,14.43,0.01,72,103896,买盘
1412,13:35:18,14.42,--,31,44702,卖盘
1413,13:35:15,14.42,-0.01,25,36050,卖盘
1414,13:35:12,14.43,0.01,108,155844,买盘
1415,13:35:09,14.42,--,20,28840,买盘
1416,13:35:06,14.42,0.01,6,8652,中性盘
1417,13:35:03,14.41,-0.02,135,194535,卖盘
1418,13:35:00,14.43,--,27,38961,买盘
1419,13:34:57,14.43,--,10,14430,买盘
1420,13:34:54,14.43,--,18,25974,买盘
1421,13:34:51,14.43,--,33,47619,买盘
1422,13:34:48,14.43,0.03,43,62092,买盘
1423,13:34:45,14.4,--,16,23140,卖盘
1424,13:34:42,14.4,-0.03,29,41760,卖盘
1425,13:34:39,14.43,--,126,181818,买盘
1426,13:34:36,14.43,0.03,87,125541,买盘
1427,13:34:33,14.4,0.03,109,158299,买盘
1428,13:34:30,14.37,-0.02,45,64665,卖盘
1429,13:34:27,14.39,0.02,1,1439,买盘
1430,13:34:21,14.37,-0.02,26,37362,中性盘
1431,13:34:18,14.39,--,20,28780,买盘
1432,13:34:15,14.39,0.03,50,71950,中性盘
1433,13:34:09,14.36,-0.03,706,1013816,卖盘
1434,13:34:06,14.39,-0.05,24,34536,卖盘
1435,13:34:03,14.44,0.02,297,428925,买盘
1436,13:34:00,14.42,0.03,152,219184,买盘
1437,13:33:57,14.39,-0.02,646,929594,卖盘
1438,13:33:54,14.41,--,10,14410,卖盘
1439,13:33:51,14.41,0.01,177,255057,买盘
1440,13:33:48,14.4,--,56,80683,卖盘
1441,13:33:45,14.4,--,60,86400,卖盘
1442,13:33:42,14.4,-0.01,7,10080,卖盘
1443,13:33:39,14.41,0.01,37,53317,买盘
1444,13:33:36,14.4,--,20,28800,卖盘
1445,13:33:33,14.4,--,51,73440,卖盘
1446,13:33:30,14.4,--,10,14400,卖盘
1447,13:33:27,14.4,-0.01,17,24480,卖盘
1448,13:33:21,14.41,0.01,114,164274,买盘
1449,13:33:18,14.4,-0.01,92,132480,卖盘
1450,13:33:15,14.41,0.01,52,74932,买盘
1451,13:33:12,14.4,--,51,73440,卖盘
1452,13:33:09,14.4,-0.01,2,2880,卖盘
1453,13:33:06,14.41,0.02,12,17292,买盘
1454,13:33:00,14.39,-0.04,16,23024,卖盘
1455,13:32:57,14.43,0.01,81,116883,买盘
1456,13:32:54,14.42,0.03,26,37492,买盘
1457,13:32:51,14.39,-0.03,660,951135,卖盘
1458,13:32:48,14.42,0.01,72,103824,买盘
1459,13:32:45,14.41,-0.01,1,1441,卖盘
1460,13:32:42,14.42,--,11,15862,买盘
1461,13:32:36,14.42,--,104,149968,卖盘
1462,13:32:33,14.42,--,254,366268,卖盘
1463,13:32:30,14.42,--,25,36050,卖盘
1464,13:32:27,14.42,--,30,43260,卖盘
1465,13:32:24,14.42,-0.02,16,23072,卖盘
1466,13:32:21,14.44,0.01,148,213712,买盘
1467,13:32:18,14.43,-0.01,5,7215,中性盘
1468,13:32:15,14.44,--,126,181944,买盘
1469,13:32:12,14.44,0.01,69,99636,买盘
1470,13:32:09,14.43,-0.02,30,43290,卖盘
1471,13:32:06,14.45,0.02,226,326570,买盘
1472,13:32:03,14.43,-0.02,135,194805,卖盘
1473,13:32:00,14.45,--,129,186405,买盘
1474,13:31:57,14.45,--,25,36125,买盘
1475,13:31:54,14.45,--,366,528870,买盘
1476,13:31:51,14.45,--,178,257210,买盘
1477,13:31:48,14.45,-0.01,118,170510,卖盘
1478,13:31:45,14.46,0.01,202,292092,买盘
1479,13:31:42,14.45,-0.01,56,80920,卖盘
1480,13:31:39,14.46,0.01,14,20244,买盘
1481,13:31:36,14.45,-0.01,123,177735,卖盘
1482,13:31:33,14.46,0.01,65,93990,买盘
1483,13:31:30,14.45,-0.01,43,62135,卖盘
1484,13:31:27,14.46,0.01,120,173520,买盘
1485,13:31:24,14.45,-0.01,6,8670,卖盘
1486,13:31:21,14.46,0.01,31,44826,买盘
1487,13:31:18,14.45,0.01,866,1251370,买盘
1488,13:31:15,14.44,0.01,471,680124,买盘
1489,13:31:12,14.43,0.01,365,526695,买盘
1490,13:31:09,14.42,--,184,265328,卖盘
1491,13:31:06,14.42,0.01,339,488838,买盘
1492,13:31:03,14.41,--,44,63404,卖盘
1493,13:31:00,14.41,-0.01,110,158510,卖盘
1494,13:30:57,14.42,0.01,24,34608,买盘
1495,13:30:54,14.41,--,38,54801,卖盘
1496,13:30:51,14.41,--,84,121044,卖盘
1497,13:30:48,14.41,0.01,46,66286,买盘
1498,13:30:45,14.4,0.01,13,18720,买盘
1499,13:30:42,14.39,-0.01,3,4317,卖盘
1500,13:30:39,14.4,0.02,37,53280,买盘
1501,13:30:36,14.38,-0.01,1713,2463294,卖盘
1502,13:30:33,14.39,0.01,7,10073,买盘
1503,13:30:30,14.38,--,1039,1495203,买盘
1504,13:30:27,14.38,0.02,529,760702,买盘
1505,13:30:24,14.36,0.01,371,533043,买盘
1506,13:30:21,14.35,--,129,185115,买盘
1507,13:30:18,14.35,0.01,300,430500,买盘
1508,13:30:15,14.34,0.02,1016,1456944,买盘
1509,13:30:12,14.32,--,3,4296,卖盘
1510,13:30:09,14.32,--,386,552752,卖盘
1511,13:30:06,14.32,--,24,34368,卖盘
1512,13:30:03,14.32,--,27,39881,买盘
1513,13:30:00,14.32,0.02,606,867792,买盘
1514,13:29:57,14.3,-0.01,350,500500,卖盘
1515,13:29:54,14.31,--,357,510895,买盘
1516,13:29:51,14.31,--,27,38637,买盘
1517,13:29:48,14.31,0.01,5,7155,买盘
1518,13:29:45,14.3,-0.01,31,44330,卖盘
1519,13:29:39,14.31,--,77,110187,买盘
1520,13:29:36,14.31,--,36,51516,买盘
1521,13:29:33,14.31,--,63,90153,买盘
1522,13:29:30,14.31,0.01,110,157410,买盘
1523,13:29:21,14.3,-0.01,24,34320,卖盘
1524,13:29:18,14.31,0.01,25,35775,买盘
1525,13:29:15,14.3,-0.01,1,1430,卖盘
1526,13:29:12,14.31,0.01,157,224667,买盘
1527,13:29:09,14.3,--,5,7150,卖盘
1528,13:29:06,14.3,--,20,28600,卖盘
1529,13:29:03,14.3,-0.01,34,48620,卖盘
1530,13:29:00,14.31,0.01,58,82998,买盘
1531,13:28:57,14.3,--,12,17188,卖盘
1532,13:28:54,14.3,-0.01,5,7150,卖盘
1533,13:28:51,14.31,--,28,40068,买盘
1534,13:28:48,14.31,--,65,93015,买盘
1535,13:28:45,14.31,0.01,250,357750,买盘
1536,13:28:42,14.3,-0.01,10,14300,卖盘
1537,13:28:39,14.31,--,19,27189,买盘
1538,13:28:33,14.31,0.01,75,107325,买盘
1539,13:28:27,14.3,--,12,17160,买盘
1540,13:28:21,14.3,--,219,313170,买盘
1541,13:28:15,14.3,-0.01,17,24310,中性盘
1542,13:28:09,14.31,0.02,40,57240,买盘
1543,13:28:06,14.29,--,25,35725,卖盘
1544,13:28:03,14.29,--,24,34296,卖盘
1545,13:28:00,14.29,--,3,4287,卖盘
1546,13:27:57,14.29,-0.01,21,30037,卖盘
1547,13:27:54,14.3,--,298,426626,买盘
1548,13:27:51,14.3,--,19,27170,买盘
1549,13:27:42,14.3,0.01,11,15730,买盘
1550,13:27:39,14.29,0.01,18,25722,买盘
1551,13:27:36,14.28,--,5,7140,卖盘
1552,13:27:33,14.28,--,44,62832,卖盘
1553,13:27:24,14.28,--,20,28560,卖盘
1554,13:27:21,14.28,-0.01,2,3113,卖盘
1555,13:27:18,14.29,--,19,27151,买盘
1556,13:27:15,14.29,--,11,15718,买盘
1557,13:27:12,14.29,0.01,50,71450,买盘
1558,13:27:03,14.28,-0.01,67,95676,卖盘
1559,13:27:00,14.29,0.01,35,50072,买盘
1560,13:26:57,14.28,-0.01,16,22848,卖盘
1561,13:26:48,14.29,0.01,10,14290,买盘
1562,13:26:39,14.28,--,2,2856,卖盘
1563,13:26:33,14.28,--,24,34272,卖盘
1564,13:26:27,14.28,--,12,17136,卖盘
1565,13:26:24,14.28,-0.02,2,2856,中性盘
1566,13:26:18,14.3,--,82,117260,买盘
1567,13:26:09,14.3,--,34,48991,卖盘
1568,13:26:06,14.3,0.02,238,341369,买盘
1569,13:26:03,14.28,--,12,17164,卖盘
1570,13:26:00,14.28,-0.02,115,164220,卖盘
1571,13:25:57,14.3,--,44,62920,买盘
1572,13:25:54,14.3,--,17,24310,买盘
1573,13:25:51,14.3,--,1,1430,买盘
1574,13:25:45,14.3,--,90,128700,买盘
1575,13:25:39,14.3,--,17,24310,买盘
1576,13:25:36,14.3,--,34,48620,买盘
1577,13:25:33,14.3,0.02,56,80080,买盘
1578,13:25:24,14.28,--,27,38556,买盘
1579,13:25:21,14.28,-0.02,3,4284,中性盘
1580,13:25:12,14.3,--,102,145860,买盘
1581,13:25:09,14.3,0.03,47,67210,买盘
1582,13:25:06,14.27,-0.01,29,41383,卖盘
1583,13:25:03,14.28,-0.02,0,499,卖盘
1584,13:25:00,14.3,--,1,1430,买盘
1585,13:24:57,14.3,--,568,812240,买盘
1586,13:24:54,14.3,--,30,42900,买盘
1587,13:24:51,14.3,--,350,500500,买盘
1588,13:24:48,14.3,0.02,56,80080,买盘
1589,13:24:45,14.28,--,16,22848,卖盘
1590,13:24:39,14.28,-0.01,81,115668,卖盘
1591,13:24:36,14.29,0.01,258,369024,买盘
1592,13:24:33,14.28,--,24,34272,卖盘
1593,13:24:30,14.28,0.01,110,157665,买盘
1594,13:24:27,14.27,--,3,4281,卖盘
1595,13:24:24,14.27,-0.01,4,5708,卖盘
1596,13:24:21,14.28,--,3,4284,买盘
1597,13:24:18,14.28,0.01,20,28560,买盘
1598,13:24:06,14.27,-0.01,36,51414,卖盘
1599,13:23:57,14.28,--,27,39398,卖盘
1600,13:23:54,14.28,--,15,21420,卖盘
1601,13:23:48,14.28,--,5,7140,卖盘
1602,13:23:45,14.28,--,26,37570,卖盘
1603,13:23:42,14.28,-0.01,18,25704,卖盘
1604,13:23:39,14.29,0.01,45,64304,买盘
1605,13:23:36,14.28,--,20,28560,卖盘
1606,13:23:33,14.28,--,30,42840,卖盘
1607,13:23:30,14.28,--,5,7140,卖盘
1608,13:23:27,14.28,-0.01,10,14280,卖盘
1609,13:23:09,14.29,--,17,24293,买盘
1610,13:23:06,14.29,--,57,81495,买盘
1611,13:23:03,14.29,0.01,21,30009,买盘
1612,13:22:57,14.28,--,1,1428,卖盘
1613,13:22:48,14.28,--,11,15708,卖盘
1614,13:22:45,14.28,-0.01,55,78540,卖盘
1615,13:22:42,14.29,0.01,1,1429,买盘
1616,13:22:33,14.28,-0.01,74,105672,卖盘
1617,13:22:27,14.29,0.01,10,14290,买盘
1618,13:22:24,14.28,--,22,31416,卖盘
1619,13:22:21,14.28,--,5,7140,卖盘
1620,13:22:18,14.28,--,5,7140,卖盘
1621,13:22:15,14.28,--,10,14280,卖盘
1622,13:22:12,14.28,--,20,28560,卖盘
1623,13:22:09,14.28,--,11,15765,卖盘
1624,13:22:03,14.28,--,8,11424,卖盘
1625,13:21:54,14.28,-0.01,17,24276,卖盘
1626,13:21:51,14.29,0.01,1,1429,买盘
1627,13:21:42,14.28,-0.01,15,21420,卖盘
1628,13:21:39,14.29,--,1,1429,买盘
1629,13:21:33,14.29,--,1,2515,卖盘
1630,13:21:27,14.29,0.01,178,254704,买盘
1631,13:21:24,14.28,-0.01,1,1428,卖盘
1632,13:21:09,14.29,--,65,93999,卖盘
1633,13:21:03,14.29,--,28,40326,卖盘
1634,13:20:57,14.29,0.01,106,151474,中性盘
1635,13:20:54,14.28,-0.01,315,449820,卖盘
1636,13:20:48,14.29,-0.01,4,5716,卖盘
1637,13:20:27,14.3,0.01,151,215972,买盘
1638,13:20:21,14.29,--,20,28580,买盘
1639,13:20:12,14.29,--,17,24293,买盘
1640,13:20:09,14.29,0.01,1,1429,买盘
1641,13:20:06,14.28,-0.01,62,88536,卖盘
1642,13:20:03,14.29,-0.01,5,7145,卖盘
1643,13:20:00,14.3,--,51,72930,买盘
1644,13:19:57,14.3,--,51,72930,买盘
1645,13:19:54,14.3,--,188,270227,卖盘
1646,13:19:51,14.3,--,4,5720,卖盘
1647,13:19:48,14.3,--,11,15730,卖盘
1648,13:19:45,14.3,--,40,57200,卖盘
1649,13:19:42,14.3,-0.01,51,72930,卖盘
1650,13:19:39,14.31,0.01,12,17172,买盘
1651,13:19:33,14.3,--,7,10010,卖盘
1652,13:19:30,14.3,--,10,14300,卖盘
1653,13:19:27,14.3,-0.01,13,18590,卖盘
1654,13:19:24,14.31,0.01,53,75843,买盘
1655,13:19:15,14.3,-0.01,13,18632,卖盘
1656,13:19:09,14.31,0.01,58,82998,买盘
1657,13:19:06,14.3,--,81,115830,买盘
1658,13:19:03,14.3,-0.01,202,288860,买盘
1659,13:18:51,14.31,0.01,56,80136,买盘
1660,13:18:42,14.3,0.02,56,80080,买盘
1661,13:18:30,14.28,-0.02,22,32786,卖盘
1662,13:18:27,14.3,--,27,38610,买盘
1663,13:18:24,14.3,0.02,450,643500,买盘
1664,13:18:21,14.28,--,15,21420,卖盘
1665,13:18:15,14.28,-0.01,811,1158165,卖盘
1666,13:18:12,14.29,0.01,28,40012,买盘
1667,13:18:03,14.28,--,45,64260,卖盘
1668,13:18:00,14.28,--,3,4284,卖盘
1669,13:17:51,14.28,--,38,54264,卖盘
1670,13:17:48,14.28,-0.01,15,21420,买盘
1671,13:17:42,14.29,0.01,28,40012,买盘
1672,13:17:36,14.28,--,3,5383,卖盘
1673,13:17:30,14.28,-0.01,333,475524,卖盘
1674,13:17:27,14.29,0.01,34,48586,买盘
1675,13:17:24,14.28,--,25,35700,卖盘
1676,13:17:21,14.28,--,20,28560,卖盘
1677,13:17:18,14.28,--,59,84623,买盘
1678,13:17:15,14.28,--,152,217056,买盘
1679,13:17:12,14.28,--,200,285600,买盘
1680,13:17:06,14.28,--,34,48552,买盘
1681,13:17:03,14.28,--,52,75355,卖盘
1682,13:17:00,14.28,--,18,25704,卖盘
1683,13:16:57,14.28,--,20,28560,卖盘
1684,13:16:51,14.28,--,100,142800,卖盘
1685,13:16:48,14.28,--,5,7140,卖盘
1686,13:16:36,14.28,-0.01,3,4284,卖盘
1687,13:16:33,14.29,0.01,27,38583,买盘
1688,13:16:30,14.28,-0.01,29,41412,卖盘
1689,13:16:27,14.29,--,23,32867,买盘
1690,13:16:24,14.29,0.01,146,208634,买盘
1691,13:16:21,14.28,--,20,28560,卖盘
1692,13:16:18,14.28,--,34,48580,卖盘
1693,13:16:15,14.28,--,3,4284,卖盘
1694,13:16:12,14.28,--,105,149940,卖盘
1695,13:16:03,14.28,--,20,28560,卖盘
1696,13:16:00,14.28,-0.01,24,34272,卖盘
1697,13:15:57,14.29,0.01,30,42870,买盘
1698,13:15:54,14.28,--,20,28560,卖盘
1699,13:15:51,14.28,--,45,64260,卖盘
1700,13:15:48,14.28,--,19,27132,卖盘
1701,13:15:42,14.28,--,23,32844,卖盘
1702,13:15:39,14.28,--,13,18564,卖盘
1703,13:15:36,14.28,--,16,22848,卖盘
1704,13:15:33,14.28,--,129,184511,买盘
1705,13:15:30,14.28,--,12,17136,买盘
1706,13:15:27,14.28,-0.03,109,156780,卖盘
1707,13:15:24,14.31,0.01,66,94446,买盘
1708,13:15:21,14.3,--,46,65808,卖盘
1709,13:15:18,14.3,0.02,305,436478,买盘
1710,13:15:15,14.28,-0.01,76,108528,卖盘
1711,13:15:12,14.29,--,102,145758,卖盘
1712,13:15:09,14.29,--,466,665914,卖盘
1713,13:15:00,14.29,--,34,48586,卖盘
1714,13:14:57,14.29,-0.01,10,14290,卖盘
1715,13:14:54,14.3,0.01,17,24310,买盘
1716,13:14:51,14.29,-0.01,25,35725,卖盘
1717,13:14:48,14.3,0.01,300,429000,买盘
1718,13:14:45,14.29,0.01,34,48586,买盘
1719,13:14:42,14.28,0.03,98,141314,买盘
1720,13:14:39,14.25,-0.01,160,228000,卖盘
1721,13:14:36,14.26,--,107,152582,卖盘
1722,13:14:30,14.26,--,30,42780,卖盘
1723,13:14:24,14.26,-0.02,62,88412,卖盘
1724,13:14:21,14.28,0.02,63,90006,买盘
1725,13:14:15,14.26,--,11,15686,卖盘
1726,13:14:09,14.26,--,22,31372,卖盘
1727,13:14:00,14.26,-0.01,229,326554,卖盘
1728,13:13:57,14.27,--,35,49945,买盘
1729,13:13:54,14.27,--,164,234028,买盘
1730,13:13:42,14.27,--,20,28540,买盘
1731,13:13:39,14.27,0.02,28,39956,买盘
1732,13:13:30,14.25,-0.01,60,85500,卖盘
1733,13:13:27,14.26,-0.01,58,82708,中性盘
1734,13:13:24,14.27,0.01,45,64257,买盘
1735,13:13:21,14.26,0.01,1,1426,买盘
1736,13:13:18,14.25,-0.01,37,52725,卖盘
1737,13:13:15,14.26,0.01,50,71300,买盘
1738,13:13:09,14.25,--,101,143925,卖盘
1739,13:13:00,14.25,-0.02,24,34200,卖盘
1740,13:12:54,14.27,--,69,98463,买盘
1741,13:12:51,14.27,--,16,22832,买盘
1742,13:12:45,14.27,0.01,102,145554,买盘
1743,13:12:36,14.26,0.01,168,239568,买盘
1744,13:12:33,14.25,0.01,50,71250,买盘
1745,13:12:30,14.24,--,24,34176,卖盘
1746,13:12:27,14.24,--,2,2848,卖盘
1747,13:12:24,14.24,-0.01,22,31370,卖盘
1748,13:12:21,14.25,0.01,310,441750,买盘
1749,13:12:18,14.24,0.02,1,1424,买盘
1750,13:12:12,14.22,-0.02,29,41238,卖盘
1751,13:12:06,14.24,--,17,24208,买盘
1752,13:12:03,14.24,0.02,2,2848,买盘
1753,13:12:00,14.22,-0.02,28,39816,卖盘
1754,13:11:51,14.24,--,17,24208,买盘
1755,13:11:48,14.24,--,3,4272,卖盘
1756,13:11:45,14.24,--,296,421504,卖盘
1757,13:11:39,14.24,-0.01,12,17088,卖盘
1758,13:11:33,14.25,--,190,272132,卖盘
1759,13:11:30,14.25,-0.01,34,48450,卖盘
1760,13:11:27,14.26,0.01,40,57082,买盘
1761,13:11:24,14.25,--,5,7125,卖盘
1762,13:11:21,14.25,-0.01,13,18525,卖盘
1763,13:11:18,14.26,0.01,62,88412,买盘
1764,13:11:15,14.25,-0.01,12,17100,卖盘
1765,13:11:06,14.26,--,202,288052,买盘
1766,13:11:03,14.26,--,45,64170,买盘
1767,13:11:00,14.26,-0.01,123,175398,卖盘
1768,13:10:54,14.27,--,27,38529,买盘
1769,13:10:42,14.27,--,101,144127,买盘
1770,13:10:39,14.27,-0.01,92,132682,卖盘
1771,13:10:33,14.28,0.01,346,494088,买盘
1772,13:10:30,14.27,-0.01,127,181257,卖盘
1773,13:10:27,14.28,--,65,92820,买盘
1774,13:10:24,14.28,--,10,14280,买盘
1775,13:10:21,14.28,--,21,29988,买盘
1776,13:10:18,14.28,--,6,8568,卖盘
1777,13:10:15,14.28,--,89,127092,卖盘
1778,13:10:09,14.28,--,76,108528,卖盘
1779,13:10:06,14.28,-0.01,2,2856,卖盘
1780,13:10:03,14.29,0.01,16,22864,买盘
1781,13:10:00,14.28,-0.01,24,34272,卖盘
1782,13:09:57,14.29,--,14,20006,买盘
1783,13:09:54,14.29,0.01,87,124322,买盘
1784,13:09:51,14.28,--,66,94248,卖盘
1785,13:09:48,14.28,--,23,32844,卖盘
1786,13:09:42,14.28,--,10,14280,卖盘
1787,13:09:36,14.28,-0.02,136,194208,卖盘
1788,13:09:33,14.3,0.02,31,44330,买盘
1789,13:09:30,14.28,--,60,85680,卖盘
1790,13:09:27,14.28,-0.02,76,108528,卖盘
1791,13:09:24,14.3,--,30,42900,卖盘
1792,13:09:21,14.3,--,9,12870,卖盘
1793,13:09:18,14.3,--,56,80080,卖盘
1794,13:09:15,14.3,--,35,50050,卖盘
1795,13:09:12,14.3,0.02,44,62920,卖盘
1796,13:09:09,14.28,--,11,15708,卖盘
1797,13:09:06,14.28,-0.02,129,184212,卖盘
1798,13:09:03,14.3,0.02,31,44330,买盘
1799,13:09:00,14.28,-0.02,42,59976,卖盘
1800,13:08:54,14.3,--,6,9552,卖盘
1801,13:08:51,14.3,--,10,14300,卖盘
1802,13:08:48,14.3,0.03,983,1406147,买盘
1803,13:08:45,14.27,-0.02,12,17124,卖盘
1804,13:08:42,14.29,0.01,94,134326,买盘
1805,13:08:39,14.28,--,108,154224,买盘
1806,13:08:36,14.28,0.02,163,232764,买盘
1807,13:08:33,14.26,-0.02,1,1426,卖盘
1808,13:08:30,14.28,--,81,115668,买盘
1809,13:08:18,14.28,0.02,28,39984,买盘
1810,13:08:15,14.26,--,137,195362,卖盘
1811,13:08:12,14.26,-0.01,30,42780,中性盘
1812,13:08:09,14.27,0.02,512,730624,买盘
1813,13:08:06,14.25,-0.01,16,22800,卖盘
1814,13:08:00,14.26,0.01,145,206770,买盘
1815,13:07:54,14.25,--,22,31350,卖盘
1816,13:07:51,14.25,0.01,10,14250,中性盘
1817,13:07:48,14.24,--,56,79744,买盘
1818,13:07:42,14.24,--,71,101104,买盘
1819,13:07:39,14.24,0.03,32,45568,买盘
1820,13:07:33,14.21,-0.01,12,17080,卖盘
1821,13:07:30,14.22,-0.02,25,35550,中性盘
1822,13:07:27,14.24,--,112,159488,买盘
1823,13:07:24,14.24,0.03,34,48416,买盘
1824,13:07:21,14.21,-0.03,100,142100,卖盘
1825,13:07:15,14.24,0.03,17,24208,买盘
1826,13:07:09,14.21,-0.03,203,288463,卖盘
1827,13:07:06,14.24,0.01,117,166608,买盘
1828,13:07:03,14.23,--,98,139454,买盘
1829,13:07:00,14.23,0.01,93,132339,买盘
1830,13:06:57,14.22,-0.01,10,14220,卖盘
1831,13:06:51,14.23,--,72,102968,买盘
1832,13:06:48,14.23,0.01,17,24191,买盘
1833,13:06:45,14.22,0.01,20,28440,中性盘
1834,13:06:39,14.21,-0.03,1,1421,卖盘
1835,13:06:36,14.24,0.03,43,61288,买盘
1836,13:06:33,14.21,--,41,58261,卖盘
1837,13:06:30,14.21,--,24,34104,卖盘
1838,13:06:27,14.21,-0.04,129,183593,卖盘
1839,13:06:24,14.25,0.01,285,406338,买盘
1840,13:06:21,14.24,--,1,1424,买盘
1841,13:06:18,14.24,0.02,35,49840,买盘
1842,13:06:15,14.22,-0.02,12,17064,卖盘
1843,13:06:12,14.24,--,24,34176,买盘
1844,13:06:03,14.24,--,34,48416,卖盘
1845,13:06:00,14.24,-0.01,35,49840,卖盘
1846,13:05:54,14.25,--,23,32775,买盘
1847,13:05:45,14.25,--,3,4275,买盘
1848,13:05:39,14.25,--,150,214961,卖盘
1849,13:05:36,14.25,-0.02,11,15717,卖盘
1850,13:05:33,14.27,0.01,237,338199,买盘
1851,13:05:24,14.26,--,60,85560,买盘
1852,13:05:21,14.26,--,28,39928,买盘
1853,13:05:18,14.26,--,14,19964,买盘
1854,13:05:12,14.26,--,69,98394,买盘
1855,13:05:03,14.26,--,32,45632,卖盘
1856,13:05:00,14.26,--,85,121210,买盘
1857,13:04:57,14.26,--,9,12834,买盘
1858,13:04:54,14.26,0.01,5,7130,买盘
1859,13:04:51,14.25,-0.01,2,2850,卖盘
1860,13:04:48,14.26,--,100,142600,买盘
1861,13:04:45,14.26,0.01,12,17112,买盘
1862,13:04:42,14.25,--,20,28500,卖盘
1863,13:04:39,14.25,-0.01,12,17142,卖盘
1864,13:04:36,14.26,0.01,7,9982,买盘
1865,13:04:33,14.25,-0.01,5,7125,卖盘
1866,13:04:27,14.26,--,8,11408,买盘
1867,13:04:24,14.26,--,4,5704,买盘
1868,13:04:18,14.26,-0.03,21,29946,中性盘
1869,13:04:15,14.29,0.03,673,961717,买盘
1870,13:04:12,14.26,--,2138,3048788,卖盘
1871,13:04:09,14.26,--,33,47058,卖盘
1872,13:04:06,14.26,--,54,77004,卖盘
1873,13:04:03,14.26,0.01,714,1018164,买盘
1874,13:04:00,14.25,-0.01,44,62700,卖盘
1875,13:03:57,14.26,0.01,106,151156,买盘
1876,13:03:54,14.25,--,7,9975,卖盘
1877,13:03:51,14.25,--,10,14250,卖盘
1878,13:03:48,14.25,0.03,936,1333928,买盘
1879,13:03:45,14.22,-0.03,177,253073,卖盘
1880,13:03:42,14.25,0.02,20,28500,买盘
1881,13:03:39,14.23,-0.02,24,34194,卖盘
1882,13:03:36,14.25,--,34,48450,买盘
1883,13:03:33,14.25,--,34,48450,买盘
1884,13:03:30,14.25,--,6,8550,买盘
1885,13:03:27,14.25,--,337,481037,卖盘
1886,13:03:24,14.25,--,59,84075,卖盘
1887,13:03:21,14.25,--,353,503025,卖盘
1888,13:03:18,14.25,-0.01,10,14250,卖盘
1889,13:03:15,14.26,--,94,134044,买盘
1890,13:03:12,14.26,0.01,16,22816,买盘
1891,13:03:09,14.25,0.02,1232,1756212,买盘
1892,13:03:03,14.23,0.03,18,25614,买盘
1893,13:02:57,14.2,-0.03,100,142000,卖盘
1894,13:02:54,14.23,--,9,12807,买盘
1895,13:02:51,14.23,--,130,184990,买盘
1896,13:02:48,14.23,0.01,56,79688,买盘
1897,13:02:45,14.22,0.02,6,8532,买盘
1898,13:02:42,14.2,-0.02,12,17082,卖盘
1899,13:02:39,14.22,-0.01,12,17064,中性盘
1900,13:02:36,14.23,0.01,51,72573,买盘
1901,13:02:27,14.22,--,6,8532,买盘
1902,13:02:24,14.22,-0.01,41,58302,中性盘
1903,13:02:15,14.23,--,24,34152,买盘
1904,13:02:12,14.23,--,5,7115,买盘
1905,13:02:09,14.23,0.04,25,35575,买盘
1906,13:02:06,14.19,-0.04,23,32637,卖盘
1907,13:02:03,14.23,-0.01,17,24191,买盘
1908,13:02:00,14.24,0.03,19,27056,买盘
1909,13:01:57,14.21,-0.02,28,39788,卖盘
1910,13:01:54,14.23,-0.01,48,68304,中性盘
1911,13:01:51,14.24,0.03,68,96832,买盘
1912,13:01:48,14.21,-0.03,8,11368,卖盘
1913,13:01:45,14.24,--,126,179424,买盘
1914,13:01:42,14.24,--,51,73179,买盘
1915,13:01:39,14.24,0.05,100,142400,买盘
1916,13:01:36,14.19,-0.04,54,76626,卖盘
1917,13:01:30,14.23,--,34,48382,买盘
1918,13:01:27,14.23,--,78,110994,买盘
1919,13:01:24,14.23,--,68,96764,买盘
1920,13:01:21,14.23,0.03,138,196374,买盘
1921,13:01:18,14.2,-0.02,30,42600,卖盘
1922,13:01:15,14.22,0.02,174,247428,买盘
1923,13:01:12,14.2,-0.02,167,237140,卖盘
1924,13:01:09,14.22,--,156,221832,买盘
1925,13:01:06,14.22,0.02,130,184860,买盘
1926,13:01:03,14.2,--,219,311150,买盘
1927,13:01:00,14.2,0.01,158,224360,买盘
1928,13:00:57,14.19,-0.01,8,11352,买盘
1929,13:00:54,14.2,--,61,86620,买盘
1930,13:00:51,14.2,0.02,82,116440,买盘
1931,13:00:45,14.18,--,53,75154,卖盘
1932,13:00:42,14.18,-0.01,53,75154,卖盘
1933,13:00:39,14.19,0.01,24,34056,买盘
1934,13:00:33,14.18,-0.01,106,150308,卖盘
1935,13:00:27,14.19,--,8,11352,买盘
1936,13:00:24,14.19,--,64,90816,买盘
1937,13:00:18,14.19,--,113,160347,买盘
1938,13:00:15,14.19,--,17,24123,买盘
1939,13:00:12,14.19,0.01,226,320694,买盘
1940,13:00:09,14.18,-0.01,52,73736,卖盘
1941,13:00:06,14.19,--,56,79464,买盘
1942,13:00:03,14.19,0.02,496,704519,买盘
1943,13:00:00,14.17,-0.01,3,4251,卖盘
1944,11:30:00,14.18,0.01,30,42540,买盘
1945,11:29:57,14.17,-0.01,3,4251,卖盘
1946,11:29:54,14.18,0.01,19,26942,买盘
1947,11:29:51,14.17,--,10,14170,卖盘
1948,11:29:48,14.17,--,2,2834,卖盘
1949,11:29:45,14.17,--,11,15587,卖盘
1950,11:29:42,14.17,--,133,188461,买盘
1951,11:29:36,14.17,--,2,2834,买盘
1952,11:29:24,14.17,--,39,55263,买盘
1953,11:29:12,14.17,--,9,12753,买盘
1954,11:29:09,14.17,--,57,80769,买盘
1955,11:28:54,14.17,0.01,19,26923,买盘
1956,11:28:48,14.16,--,92,131433,买盘
1957,11:28:36,14.16,-0.01,31,43896,中性盘
1958,11:28:24,14.17,-0.02,19,26923,中性盘
1959,11:28:21,14.19,0.04,1768,2508792,买盘
1960,11:28:18,14.15,-0.01,19,26885,卖盘
1961,11:28:15,14.16,--,14,19824,买盘
1962,11:28:12,14.16,0.01,6,8496,买盘
1963,11:28:03,14.15,-0.01,20,28300,卖盘
1964,11:27:54,14.16,--,21,29736,买盘
1965,11:27:51,14.16,--,112,158592,买盘
1966,11:27:45,14.16,-0.01,140,198240,卖盘
1967,11:27:42,14.17,0.01,10,14170,买盘
1968,11:27:36,14.16,-0.01,100,141600,卖盘
1969,11:27:33,14.17,--,5,7085,买盘
1970,11:27:30,14.17,--,25,35425,买盘
1971,11:27:27,14.17,--,28,39676,买盘
1972,11:27:24,14.17,--,19,26923,买盘
1973,11:27:21,14.17,--,80,113360,买盘
1974,11:27:12,14.17,0.01,17,24089,买盘
1975,11:27:03,14.16,-0.01,42,59472,卖盘
1976,11:27:00,14.17,0.01,38,53846,买盘
1977,11:26:57,14.16,--,66,93456,买盘
1978,11:26:54,14.16,0.01,24,33984,买盘
1979,11:26:51,14.15,-0.02,11,15593,卖盘
1980,11:26:48,14.17,--,148,209716,买盘
1981,11:26:42,14.17,0.01,24,34008,买盘
1982,11:26:39,14.16,0.01,5,7080,买盘
1983,11:26:33,14.15,-0.02,30,42450,中性盘
1984,11:26:27,14.17,--,23,32591,买盘
1985,11:26:24,14.17,--,19,26923,买盘
1986,11:26:21,14.17,--,23,32591,买盘
1987,11:26:18,14.17,0.01,46,65182,买盘
1988,11:26:15,14.16,--,20,28320,买盘
1989,11:26:12,14.16,--,1,1416,买盘
1990,11:26:09,14.16,--,23,32568,买盘
1991,11:26:03,14.16,--,3,4248,买盘
1992,11:25:54,14.16,0.02,19,26904,买盘
1993,11:25:51,14.14,-0.02,12,17010,卖盘
1994,11:25:48,14.16,--,1,1416,买盘
1995,11:25:36,14.16,--,1,1416,买盘
1996,11:25:33,14.16,--,57,80712,买盘
1997,11:25:30,14.16,--,1,1416,买盘
1998,11:25:27,14.16,--,19,26904,买盘
1999,11:25:24,14.16,--,19,26904,买盘
2000,11:25:12,14.16,--,20,28320,买盘
2001,11:25:09,14.16,--,46,65136,买盘
2002,11:25:06,14.16,0.01,206,291696,买盘
2003,11:24:57,14.15,--,4,5660,买盘
2004,11:24:54,14.15,--,53,74995,买盘
2005,11:24:51,14.15,--,5,7075,买盘
2006,11:24:39,14.15,--,1,1415,买盘
2007,11:24:36,14.15,--,12,16980,卖盘
2008,11:24:33,14.15,--,5,7075,卖盘
2009,11:24:30,14.15,-0.01,3,4245,卖盘
2010,11:24:27,14.16,--,46,65136,买盘
2011,11:24:24,14.16,0.01,41,58056,买盘
2012,11:24:18,14.15,--,18,25470,买盘
2013,11:24:15,14.15,--,16,22640,买盘
2014,11:24:06,14.15,-0.01,4,5660,买盘
2015,11:24:03,14.16,--,11,15576,买盘
2016,11:24:00,14.16,--,19,26904,买盘
2017,11:23:57,14.16,0.01,354,501264,买盘
2018,11:23:54,14.15,0.01,224,316960,买盘
2019,11:23:48,14.14,-0.01,34,48076,中性盘
2020,11:23:36,14.15,--,2,2830,买盘
2021,11:23:33,14.15,--,63,89145,买盘
2022,11:23:12,14.15,--,4,5660,买盘
2023,11:23:00,14.15,0.03,61,86315,买盘
2024,11:22:57,14.12,-0.03,11,15574,卖盘
2025,11:22:42,14.15,--,23,32545,买盘
2026,11:22:36,14.15,--,1,1415,买盘
2027,11:22:30,14.15,0.02,23,32545,买盘
2028,11:22:24,14.13,0.01,20,28260,买盘
2029,11:22:21,14.12,--,22,31064,卖盘
2030,11:22:12,14.12,--,3,4236,卖盘
2031,11:22:09,14.12,--,27,38124,买盘
2032,11:22:06,14.12,--,27,38124,买盘
2033,11:22:03,14.12,0.01,20,28240,买盘
2034,11:22:00,14.11,-0.01,12,16960,卖盘
2035,11:21:51,14.12,--,1,1412,买盘
2036,11:21:48,14.12,--,50,70600,买盘
2037,11:21:45,14.12,--,23,32476,买盘
2038,11:21:39,14.12,0.01,23,32476,买盘
2039,11:21:36,14.11,-0.01,28,39508,卖盘
2040,11:21:27,14.12,0.01,46,64952,买盘
2041,11:21:24,14.11,0.01,128,180608,买盘
2042,11:21:18,14.1,-0.01,1,1410,卖盘
2043,11:21:15,14.11,--,99,139689,买盘
2044,11:21:12,14.11,0.01,85,120640,买盘
2045,11:21:09,14.1,--,27,38070,买盘
2046,11:21:03,14.1,0.01,28,39480,买盘
2047,11:21:00,14.09,-0.01,11,15527,卖盘
2048,11:20:57,14.1,0.01,4,5640,买盘
2049,11:20:33,14.09,--,2,2818,卖盘
2050,11:20:24,14.09,-0.01,5,7045,卖盘
2051,11:20:06,14.1,0.01,4,5640,买盘
2052,11:20:03,14.09,--,11,15527,卖盘
2053,11:19:51,14.09,-0.01,3,4227,卖盘
2054,11:19:48,14.1,--,1,1410,买盘
2055,11:19:39,14.1,--,194,274245,卖盘
2056,11:19:33,14.1,--,51,72488,卖盘
2057,11:19:30,14.1,--,3,4230,卖盘
2058,11:19:15,14.1,--,5,7050,卖盘
2059,11:19:12,14.1,--,10,14100,卖盘
2060,11:19:03,14.1,--,16,22602,卖盘
2061,11:19:00,14.1,-0.01,1,1410,卖盘
2062,11:18:57,14.11,0.01,1,1411,买盘
2063,11:18:51,14.1,-0.01,350,493500,卖盘
2064,11:18:09,14.11,0.01,4,5644,买盘
2065,11:18:06,14.1,-0.01,11,15552,卖盘
2066,11:17:54,14.11,0.01,3,4233,买盘
2067,11:17:51,14.1,-0.01,7,9870,卖盘
2068,11:17:45,14.11,0.01,1,1411,买盘
2069,11:17:33,14.1,--,10,14100,卖盘
2070,11:17:27,14.1,--,8,11280,卖盘
2071,11:17:21,14.1,--,5,7050,卖盘
2072,11:17:18,14.1,--,10,14100,卖盘
2073,11:17:15,14.1,--,146,205902,买盘
2074,11:17:12,14.1,0.01,1,1410,买盘
2075,11:17:09,14.09,-0.01,12,16936,卖盘
2076,11:17:03,14.1,--,4,5640,买盘
2077,11:17:00,14.1,-0.01,420,593567,卖盘
2078,11:16:42,14.11,--,2,2822,买盘
2079,11:16:18,14.11,--,158,224250,卖盘
2080,11:16:15,14.11,--,29,40919,卖盘
2081,11:16:09,14.11,--,34,48016,卖盘
2082,11:16:06,14.11,-0.01,2,2822,卖盘
2083,11:16:03,14.12,0.01,4,5648,买盘
2084,11:16:00,14.11,--,9,12699,卖盘
2085,11:15:54,14.11,--,35,49385,卖盘
2086,11:15:48,14.11,--,23,32453,卖盘
2087,11:15:45,14.11,--,23,32453,卖盘
2088,11:15:33,14.11,--,15,21165,卖盘
2089,11:15:30,14.11,--,69,97359,卖盘
2090,11:15:27,14.11,--,23,32453,卖盘
2091,11:15:21,14.11,--,23,32453,卖盘
2092,11:15:18,14.11,-0.01,16,22576,卖盘
2093,11:15:12,14.12,0.01,9,12708,中性盘
2094,11:15:09,14.11,-0.02,11,15549,卖盘
2095,11:15:03,14.13,--,54,76302,买盘
2096,11:15:00,14.13,--,101,144097,卖盘
2097,11:14:57,14.13,--,135,190783,买盘
2098,11:14:54,14.13,0.01,596,843532,买盘
2099,11:14:39,14.12,--,20,28240,卖盘
2100,11:14:21,14.12,-0.01,10,14120,卖盘
2101,11:14:15,14.13,0.01,1,1413,买盘
2102,11:14:12,14.12,--,41,57920,买盘
2103,11:14:09,14.12,--,4,5648,买盘
2104,11:13:51,14.12,--,43,60716,买盘
2105,11:13:48,14.12,0.01,11,15532,买盘
2106,11:13:15,14.11,--,11,15549,卖盘
2107,11:13:12,14.11,-0.01,9,12699,卖盘
2108,11:13:09,14.12,--,2,2824,买盘
2109,11:13:06,14.12,--,4,5648,买盘
2110,11:12:54,14.12,0.01,1,1412,买盘
2111,11:12:48,14.11,--,61,86071,买盘
2112,11:12:39,14.11,0.01,42,59262,买盘
2113,11:12:24,14.1,--,1,1410,卖盘
2114,11:12:18,14.1,--,8,11280,卖盘
2115,11:12:15,14.1,-0.01,62,87462,卖盘
2116,11:12:06,14.11,--,50,70550,买盘
2117,11:12:03,14.11,--,20,28220,买盘
2118,11:12:00,14.11,0.01,9,12699,买盘
2119,11:11:51,14.1,--,5,7050,卖盘
2120,11:11:48,14.1,--,18,25380,买盘
2121,11:11:39,14.1,0.01,3,4230,买盘
2122,11:11:36,14.09,-0.01,11,15499,中性盘
2123,11:11:33,14.1,0.02,21,29610,买盘
2124,11:11:30,14.08,-0.01,12,16896,卖盘
2125,11:11:27,14.09,--,5,7045,买盘
2126,11:11:21,14.09,--,16,22544,买盘
2127,11:11:18,14.09,--,3,4227,买盘
2128,11:11:15,14.09,-0.01,6,8454,卖盘
2129,11:11:12,14.1,--,1,1410,买盘
2130,11:11:09,14.1,--,8,11280,买盘
2131,11:10:54,14.1,--,14,19740,买盘
2132,11:10:45,14.1,--,1,1410,买盘
2133,11:10:39,14.1,0.01,6,8460,买盘
2134,11:10:33,14.09,-0.01,21,30702,卖盘
2135,11:10:30,14.1,--,1,1410,买盘
2136,11:10:21,14.1,--,18,25422,买盘
2137,11:10:18,14.1,--,10,14100,买盘
2138,11:10:15,14.1,--,40,56400,买盘
2139,11:10:12,14.1,--,10,14100,买盘
2140,11:10:06,14.1,0.01,4,5640,买盘
2141,11:09:48,14.09,--,57,80566,买盘
2142,11:09:42,14.09,--,4,5636,买盘
2143,11:09:33,14.09,--,26,36634,买盘
2144,11:09:27,14.09,--,16,22544,买盘
2145,11:09:24,14.09,0.01,37,52133,买盘
2146,11:09:21,14.08,--,11,15516,卖盘
2147,11:09:18,14.08,--,36,50688,卖盘
2148,11:09:09,14.08,--,5,7040,卖盘
2149,11:09:06,14.08,--,40,56320,买盘
2150,11:09:03,14.08,--,18,25344,买盘
2151,11:09:00,14.08,--,5,7040,买盘
2152,11:08:51,14.08,--,9,12672,买盘
2153,11:08:48,14.08,-0.01,50,70400,卖盘
2154,11:08:42,14.09,--,10,14090,买盘
2155,11:08:36,14.09,0.03,4,5636,买盘
2156,11:08:33,14.06,--,124,174344,卖盘
2157,11:08:27,14.06,-0.03,125,175750,卖盘
2158,11:08:24,14.09,0.03,18,25418,买盘
2159,11:08:15,14.06,--,28,39368,买盘
2160,11:08:12,14.06,0.01,2,2812,买盘
2161,11:08:09,14.05,--,65,91325,卖盘
2162,11:08:03,14.05,-0.01,160,224800,卖盘
2163,11:07:57,14.06,-0.04,7,9842,卖盘
2164,11:07:54,14.1,0.01,77,108570,买盘
2165,11:07:48,14.09,--,368,519667,卖盘
2166,11:07:45,14.09,-0.01,36,50724,卖盘
2167,11:07:42,14.1,--,54,76140,卖盘
2168,11:07:39,14.1,-0.01,18,25380,卖盘
2169,11:07:36,14.11,-0.03,171,241281,卖盘
2170,11:07:33,14.14,--,10,15455,卖盘
2171,11:07:30,14.14,--,122,172508,卖盘
2172,11:07:27,14.14,--,23,32522,卖盘
2173,11:07:24,14.14,-0.01,18,25466,卖盘
2174,11:07:21,14.15,--,85,120275,买盘
2175,11:07:18,14.15,--,15,21225,卖盘
2176,11:07:15,14.15,-0.01,67,94805,卖盘
2177,11:07:12,14.16,--,26,36816,买盘
2178,11:07:03,14.16,--,1,1416,买盘
2179,11:06:51,14.16,0.02,4,5664,买盘
2180,11:06:45,14.14,-0.01,250,353500,卖盘
2181,11:06:42,14.15,--,5,7075,卖盘
2182,11:06:33,14.15,--,92,130180,买盘
2183,11:06:27,14.15,0.01,68,96262,买盘
2184,11:06:21,14.14,-0.01,50,70700,卖盘
2185,11:06:18,14.15,--,1,1415,买盘
2186,11:06:15,14.15,0.01,54,76410,买盘
2187,11:06:09,14.14,-0.01,124,175336,卖盘
2188,11:06:00,14.15,--,20,28300,买盘
2189,11:05:57,14.15,--,30,42450,买盘
2190,11:05:48,14.15,-0.01,2,2830,中性盘
2191,11:05:42,14.16,0.02,34,48144,买盘
2192,11:05:36,14.14,-0.02,20,28280,卖盘
2193,11:05:33,14.16,--,4,5664,买盘
2194,11:05:30,14.16,0.02,2,2832,买盘
2195,11:05:27,14.14,--,12,17010,卖盘
2196,11:05:24,14.14,0.01,30,42420,中性盘
2197,11:05:12,14.13,-0.03,10,14130,卖盘
2198,11:05:03,14.16,0.03,3,4248,买盘
2199,11:05:00,14.13,-0.02,50,70650,卖盘
2200,11:04:57,14.15,--,33,46695,卖盘
2201,11:04:51,14.15,0.02,71,100465,卖盘
2202,11:04:48,14.13,-0.02,73,103149,卖盘
2203,11:04:42,14.15,0.01,123,174045,买盘
2204,11:04:36,14.14,-0.01,10,14140,卖盘
2205,11:04:33,14.15,--,69,97635,买盘
2206,11:04:30,14.15,--,57,80697,买盘
2207,11:04:27,14.15,0.01,169,239135,买盘
2208,11:04:24,14.14,--,138,195132,买盘
2209,11:04:21,14.14,0.01,100,141400,买盘
2210,11:04:15,14.13,-0.01,1,1413,卖盘
2211,11:04:12,14.14,--,17,24038,买盘
2212,11:04:09,14.14,--,30,42420,买盘
2213,11:04:03,14.14,--,4,5656,买盘
2214,11:03:39,14.14,0.01,4,5656,买盘
2215,11:03:33,14.13,--,26,36794,卖盘
2216,11:03:18,14.13,0.02,188,265672,买盘
2217,11:03:15,14.11,-0.01,167,235637,卖盘
2218,11:03:00,14.12,--,39,55068,卖盘
2219,11:02:54,14.12,-0.01,37,52244,卖盘
2220,11:02:51,14.13,--,41,57933,买盘
2221,11:02:48,14.13,0.01,28,39564,买盘
2222,11:02:45,14.12,-0.01,7,9884,卖盘
2223,11:02:36,14.13,0.01,1,1413,买盘
2224,11:02:33,14.12,--,19,26884,卖盘
2225,11:02:21,14.12,-0.01,7,10166,卖盘
2226,11:02:09,14.13,--,20,28260,买盘
2227,11:02:06,14.13,--,5,7065,买盘
2228,11:01:54,14.13,--,14,19782,买盘
2229,11:01:51,14.13,--,31,45187,卖盘
2230,11:01:36,14.13,-0.01,11,15571,卖盘
2231,11:01:24,14.14,--,50,70700,买盘
2232,11:01:21,14.14,-0.01,64,91019,卖盘
2233,11:01:03,14.15,0.01,4,5660,买盘
2234,11:01:00,14.14,--,10,14140,卖盘
2235,11:00:36,14.14,0.01,28,40482,买盘
2236,11:00:30,14.13,-0.01,7,9891,卖盘
2237,11:00:15,14.14,0.01,40,56560,买盘
2238,11:00:12,14.13,--,7,9891,卖盘
2239,11:00:09,14.13,-0.02,24,33912,卖盘
2240,11:00:00,14.15,--,4,5660,买盘
2241,10:59:54,14.15,--,23,32545,买盘
2242,10:59:48,14.15,0.01,56,79240,买盘
2243,10:59:39,14.14,-0.01,4,5656,中性盘
2244,10:59:36,14.15,0.01,27,38205,买盘
2245,10:59:24,14.14,-0.01,5,7070,中性盘
2246,10:59:12,14.15,0.02,60,84900,买盘
2247,10:59:09,14.13,--,24,33912,卖盘
2248,10:59:06,14.13,-0.01,7,9891,卖盘
2249,10:59:03,14.14,-0.01,39,55994,卖盘
2250,10:59:00,14.15,0.01,13,18395,买盘
2251,10:58:57,14.14,--,37,52318,卖盘
2252,10:58:51,14.14,--,18,25452,卖盘
2253,10:58:48,14.14,-0.01,23,32522,卖盘
2254,10:58:45,14.15,0.01,4,5660,买盘
2255,10:58:42,14.14,-0.01,6,9417,卖盘
2256,10:58:39,14.15,0.01,31,44388,买盘
2257,10:58:36,14.14,--,24,33936,卖盘
2258,10:58:33,14.14,-0.01,22,31108,卖盘
2259,10:58:30,14.15,-0.02,3134,4435430,卖盘
2260,10:58:27,14.17,0.01,9,12753,买盘
2261,10:58:21,14.16,--,65,92040,卖盘
2262,10:58:18,14.16,-0.02,127,179832,卖盘
2263,10:58:15,14.18,0.02,5,7090,买盘
2264,10:58:12,14.16,--,50,70800,卖盘
2265,10:58:06,14.16,-0.01,54,76464,卖盘
2266,10:58:03,14.17,--,73,103441,卖盘
2267,10:58:00,14.17,0.01,162,230106,买盘
2268,10:57:57,14.16,-0.01,24,33984,卖盘
2269,10:57:54,14.17,--,50,70850,买盘
2270,10:57:51,14.17,0.01,10,14170,买盘
2271,10:57:48,14.16,--,73,103368,卖盘
2272,10:57:45,14.16,--,486,688176,卖盘
2273,10:57:42,14.16,--,292,413514,卖盘
2274,10:57:39,14.16,--,3,4248,卖盘
2275,10:57:36,14.16,--,41,58056,卖盘
2276,10:57:30,14.16,-0.01,46,65136,卖盘
2277,10:57:27,14.17,0.01,218,308906,买盘
2278,10:57:24,14.16,--,67,94872,买盘
2279,10:57:21,14.16,--,1,1416,买盘
2280,10:57:18,14.16,-0.01,1258,1782191,卖盘
2281,10:57:15,14.17,0.01,330,467610,买盘
2282,10:57:12,14.16,-0.01,205,290280,卖盘
2283,10:57:09,14.17,0.01,34,48178,买盘
2284,10:57:06,14.16,--,29,41064,卖盘
2285,10:57:03,14.16,--,25,35400,卖盘
2286,10:57:00,14.16,--,24,33984,卖盘
2287,10:56:57,14.16,--,20,28320,卖盘
2288,10:56:54,14.16,0.01,1120,1586472,买盘
2289,10:56:51,14.15,--,52,73580,买盘
2290,10:56:48,14.15,--,9,12735,买盘
2291,10:56:45,14.15,--,25,35417,买盘
2292,10:56:39,14.15,--,51,72165,买盘
2293,10:56:36,14.15,--,43,61326,买盘
2294,10:56:33,14.15,--,6,8490,买盘
2295,10:56:30,14.15,--,17,24055,买盘
2296,10:56:24,14.15,--,1,1415,买盘
2297,10:56:21,14.15,0.01,9,12735,买盘
2298,10:56:18,14.14,--,194,274316,买盘
2299,10:56:15,14.14,--,24,33936,买盘
2300,10:56:12,14.14,--,52,74913,卖盘
2301,10:56:09,14.14,--,24,33936,卖盘
2302,10:56:06,14.14,--,110,155540,卖盘
2303,10:56:03,14.14,--,151,213542,买盘
2304,10:56:00,14.14,--,66,93324,买盘
2305,10:55:57,14.14,--,50,70700,买盘
2306,10:55:54,14.14,--,38,53732,买盘
2307,10:55:51,14.14,-0.01,94,134301,卖盘
2308,10:55:48,14.15,--,15,21225,买盘
2309,10:55:45,14.15,--,29,41063,买盘
2310,10:55:42,14.15,--,1,1415,买盘
2311,10:55:39,14.15,0.01,53,74995,买盘
2312,10:55:36,14.14,-0.01,20,28280,卖盘
2313,10:55:33,14.15,0.01,8,11320,买盘
2314,10:55:30,14.14,-0.01,8,11312,中性盘
2315,10:55:27,14.15,0.01,108,152820,买盘
2316,10:55:24,14.14,--,2,2828,买盘
2317,10:55:21,14.14,--,60,84840,买盘
2318,10:55:18,14.14,--,233,329462,买盘
2319,10:55:15,14.14,--,40,56560,买盘
2320,10:55:12,14.14,0.02,9,12726,买盘
2321,10:55:09,14.12,-0.02,263,371356,卖盘
2322,10:55:03,14.14,--,38,53732,买盘
2323,10:54:57,14.14,--,20,28280,买盘
2324,10:54:54,14.14,--,1,1414,买盘
2325,10:54:48,14.14,--,67,94780,买盘
2326,10:54:45,14.14,0.02,34,48076,买盘
2327,10:54:42,14.12,-0.01,1,1412,中性盘
2328,10:54:39,14.13,0.01,100,141300,买盘
2329,10:54:36,14.12,--,10,14120,买盘
2330,10:54:33,14.12,--,84,118608,买盘
2331,10:54:30,14.12,--,121,170852,买盘
2332,10:54:24,14.12,--,17,24004,买盘
2333,10:54:15,14.12,--,21,29652,买盘
2334,10:54:12,14.12,--,46,64952,买盘
2335,10:54:09,14.12,--,47,66364,买盘
2336,10:54:06,14.12,0.01,23,32476,买盘
2337,10:54:03,14.11,--,173,244103,买盘
2338,10:54:00,14.11,--,2,2822,买盘
2339,10:53:57,14.11,--,128,180608,买盘
2340,10:53:54,14.11,--,5,7055,买盘
2341,10:53:51,14.11,0.01,30,42330,买盘
2342,10:53:48,14.1,-0.01,16,22602,卖盘
2343,10:53:45,14.11,--,67,94537,买盘
2344,10:53:42,14.11,--,5,7055,买盘
2345,10:53:39,14.11,--,6,8466,买盘
2346,10:53:36,14.11,0.01,48,67728,买盘
2347,10:53:24,14.1,0.01,28,39522,买盘
2348,10:53:06,14.09,-0.02,38,54908,卖盘
2349,10:53:03,14.11,0.01,12,16932,买盘
2350,10:52:54,14.1,--,30,42300,卖盘
2351,10:52:51,14.1,--,112,157962,卖盘
2352,10:52:48,14.1,--,13,18330,卖盘
2353,10:52:45,14.1,--,114,160740,买盘
2354,10:52:42,14.1,0.01,10,14100,买盘
2355,10:52:39,14.09,-0.01,10,14090,卖盘
2356,10:52:36,14.1,--,124,174840,买盘
2357,10:52:30,14.1,--,205,289050,买盘
2358,10:52:27,14.1,--,28,39480,买盘
2359,10:52:24,14.1,--,11,15510,买盘
2360,10:52:12,14.1,0.01,1,1410,买盘
2361,10:52:09,14.09,--,24,33816,卖盘
2362,10:52:06,14.09,--,21,29589,卖盘
2363,10:51:57,14.09,-0.01,18,25362,卖盘
2364,10:51:51,14.1,--,72,101562,买盘
2365,10:51:48,14.1,0.01,4,5640,买盘
2366,10:51:45,14.09,--,22,30998,卖盘
2367,10:51:36,14.09,-0.01,24,33816,卖盘
2368,10:51:30,14.1,0.01,100,141000,买盘
2369,10:51:27,14.09,--,10,14090,卖盘
2370,10:51:24,14.09,-0.01,5,7045,卖盘
2371,10:51:21,14.1,--,50,70500,买盘
2372,10:51:12,14.1,0.01,2,2820,买盘
2373,10:51:06,14.09,-0.01,59,83131,卖盘
2374,10:51:00,14.1,--,154,217140,买盘
2375,10:50:57,14.1,--,25,35250,买盘
2376,10:50:54,14.1,--,18,25408,买盘
2377,10:50:51,14.1,--,6,8460,买盘
2378,10:50:39,14.1,0.01,4,5640,买盘
2379,10:50:36,14.09,-0.01,24,33816,卖盘
2380,10:50:33,14.1,0.01,31,43710,买盘
2381,10:50:30,14.09,-0.01,618,870762,卖盘
2382,10:50:06,14.1,--,54,76140,卖盘
2383,10:50:03,14.1,-0.01,23,32430,卖盘
2384,10:50:00,14.11,-0.01,132,187423,卖盘
2385,10:49:57,14.12,0.01,1,1412,买盘
2386,10:49:54,14.11,-0.01,11,15577,卖盘
2387,10:49:51,14.12,--,23,32476,买盘
2388,10:49:48,14.12,--,33,46596,买盘
2389,10:49:45,14.12,--,3,4236,买盘
2390,10:49:39,14.12,0.01,6,8472,买盘
2391,10:49:36,14.11,-0.01,27,38097,卖盘
2392,10:49:33,14.12,-0.01,205,290843,卖盘
2393,10:49:27,14.13,--,9,13875,卖盘
2394,10:49:24,14.13,--,97,137315,买盘
2395,10:49:21,14.13,0.01,15,21195,买盘
2396,10:49:18,14.12,--,123,173676,卖盘
2397,10:49:15,14.12,--,3,4236,卖盘
2398,10:49:12,14.12,--,114,160968,卖盘
2399,10:49:09,14.12,--,11,15532,卖盘
2400,10:49:06,14.12,--,44,62128,卖盘
2401,10:48:57,14.12,-0.01,12,16972,卖盘
2402,10:48:54,14.13,0.02,4,5652,买盘
2403,10:48:45,14.11,-0.01,65,91715,卖盘
2404,10:48:42,14.12,--,1,1412,卖盘
2405,10:48:36,14.12,-0.01,24,33888,卖盘
2406,10:48:27,14.13,--,5,7065,买盘
2407,10:48:18,14.13,0.02,10,14130,买盘
2408,10:48:12,14.11,-0.01,17,24184,卖盘
2409,10:48:09,14.12,--,30,42360,买盘
2410,10:48:00,14.12,--,20,28240,买盘
2411,10:47:57,14.12,--,1,1412,买盘
2412,10:47:54,14.12,-0.01,5,8330,卖盘
2413,10:47:51,14.13,0.01,5,7065,买盘
2414,10:47:48,14.12,--,2,2965,买盘
2415,10:47:45,14.12,--,18,26122,卖盘
2416,10:47:39,14.12,0.01,181,256278,买盘
2417,10:47:36,14.11,-0.01,125,177729,卖盘
2418,10:47:30,14.12,--,1,1412,买盘
2419,10:47:27,14.12,--,49,69188,买盘
2420,10:47:18,14.12,--,10,14120,买盘
2421,10:47:15,14.12,--,1,1412,买盘
2422,10:47:12,14.12,0.01,26,36712,买盘
2423,10:47:06,14.11,--,25,35275,卖盘
2424,10:47:03,14.11,-0.01,130,184135,卖盘
2425,10:47:00,14.12,--,83,117944,买盘
2426,10:46:54,14.12,--,30,42360,买盘
2427,10:46:51,14.12,0.02,36,50832,买盘
2428,10:46:48,14.1,-0.01,23,32430,卖盘
2429,10:46:45,14.11,--,16,22576,买盘
2430,10:46:42,14.11,--,10,14110,买盘
2431,10:46:39,14.11,0.01,40,56440,买盘
2432,10:46:36,14.1,--,247,348270,卖盘
2433,10:46:33,14.1,-0.02,23,32430,卖盘
2434,10:46:30,14.12,0.02,6,8472,买盘
2435,10:46:27,14.1,-0.02,64,90240,卖盘
2436,10:46:24,14.12,-0.01,1,1412,买盘
2437,10:46:21,14.13,--,13,18369,买盘
2438,10:46:18,14.13,0.01,17,24021,买盘
2439,10:46:15,14.12,--,17,25161,卖盘
2440,10:46:12,14.12,-0.01,15,21180,卖盘
2441,10:46:09,14.13,0.01,10,14130,买盘
2442,10:46:06,14.12,--,24,33888,卖盘
2443,10:46:03,14.12,-0.01,17,24046,卖盘
2444,10:45:57,14.13,--,1,1413,买盘
2445,10:45:48,14.13,--,4,5652,买盘
2446,10:45:42,14.13,-0.01,8,11304,卖盘
2447,10:45:39,14.14,0.02,33,46662,买盘
2448,10:45:36,14.12,-0.01,24,33888,卖盘
2449,10:45:33,14.13,--,28,39564,卖盘
2450,10:45:30,14.13,-0.01,3,4239,卖盘
2451,10:45:27,14.14,0.01,56,79184,买盘
2452,10:45:24,14.13,--,41,57933,卖盘
2453,10:45:18,14.13,-0.01,20,28260,卖盘
2454,10:45:12,14.14,--,1,1414,买盘
2455,10:45:09,14.14,0.02,32,45248,买盘
2456,10:45:06,14.12,-0.01,62,87544,卖盘
2457,10:45:03,14.13,-0.01,111,156871,卖盘
2458,10:45:00,14.14,0.01,70,98980,买盘
2459,10:44:54,14.13,-0.01,118,166734,卖盘
2460,10:44:51,14.14,0.01,15,21210,买盘
2461,10:44:45,14.13,--,10,14130,卖盘
2462,10:44:42,14.13,0.01,68,96267,买盘
2463,10:44:36,14.12,-0.01,100,141200,卖盘
2464,10:44:33,14.13,0.01,200,282600,买盘
2465,10:44:30,14.12,--,213,300756,买盘
2466,10:44:24,14.12,-0.01,180,254160,卖盘
2467,10:44:21,14.13,--,81,114453,买盘
2468,10:44:18,14.13,0.02,229,323577,买盘
2469,10:44:15,14.11,-0.01,372,526119,卖盘
2470,10:44:09,14.12,0.01,313,441956,买盘
2471,10:44:06,14.11,-0.01,84,118566,卖盘
2472,10:44:03,14.12,0.01,97,137105,买盘
2473,10:44:00,14.11,--,15,21165,买盘
2474,10:43:57,14.11,--,20,28220,买盘
2475,10:43:54,14.11,0.01,10,14110,买盘
2476,10:43:48,14.1,--,427,603198,买盘
2477,10:43:45,14.1,--,32,45120,买盘
2478,10:43:39,14.1,0.01,50,70500,买盘
2479,10:43:36,14.09,--,109,153581,买盘
2480,10:43:33,14.09,--,239,336751,买盘
2481,10:43:30,14.09,0.02,5,7045,买盘
2482,10:43:24,14.07,-0.02,3,4221,卖盘
2483,10:43:21,14.09,0.02,127,178943,买盘
2484,10:43:15,14.07,0.01,9,12663,中性盘
2485,10:43:06,14.06,-0.01,35,49252,卖盘
2486,10:43:03,14.07,--,144,202608,买盘
2487,10:43:00,14.07,--,53,74571,买盘
2488,10:42:57,14.07,--,80,112560,买盘
2489,10:42:54,14.07,0.01,80,113544,买盘
2490,10:42:51,14.06,--,150,210900,买盘
2491,10:42:48,14.06,--,47,66082,买盘
2492,10:42:45,14.06,--,69,97014,买盘
2493,10:42:42,14.06,--,27,37962,买盘
2494,10:42:39,14.06,0.01,115,161690,买盘
2495,10:42:36,14.05,-0.01,47,66035,卖盘
2496,10:42:33,14.06,0.01,142,200523,买盘
2497,10:42:30,14.05,--,1,1405,买盘
2498,10:42:27,14.05,--,100,140500,买盘
2499,10:42:21,14.05,--,55,77275,买盘
2500,10:42:18,14.05,--,10,14050,买盘
2501,10:42:15,14.05,--,50,70250,买盘
2502,10:42:12,14.05,0.01,275,386375,买盘
2503,10:42:09,14.04,--,11,15486,卖盘
2504,10:42:06,14.04,-0.01,24,33696,卖盘
2505,10:42:03,14.05,--,50,70250,买盘
2506,10:42:00,14.05,-0.01,46,65163,卖盘
2507,10:41:54,14.06,0.01,9,13385,买盘
2508,10:41:51,14.05,--,16,22480,卖盘
2509,10:41:42,14.05,-0.01,10,14050,卖盘
2510,10:41:39,14.06,0.02,20,28260,买盘
2511,10:41:36,14.04,-0.01,74,103896,卖盘
2512,10:41:27,14.05,--,10,14050,买盘
2513,10:41:21,14.05,--,15,21075,买盘
2514,10:41:18,14.05,0.01,18,25290,买盘
2515,10:41:12,14.04,--,12,16904,卖盘
2516,10:41:09,14.04,-0.01,9,12636,卖盘
2517,10:41:06,14.05,--,25,35125,买盘
2518,10:41:03,14.05,--,6,8430,买盘
2519,10:40:57,14.05,--,50,70250,买盘
2520,10:40:54,14.05,--,4,5620,买盘
2521,10:40:51,14.05,-0.01,4,6884,卖盘
2522,10:40:45,14.06,--,3,4358,买盘
2523,10:40:42,14.06,--,7,9842,买盘
2524,10:40:39,14.06,0.02,4,5624,买盘
2525,10:40:36,14.04,--,55,77220,卖盘
2526,10:40:12,14.04,-0.02,16,22506,卖盘
2527,10:40:09,14.06,0.02,13,18278,买盘
2528,10:40:06,14.04,--,24,33696,卖盘
2529,10:39:57,14.04,-0.01,146,204984,卖盘
2530,10:39:51,14.05,--,6,8430,买盘
2531,10:39:48,14.05,--,55,77275,买盘
2532,10:39:45,14.05,--,5,7025,买盘
2533,10:39:42,14.05,--,8,11240,买盘
2534,10:39:39,14.05,0.01,27,37935,买盘
2535,10:39:36,14.04,--,24,33696,卖盘
2536,10:39:24,14.04,-0.01,12,16848,卖盘
2537,10:39:21,14.05,--,10,14050,买盘
2538,10:39:15,14.05,--,13,18293,买盘
2539,10:39:12,14.05,--,20,28100,买盘
2540,10:39:09,14.05,0.01,12,16860,买盘
2541,10:39:06,14.04,-0.01,24,33696,中性盘
2542,10:38:57,14.05,0.01,5,7025,买盘
2543,10:38:51,14.04,--,1,1404,买盘
2544,10:38:48,14.04,--,9,12636,卖盘
2545,10:38:42,14.04,-0.01,4,5616,中性盘
2546,10:38:39,14.05,0.03,34,47770,买盘
2547,10:38:36,14.02,--,24,33648,卖盘
2548,10:38:33,14.02,-0.02,32,44864,中性盘
2549,10:38:27,14.04,0.03,7,9828,买盘
2550,10:38:18,14.01,-0.03,44,61644,卖盘
2551,10:38:15,14.04,-0.01,11,15486,中性盘
2552,10:38:09,14.05,0.04,17,23885,买盘
2553,10:38:06,14.01,-0.03,24,33624,卖盘
2554,10:38:03,14.04,--,1,1404,买盘
2555,10:37:57,14.04,--,99,138996,卖盘
2556,10:37:54,14.04,0.03,51,71604,买盘
2557,10:37:51,14.01,-0.03,2,2802,卖盘
2558,10:37:45,14.04,--,6,8424,买盘
2559,10:37:39,14.04,0.04,11,15443,买盘
2560,10:37:36,14.0,--,55,78246,买盘
2561,10:37:33,14.0,--,6,8400,买盘
2562,10:37:30,14.0,-0.04,173,242508,卖盘
2563,10:37:21,14.04,0.04,10,14040,买盘
2564,10:37:18,14.0,-0.04,11,15442,卖盘
2565,10:37:15,14.04,-0.01,1,1404,中性盘
2566,10:37:09,14.05,0.01,519,729195,买盘
2567,10:37:06,14.04,-0.02,24,33696,卖盘
2568,10:37:03,14.06,0.01,10,14060,买盘
2569,10:36:57,14.05,--,20,28100,买盘
2570,10:36:54,14.05,--,50,70250,买盘
2571,10:36:51,14.05,0.01,6,8430,买盘
2572,10:36:45,14.04,--,9,13366,卖盘
2573,10:36:42,14.04,-0.01,27,37908,卖盘
2574,10:36:39,14.05,0.01,122,171410,买盘
2575,10:36:36,14.04,-0.01,25,35100,卖盘
2576,10:36:33,14.05,--,112,157360,买盘
2577,10:36:24,14.05,0.01,100,140500,买盘
2578,10:36:21,14.04,--,1,1404,卖盘
2579,10:36:18,14.04,-0.01,111,155886,卖盘
2580,10:36:15,14.05,--,9,12645,买盘
2581,10:36:12,14.05,--,47,66035,买盘
2582,10:36:09,14.05,--,79,110995,买盘
2583,10:36:06,14.05,0.01,30,42150,买盘
2584,10:36:03,14.04,--,1,1684,卖盘
2585,10:35:57,14.04,-0.01,2,2808,中性盘
2586,10:35:45,14.05,--,1,1405,买盘
2587,10:35:42,14.05,--,7,9835,买盘
2588,10:35:39,14.05,0.02,46,64630,买盘
2589,10:35:36,14.03,-0.02,24,33672,卖盘
2590,10:35:33,14.05,-0.01,215,303437,卖盘
2591,10:35:30,14.06,--,110,154660,买盘
2592,10:35:27,14.06,0.01,33,46398,买盘
2593,10:35:21,14.05,-0.01,111,155997,卖盘
2594,10:35:15,14.06,--,128,179968,买盘
2595,10:35:09,14.06,--,20,28120,买盘
2596,10:35:06,14.06,--,101,142006,买盘
2597,10:35:03,14.06,--,22,30932,买盘
2598,10:34:57,14.06,0.01,23,32338,买盘
2599,10:34:54,14.05,--,7,9835,买盘
2600,10:34:51,14.05,0.03,4,5620,买盘
2601,10:34:48,14.02,-0.03,1,1402,卖盘
2602,10:34:45,14.05,--,20,28100,买盘
2603,10:34:39,14.05,--,142,199510,买盘
2604,10:34:36,14.05,--,70,98350,买盘
2605,10:34:33,14.05,--,23,32315,买盘
2606,10:34:27,14.05,--,33,46365,买盘
2607,10:34:24,14.05,--,58,81532,买盘
2608,10:34:18,14.05,--,1,1405,买盘
2609,10:34:12,14.05,0.01,111,155955,买盘
2610,10:34:09,14.04,0.02,121,169884,买盘
2611,10:34:06,14.02,--,9,12618,买盘
2612,10:34:03,14.02,--,54,75708,买盘
2613,10:34:00,14.02,--,35,49070,买盘
2614,10:33:57,14.02,--,24,33648,买盘
2615,10:33:54,14.02,-0.03,8,11216,中性盘
2616,10:33:51,14.05,--,4,5620,买盘
2617,10:33:39,14.05,--,19,26695,买盘
2618,10:33:36,14.05,--,46,64630,买盘
2619,10:33:33,14.05,--,33,46365,买盘
2620,10:33:30,14.05,--,1,1405,买盘
2621,10:33:27,14.05,0.01,23,32315,买盘
2622,10:33:24,14.04,-0.01,9,12636,卖盘
2623,10:33:21,14.05,0.01,16,22480,买盘
2624,10:33:18,14.04,--,9,12636,卖盘
2625,10:33:15,14.04,-0.01,10,14040,卖盘
2626,10:33:12,14.05,--,28,39340,买盘
2627,10:33:09,14.05,--,32,44960,买盘
2628,10:33:06,14.05,0.01,60,84300,买盘
2629,10:33:00,14.04,-0.01,8,11232,中性盘
2630,10:32:48,14.05,--,4,5620,买盘
2631,10:32:45,14.05,--,7,9835,买盘
2632,10:32:42,14.05,--,23,32315,买盘
2633,10:32:39,14.05,0.02,19,26695,买盘
2634,10:32:36,14.03,-0.03,1,1403,卖盘
2635,10:32:33,14.06,0.09,35,49210,买盘
2636,10:32:30,13.97,-0.05,682,952754,卖盘
2637,10:32:27,14.02,--,11,15464,卖盘
2638,10:32:18,14.02,-0.02,98,137508,卖盘
2639,10:32:15,14.04,--,61,85644,买盘
2640,10:32:12,14.04,--,3,4212,买盘
2641,10:32:09,14.04,0.01,19,26676,买盘
2642,10:32:03,14.03,-0.01,50,70150,卖盘
2643,10:31:48,14.04,--,2,2808,买盘
2644,10:31:45,14.04,0.01,78,109554,买盘
2645,10:31:42,14.03,--,9,12627,买盘
2646,10:31:39,14.03,--,19,26657,买盘
2647,10:31:36,14.03,--,3,5569,卖盘
2648,10:31:30,14.03,-0.01,12,16878,卖盘
2649,10:31:24,14.04,--,47,65988,买盘
2650,10:31:21,14.04,--,3,4212,买盘
2651,10:31:15,14.04,--,6,8424,买盘
2652,10:31:09,14.04,--,19,26676,买盘
2653,10:31:03,14.04,--,5,7020,买盘
2654,10:30:57,14.04,--,17,23868,买盘
2655,10:30:54,14.04,--,15,22337,卖盘
2656,10:30:51,14.04,-0.02,1,1530,卖盘
2657,10:30:48,14.06,0.04,348,489288,买盘
2658,10:30:45,14.02,-0.02,26,36452,卖盘
2659,10:30:39,14.04,0.03,25,35100,买盘
2660,10:30:27,14.01,--,3,4455,卖盘
2661,10:30:21,14.01,--,23,32223,卖盘
2662,10:30:15,14.01,-0.03,46,64446,卖盘
2663,10:30:09,14.04,--,65,91260,买盘
2664,10:30:06,14.04,0.02,202,283608,买盘
2665,10:29:57,14.02,--,23,32246,中性盘
2666,10:29:48,14.02,0.01,50,70100,买盘
2667,10:29:33,14.01,-0.03,16,23088,卖盘
2668,10:29:30,14.04,0.02,11,15879,买盘
2669,10:29:27,14.02,--,26,36746,买盘
2670,10:29:24,14.02,--,52,72904,买盘
2671,10:29:06,14.02,--,1,1402,买盘
2672,10:29:00,14.02,--,26,36452,买盘
2673,10:28:54,14.02,--,40,56346,卖盘
2674,10:28:51,14.02,--,46,64492,卖盘
2675,10:28:48,14.02,-0.02,46,64492,卖盘
2676,10:28:45,14.04,0.02,5,7020,买盘
2677,10:28:42,14.02,--,46,64492,卖盘
2678,10:28:33,14.02,-0.02,24,34363,卖盘
2679,10:28:21,14.04,0.01,1,1404,买盘
2680,10:28:15,14.03,--,10,14030,卖盘
2681,10:28:09,14.03,-0.01,12,16836,卖盘
2682,10:27:45,14.04,0.01,4,5616,买盘
2683,10:27:39,14.03,-0.01,15,21045,卖盘
2684,10:27:36,14.04,0.01,6,8424,买盘
2685,10:27:33,14.03,-0.01,11,15489,卖盘
2686,10:27:30,14.04,--,50,70200,买盘
2687,10:27:24,14.04,--,17,23868,买盘
2688,10:27:12,14.04,--,5,7020,买盘
2689,10:27:06,14.04,--,2,2808,买盘
2690,10:26:51,14.04,--,4,5616,买盘
2691,10:26:39,14.04,0.01,1,1404,买盘
2692,10:26:36,14.03,--,11,15489,卖盘
2693,10:26:33,14.03,--,14,19642,卖盘
2694,10:26:18,14.03,--,56,78568,买盘
2695,10:26:09,14.03,--,1,1403,买盘
2696,10:26:03,14.03,--,40,56120,买盘
2697,10:26:00,14.03,--,12,16836,买盘
2698,10:25:48,14.03,--,33,46299,买盘
2699,10:25:45,14.03,0.01,4,5612,买盘
2700,10:25:39,14.02,--,25,35596,卖盘
2701,10:25:36,14.02,-0.01,6,9309,卖盘
2702,10:25:30,14.03,--,1,1403,买盘
2703,10:25:24,14.03,--,12,16836,买盘
2704,10:25:18,14.03,0.01,14,19642,买盘
2705,10:25:15,14.02,--,2,2804,卖盘
2706,10:24:48,14.02,-0.01,3,4206,卖盘
2707,10:24:42,14.03,0.01,4,5612,买盘
2708,10:24:39,14.02,-0.01,16,22474,卖盘
2709,10:24:36,14.03,--,12,16836,买盘
2710,10:24:21,14.03,--,1,1403,买盘
2711,10:24:18,14.03,--,12,16836,买盘
2712,10:24:15,14.03,--,4,5612,买盘
2713,10:24:12,14.03,--,9,12627,卖盘
2714,10:24:09,14.03,--,18,25254,买盘
2715,10:24:06,14.03,--,1,1403,买盘
2716,10:23:51,14.03,-0.01,1,1403,中性盘
2717,10:23:42,14.04,0.01,31,43524,买盘
2718,10:23:39,14.03,-0.01,15,21045,卖盘
2719,10:23:36,14.04,--,10,14040,买盘
2720,10:23:27,14.04,--,6,8424,买盘
2721,10:23:21,14.04,0.01,147,206388,买盘
2722,10:23:18,14.03,--,200,280600,卖盘
2723,10:22:54,14.03,-0.01,20,28060,卖盘
2724,10:22:51,14.04,--,50,70200,买盘
2725,10:22:45,14.04,-0.01,36,50544,买盘
2726,10:22:39,14.05,--,5,7025,买盘
2727,10:22:21,14.05,0.01,71,99755,买盘
2728,10:22:06,14.04,0.01,49,68824,买盘
2729,10:22:03,14.03,--,3,4209,卖盘
2730,10:21:48,14.03,--,5,8333,买盘
2731,10:21:45,14.03,--,14,19712,买盘
2732,10:21:42,14.03,--,24,33672,买盘
2733,10:21:36,14.03,--,15,21045,买盘
2734,10:21:33,14.03,--,3,4209,买盘
2735,10:21:30,14.03,--,3,4209,买盘
2736,10:21:18,14.03,0.01,6,8418,买盘
2737,10:21:15,14.02,-0.01,10,14020,卖盘
2738,10:21:12,14.03,--,2,2806,买盘
2739,10:21:06,14.03,0.01,6,8418,买盘
2740,10:20:57,14.02,-0.01,5,7010,卖盘
2741,10:20:54,14.03,0.01,39,54717,买盘
2742,10:20:48,14.02,--,12,16866,卖盘
2743,10:20:45,14.02,--,6,8412,卖盘
2744,10:20:42,14.02,--,25,35330,买盘
2745,10:20:39,14.02,0.02,10,14020,买盘
2746,10:20:27,14.0,-0.02,10,14000,卖盘
2747,10:20:24,14.02,--,500,701000,买盘
2748,10:20:09,14.02,0.02,450,630900,买盘
2749,10:19:51,14.0,0.01,841,1178114,买盘
2750,10:19:48,13.99,--,11,15430,卖盘
2751,10:19:45,13.99,--,0,321,买盘
2752,10:19:42,13.99,0.01,4,5596,买盘
2753,10:19:36,13.98,--,10,13980,卖盘
2754,10:19:24,13.98,-0.01,7,9786,中性盘
2755,10:19:21,13.99,0.01,30,41970,买盘
2756,10:19:18,13.98,--,1,1398,买盘
2757,10:19:12,13.98,-0.01,82,115712,卖盘
2758,10:19:09,13.99,0.01,26,36374,买盘
2759,10:19:03,13.98,--,3,4473,卖盘
2760,10:18:51,13.98,--,12,16817,卖盘
2761,10:18:48,13.98,--,30,41940,卖盘
2762,10:18:45,13.98,--,10,13980,卖盘
2763,10:18:42,13.98,--,20,27960,卖盘
2764,10:18:30,13.98,-0.01,4,5592,卖盘
2765,10:18:27,13.99,-0.01,8,11192,卖盘
2766,10:18:24,14.0,0.01,23,32200,买盘
2767,10:18:21,13.99,-0.01,5,6995,卖盘
2768,10:18:15,14.0,--,4,5600,买盘
2769,10:18:09,14.0,--,6,8400,买盘
2770,10:18:06,14.0,--,1,1400,买盘
2771,10:18:03,14.0,0.01,300,420644,买盘
2772,10:17:57,13.99,--,12,16788,卖盘
2773,10:17:54,13.99,-0.01,1,1399,卖盘
2774,10:17:48,14.0,-0.01,254,355642,卖盘
2775,10:17:45,14.01,0.01,79,110679,买盘
2776,10:17:42,14.0,-0.01,15,21000,卖盘
2777,10:17:39,14.01,0.01,74,103674,买盘
2778,10:17:36,14.0,--,48,67200,卖盘
2779,10:17:33,14.0,--,79,110600,卖盘
2780,10:17:30,14.0,--,60,84000,卖盘
2781,10:17:27,14.0,--,10,14000,卖盘
