,time,price,change,volume,amount,type
0,15:00:03,4.98,0.01,6765,3368970,买盘
1,14:57:00,4.97,--,215,106855,卖盘
2,14:56:54,4.97,-0.01,2326,1156469,卖盘
3,14:56:51,4.98,--,17,8466,买盘
4,14:56:48,4.98,--,91,45318,买盘
5,14:56:45,4.98,--,40,19920,买盘
6,14:56:42,4.98,--,108,53784,买盘
7,14:56:39,4.98,--,29,14442,买盘
8,14:56:36,4.98,--,257,127986,卖盘
9,14:56:33,4.98,--,12,5976,卖盘
10,14:56:30,4.98,--,106,52788,买盘
11,14:56:27,4.98,--,79,39342,买盘
12,14:56:24,4.98,--,5,2490,买盘
13,14:56:21,4.98,--,57,28386,买盘
14,14:56:18,4.98,-0.01,527,262446,卖盘
15,14:56:15,4.99,0.01,5,2495,买盘
16,14:56:12,4.98,-0.01,109,54282,卖盘
17,14:56:09,4.99,0.01,34,16966,买盘
18,14:56:06,4.98,--,80,39840,卖盘
19,14:56:03,4.98,-0.01,253,125994,卖盘
20,14:56:00,4.99,--,9,4491,买盘
21,14:55:57,4.99,0.01,28,13972,买盘
22,14:55:54,4.98,--,167,83166,卖盘
23,14:55:48,4.98,--,70,34860,卖盘
24,14:55:45,4.98,--,323,160854,卖盘
25,14:55:42,4.98,-0.01,65,32370,卖盘
26,14:55:39,4.99,--,70,34930,买盘
27,14:55:36,4.99,--,8,3992,买盘
28,14:55:33,4.99,0.01,150,74850,买盘
29,14:55:30,4.98,-0.01,1353,673794,卖盘
30,14:55:27,4.99,--,5,2495,买盘
31,14:55:24,4.99,0.01,125,62375,买盘
32,14:55:21,4.98,-0.01,456,227088,卖盘
33,14:55:18,4.99,--,10,4990,买盘
34,14:55:15,4.99,--,51,25449,买盘
35,14:55:12,4.99,-0.01,69,34475,卖盘
36,14:55:09,5.0,0.01,73,36500,买盘
37,14:55:06,4.99,-0.01,77,38423,卖盘
38,14:55:03,5.0,0.01,27,13500,买盘
39,14:55:00,4.99,--,123,61377,卖盘
40,14:54:57,4.99,--,20,9980,卖盘
41,14:54:54,4.99,--,419,209081,卖盘
42,14:54:51,4.99,--,1199,598301,卖盘
43,14:54:48,4.99,-0.01,364,181636,卖盘
44,14:54:45,5.0,--,1,500,买盘
45,14:54:42,5.0,--,146,73000,买盘
46,14:54:36,5.0,--,19,9500,买盘
47,14:54:33,5.0,0.01,20,10000,买盘
48,14:54:30,4.99,-0.01,30,14970,卖盘
49,14:54:27,5.0,0.01,202,101000,买盘
50,14:54:24,4.99,-0.01,32,15968,卖盘
51,14:54:21,5.0,--,14,7000,买盘
52,14:54:18,5.0,--,64,32000,买盘
53,14:54:15,5.0,0.01,20,10000,买盘
54,14:54:12,4.99,-0.01,19,9481,卖盘
55,14:54:06,5.0,0.01,800,400000,买盘
56,14:54:03,4.99,--,5,2495,卖盘
57,14:53:54,4.99,--,40,19960,卖盘
58,14:53:51,4.99,--,59,29441,卖盘
59,14:53:48,4.99,-0.01,66,32934,卖盘
60,14:53:39,5.0,0.01,31,15500,买盘
61,14:53:36,4.99,-0.01,26,12974,卖盘
62,14:53:33,5.0,--,32,16000,卖盘
63,14:53:30,5.0,0.01,83,41500,买盘
64,14:53:27,4.99,-0.01,210,104790,卖盘
65,14:53:24,5.0,--,474,237455,买盘
66,14:53:15,5.0,--,18,9000,买盘
67,14:53:12,5.0,--,56,28000,买盘
68,14:53:09,5.0,--,103,51500,买盘
69,14:53:03,5.0,--,40,20000,买盘
70,14:52:57,5.0,--,203,101500,买盘
71,14:52:54,5.0,--,8,4000,买盘
72,14:52:51,5.0,--,764,382045,卖盘
73,14:52:48,5.0,--,1027,513750,卖盘
74,14:52:45,5.0,--,140,70000,卖盘
75,14:52:36,5.0,--,2,1000,卖盘
76,14:52:33,5.0,-0.01,7,3500,卖盘
77,14:52:30,5.01,0.01,12,6012,买盘
78,14:52:27,5.0,--,240,120000,卖盘
79,14:52:24,5.0,--,24,12000,卖盘
80,14:52:18,5.0,--,12,6000,卖盘
81,14:52:15,5.0,--,250,125000,卖盘
82,14:52:12,5.0,-0.01,20,10000,卖盘
83,14:52:09,5.01,0.01,14,7014,买盘
84,14:52:06,5.0,--,6,3000,卖盘
85,14:52:03,5.0,--,48,24000,卖盘
86,14:52:00,5.0,--,123,61500,卖盘
87,14:51:57,5.0,--,94,47000,卖盘
88,14:51:54,5.0,--,81,40500,卖盘
89,14:51:51,5.0,--,86,43000,卖盘
90,14:51:48,5.0,--,10,5000,卖盘
91,14:51:45,5.0,--,22,11000,卖盘
92,14:51:42,5.0,--,20,10000,卖盘
93,14:51:39,5.0,--,97,48500,卖盘
94,14:51:36,5.0,--,103,51500,卖盘
95,14:51:30,5.0,--,70,35000,卖盘
96,14:51:27,5.0,--,230,115000,卖盘
97,14:51:24,5.0,--,190,95000,卖盘
98,14:51:21,5.0,--,1225,612705,买盘
99,14:51:18,5.0,--,10,5000,买盘
100,14:51:15,5.0,--,123,61795,卖盘
101,14:51:12,5.0,--,34,17205,买盘
102,14:51:09,5.0,--,136,68295,卖盘
103,14:51:06,5.0,--,146,73000,卖盘
104,14:51:03,5.0,--,195,97500,卖盘
105,14:51:00,5.0,--,298,149000,卖盘
106,14:50:57,5.0,--,461,230500,卖盘
107,14:50:54,5.0,--,1110,555205,买盘
108,14:50:51,5.0,--,111,55500,买盘
109,14:50:48,5.0,0.01,5,2500,买盘
110,14:50:45,4.99,-0.01,239,119261,卖盘
111,14:50:42,5.0,--,20,10000,买盘
112,14:50:39,5.0,--,134,67000,买盘
113,14:50:36,5.0,--,3,1500,买盘
114,14:50:33,5.0,--,91,45800,卖盘
115,14:50:30,5.0,--,86,43200,买盘
116,14:50:27,5.0,--,54,27000,买盘
117,14:50:24,5.0,--,364,182300,卖盘
118,14:50:21,5.0,--,643,321500,卖盘
119,14:50:18,5.0,--,201,100500,卖盘
120,14:50:15,5.0,-0.01,829,414500,卖盘
121,14:50:12,5.01,--,42,21042,买盘
122,14:50:09,5.01,0.01,16,8016,买盘
123,14:50:06,5.0,-0.01,1699,849500,卖盘
124,14:50:03,5.01,--,38,19038,买盘
125,14:50:00,5.01,--,32,16032,买盘
126,14:49:57,5.01,0.01,168,84168,买盘
127,14:49:54,5.0,--,27,13500,卖盘
128,14:49:51,5.0,--,40,20000,卖盘
129,14:49:48,5.0,-0.01,223,111500,卖盘
130,14:49:45,5.01,0.01,26,13026,买盘
131,14:49:42,5.0,--,53,26500,卖盘
132,14:49:39,5.0,-0.01,130,65000,卖盘
133,14:49:36,5.01,--,51,25551,买盘
134,14:49:33,5.01,--,164,82164,买盘
135,14:49:30,5.01,0.01,256,128256,买盘
136,14:49:27,5.0,--,6,3000,卖盘
137,14:49:24,5.0,--,19,9500,卖盘
138,14:49:21,5.0,-0.01,75,37500,卖盘
139,14:49:18,5.01,0.01,5,2505,买盘
140,14:49:15,5.0,--,35,17500,卖盘
141,14:49:12,5.0,-0.01,1504,752000,卖盘
142,14:49:09,5.01,--,5,2505,买盘
143,14:49:06,5.01,--,63,31563,买盘
144,14:49:03,5.01,0.01,172,86172,买盘
145,14:49:00,5.0,-0.01,639,319500,卖盘
146,14:48:57,5.01,0.01,7,3507,买盘
147,14:48:54,5.0,-0.01,130,65000,卖盘
148,14:48:51,5.01,0.01,22,11022,买盘
149,14:48:48,5.0,--,10,5000,卖盘
150,14:48:45,5.0,-0.01,50,25000,卖盘
151,14:48:42,5.01,--,4,2004,买盘
152,14:48:39,5.01,--,84,42084,买盘
153,14:48:36,5.01,0.01,172,86172,买盘
154,14:48:33,5.0,--,18,9000,卖盘
155,14:48:30,5.0,--,16,8000,卖盘
156,14:48:27,5.0,-0.01,33,16500,卖盘
157,14:48:24,5.01,0.01,10,5010,买盘
158,14:48:21,5.0,--,350,175000,卖盘
159,14:48:18,5.0,-0.01,5,2500,卖盘
160,14:48:15,5.01,0.01,43,21543,买盘
161,14:48:09,5.0,--,12,6000,卖盘
162,14:48:06,5.0,--,45,22500,卖盘
163,14:48:03,5.0,-0.01,20,10000,卖盘
164,14:48:00,5.01,--,32,16032,买盘
165,14:47:57,5.01,--,123,61623,买盘
166,14:47:51,5.01,--,61,30561,买盘
167,14:47:45,5.01,0.01,28,14028,买盘
168,14:47:42,5.0,--,12,6000,卖盘
169,14:47:39,5.0,--,73,36500,卖盘
170,14:47:30,5.0,--,10,5000,卖盘
171,14:47:24,5.0,-0.01,80,40000,卖盘
172,14:47:21,5.01,0.01,5,2505,买盘
173,14:47:18,5.0,--,10,5000,卖盘
174,14:47:15,5.0,-0.01,143,71500,卖盘
175,14:47:09,5.01,--,2,1002,买盘
176,14:47:03,5.01,0.01,37,18537,买盘
177,14:47:00,5.0,-0.01,30,15000,卖盘
178,14:46:51,5.01,0.01,11,5511,买盘
179,14:46:48,5.0,-0.01,58,29000,卖盘
180,14:46:45,5.01,--,1,501,买盘
181,14:46:42,5.01,--,70,35070,买盘
182,14:46:39,5.01,--,2,1002,买盘
183,14:46:36,5.01,--,2,1002,买盘
184,14:46:33,5.01,0.01,25,12525,买盘
185,14:46:30,5.0,-0.01,23,11500,卖盘
186,14:46:27,5.01,--,17,8517,买盘
187,14:46:21,5.01,--,42,21042,买盘
188,14:46:18,5.01,--,10,5010,买盘
189,14:46:15,5.01,--,4,2004,买盘
190,14:46:09,5.01,--,30,15030,买盘
191,14:46:03,5.01,0.01,12,6012,买盘
192,14:46:00,5.0,-0.01,80,40000,卖盘
193,14:45:57,5.01,--,30,15030,买盘
194,14:45:51,5.01,0.01,14,7014,买盘
195,14:45:48,5.0,-0.01,2,1000,卖盘
196,14:45:45,5.01,0.01,20,10020,买盘
197,14:45:33,5.0,-0.01,48,24000,卖盘
198,14:45:30,5.01,0.01,12,6012,买盘
199,14:45:27,5.0,--,10,5000,卖盘
200,14:45:15,5.0,-0.01,56,28000,卖盘
201,14:45:12,5.01,--,39,19539,买盘
202,14:45:09,5.01,--,30,15030,买盘
203,14:45:03,5.01,0.01,2,1002,买盘
204,14:45:00,5.0,-0.01,60,30000,卖盘
205,14:44:57,5.01,--,10,5010,卖盘
206,14:44:54,5.01,--,14,7014,买盘
207,14:44:51,5.01,0.01,60,30060,买盘
208,14:44:48,5.0,-0.01,142,71000,卖盘
209,14:44:45,5.01,--,20,10020,买盘
210,14:44:42,5.01,--,11,5511,买盘
211,14:44:39,5.01,--,141,70641,买盘
212,14:44:30,5.01,--,153,76653,买盘
213,14:44:27,5.01,--,25,12525,买盘
214,14:44:24,5.01,0.01,1,501,买盘
215,14:44:21,5.0,-0.01,100,50000,卖盘
216,14:44:18,5.01,--,10,5010,买盘
217,14:44:15,5.01,--,25,12525,买盘
218,14:44:12,5.01,--,15,7515,买盘
219,14:44:06,5.01,--,113,56613,买盘
220,14:44:03,5.01,--,17,8517,买盘
221,14:44:00,5.01,--,17,8517,买盘
222,14:43:57,5.01,--,96,48096,买盘
223,14:43:54,5.01,--,1,501,买盘
224,14:43:51,5.01,--,20,10020,买盘
225,14:43:48,5.01,--,28,14028,买盘
226,14:43:45,5.01,--,50,25050,买盘
227,14:43:39,5.01,--,69,34569,卖盘
228,14:43:33,5.01,--,20,10020,卖盘
229,14:43:30,5.01,--,213,106713,卖盘
230,14:43:27,5.01,--,1743,873243,买盘
231,14:43:24,5.01,--,8,4008,买盘
232,14:43:18,5.01,--,106,53106,买盘
233,14:43:12,5.01,0.01,30,15030,买盘
234,14:43:09,5.0,-0.01,343,171500,卖盘
235,14:43:06,5.01,0.01,240,120240,买盘
236,14:43:03,5.0,-0.01,32,16000,卖盘
237,14:43:00,5.01,0.01,35,17535,买盘
238,14:42:57,5.0,--,10,5000,卖盘
239,14:42:54,5.0,-0.01,8,4000,卖盘
240,14:42:51,5.01,0.01,40,20040,买盘
241,14:42:48,5.0,-0.01,113,56500,卖盘
242,14:42:42,5.01,0.01,266,133266,买盘
243,14:42:39,5.0,-0.01,51,25500,卖盘
244,14:42:36,5.01,--,38,19038,买盘
245,14:42:33,5.01,--,12,6012,买盘
246,14:42:27,5.01,--,11,5511,买盘
247,14:42:24,5.01,0.01,190,95190,买盘
248,14:42:21,5.0,-0.01,1,500,卖盘
249,14:42:18,5.01,--,20,10020,买盘
250,14:42:15,5.01,--,17,8517,买盘
251,14:42:09,5.01,--,65,32565,买盘
252,14:42:03,5.01,--,12,6012,中性盘
253,14:41:57,5.01,--,23,11523,卖盘
254,14:41:54,5.01,--,10,5010,卖盘
255,14:41:51,5.01,--,125,62625,卖盘
256,14:41:48,5.01,-0.01,52,26052,卖盘
257,14:41:45,5.02,0.01,3,1505,买盘
258,14:41:42,5.01,--,71,35571,卖盘
259,14:41:39,5.01,--,100,50100,卖盘
260,14:41:36,5.01,--,51,25551,卖盘
261,14:41:33,5.01,--,67,33567,卖盘
262,14:41:30,5.01,--,7,3507,卖盘
263,14:41:27,5.01,--,140,70140,卖盘
264,14:41:24,5.01,--,100,50100,卖盘
265,14:41:21,5.01,-0.01,10,5010,卖盘
266,14:41:18,5.02,0.01,28,14055,买盘
267,14:41:15,5.01,--,200,100200,卖盘
268,14:41:12,5.01,--,100,50100,卖盘
269,14:41:09,5.01,-0.01,20,10020,卖盘
270,14:41:06,5.02,0.01,9,4518,买盘
271,14:41:03,5.01,--,36,18036,卖盘
272,14:41:00,5.01,--,60,30060,卖盘
273,14:40:57,5.01,-0.01,185,92685,卖盘
274,14:40:54,5.02,--,10,5020,买盘
275,14:40:51,5.02,0.01,14,7027,买盘
276,14:40:48,5.01,--,80,40080,卖盘
277,14:40:45,5.01,--,10,5010,卖盘
278,14:40:36,5.01,--,180,90180,卖盘
279,14:40:30,5.01,--,7,3507,卖盘
280,14:40:27,5.01,--,10,5010,卖盘
281,14:40:24,5.01,--,25,12525,卖盘
282,14:40:21,5.01,--,50,25050,卖盘
283,14:40:18,5.01,-0.01,20,10020,卖盘
284,14:40:15,5.02,0.01,10,5020,买盘
285,14:40:12,5.01,-0.01,100,50100,卖盘
286,14:40:09,5.02,0.01,218,109435,买盘
287,14:40:06,5.01,--,20,10020,卖盘
288,14:40:03,5.01,--,44,22044,卖盘
289,14:39:54,5.01,--,378,189378,卖盘
290,14:39:51,5.01,--,38,19038,卖盘
291,14:39:48,5.01,--,2608,1306608,买盘
292,14:39:42,5.01,--,41,20541,买盘
293,14:39:39,5.01,--,210,105210,买盘
294,14:39:33,5.01,0.01,38,19038,买盘
295,14:39:30,5.0,--,10,5000,卖盘
296,14:39:24,5.0,--,300,150000,卖盘
297,14:39:21,5.0,-0.01,20,10000,卖盘
298,14:39:18,5.01,0.01,2,1002,买盘
299,14:39:15,5.0,--,2,1000,卖盘
300,14:39:12,5.0,-0.01,80,40000,卖盘
301,14:39:06,5.01,0.01,210,105210,买盘
302,14:39:03,5.0,--,40,20000,卖盘
303,14:39:00,5.0,-0.01,100,50000,卖盘
304,14:38:54,5.01,0.01,9,4509,买盘
305,14:38:51,5.0,-0.01,12,6000,卖盘
306,14:38:48,5.01,0.01,1,501,买盘
307,14:38:45,5.0,--,100,50000,卖盘
308,14:38:39,5.0,-0.01,51,25500,卖盘
309,14:38:33,5.01,--,10,5010,买盘
310,14:38:30,5.01,--,3,1503,买盘
311,14:38:15,5.01,0.01,3,1503,买盘
312,14:38:12,5.0,--,219,109500,卖盘
313,14:38:09,5.0,--,50,25000,卖盘
314,14:38:03,5.0,--,49,24500,卖盘
315,14:38:00,5.0,-0.01,85,42500,卖盘
316,14:37:51,5.01,--,20,10020,买盘
317,14:37:45,5.01,--,15,7515,买盘
318,14:37:42,5.01,0.01,33,16533,买盘
319,14:37:39,5.0,-0.01,90,45000,卖盘
320,14:37:33,5.01,--,4,2004,买盘
321,14:37:30,5.01,--,45,22545,买盘
322,14:37:27,5.01,--,20,10020,买盘
323,14:37:21,5.01,--,11,5511,买盘
324,14:37:12,5.01,--,10,5010,买盘
325,14:37:09,5.01,--,102,51102,卖盘
326,14:37:06,5.01,--,30,15030,卖盘
327,14:36:57,5.01,0.01,92,46092,买盘
328,14:36:51,5.0,-0.01,16,8000,卖盘
329,14:36:48,5.01,--,26,13026,买盘
330,14:36:45,5.01,-0.01,5,2505,买盘
331,14:36:39,5.02,0.02,912,457823,买盘
332,14:36:36,5.0,-0.01,306,153420,卖盘
333,14:36:30,5.01,--,40,20040,卖盘
334,14:36:27,5.01,--,12,6092,卖盘
335,14:36:15,5.01,--,184,92184,卖盘
336,14:36:09,5.01,--,20,10020,卖盘
337,14:36:06,5.01,--,62,31062,卖盘
338,14:36:03,5.01,-0.01,71,35571,卖盘
339,14:36:00,5.02,--,1,501,买盘
340,14:35:57,5.02,0.01,9,4518,买盘
341,14:35:51,5.01,--,3,1503,卖盘
342,14:35:39,5.01,-0.01,20,10020,卖盘
343,14:35:33,5.02,--,25,12549,买盘
344,14:35:30,5.02,--,311,156122,买盘
345,14:35:27,5.02,--,51,25601,买盘
346,14:35:24,5.02,--,53,26605,买盘
347,14:35:21,5.02,0.01,60,30119,买盘
348,14:35:18,5.01,-0.01,103,51603,卖盘
349,14:35:15,5.02,0.01,94,47187,买盘
350,14:35:12,5.01,--,143,71643,卖盘
351,14:35:03,5.01,--,1,501,卖盘
352,14:34:57,5.01,--,11,5511,卖盘
353,14:34:51,5.01,-0.01,33,16533,卖盘
354,14:34:45,5.02,--,10,5020,买盘
355,14:34:39,5.02,0.01,95,47689,买盘
356,14:34:33,5.01,--,419,209919,卖盘
357,14:34:30,5.01,--,3,1503,卖盘
358,14:34:27,5.01,--,64,32064,卖盘
359,14:34:24,5.01,--,27,13527,卖盘
360,14:34:21,5.01,--,262,131262,卖盘
361,14:34:18,5.01,--,611,306111,买盘
362,14:34:12,5.01,0.01,224,112224,买盘
363,14:34:09,5.0,--,50,25000,卖盘
364,14:34:06,5.0,--,6,3000,卖盘
365,14:34:03,5.0,--,3,1500,卖盘
366,14:33:54,5.0,-0.01,27,13500,卖盘
367,14:33:51,5.01,--,1472,737472,卖盘
368,14:33:48,5.01,--,64,32064,卖盘
369,14:33:45,5.01,--,5,2505,卖盘
370,14:33:42,5.01,--,27,13527,卖盘
371,14:33:36,5.01,--,11,5511,卖盘
372,14:33:33,5.01,--,35,17535,卖盘
373,14:33:30,5.01,--,64,32064,卖盘
374,14:33:27,5.01,--,130,65130,卖盘
375,14:33:24,5.01,--,1083,542583,卖盘
376,14:33:18,5.01,--,70,35070,卖盘
377,14:33:15,5.01,-0.01,42,21042,卖盘
378,14:33:12,5.02,0.01,27,13553,买盘
379,14:33:09,5.01,--,2,1002,卖盘
380,14:33:06,5.01,--,56,28056,卖盘
381,14:33:00,5.01,--,511,256011,卖盘
382,14:32:57,5.01,--,105,52605,卖盘
383,14:32:45,5.01,-0.01,1107,554607,卖盘
384,14:32:42,5.02,0.01,6,3011,买盘
385,14:32:39,5.01,--,147,73647,卖盘
386,14:32:36,5.01,--,89,44589,卖盘
387,14:32:33,5.01,--,50,25050,卖盘
388,14:32:30,5.01,--,1020,511020,卖盘
389,14:32:27,5.01,--,36,18036,卖盘
390,14:32:24,5.01,--,13,6513,卖盘
391,14:32:18,5.01,-0.01,202,101202,卖盘
392,14:32:06,5.02,0.01,199,99897,买盘
393,14:32:03,5.01,-0.01,49,24549,卖盘
394,14:32:00,5.02,--,22,11043,买盘
395,14:31:54,5.02,--,355,178209,买盘
396,14:31:51,5.02,--,10,5020,买盘
397,14:31:45,5.02,--,617,309734,卖盘
398,14:31:42,5.02,-0.01,12,6023,卖盘
399,14:31:39,5.03,0.01,83,41749,买盘
400,14:31:36,5.02,--,5,2510,卖盘
401,14:31:33,5.02,--,500,250999,卖盘
402,14:31:30,5.02,--,110,55219,卖盘
403,14:31:27,5.02,-0.01,19,9538,卖盘
404,14:31:21,5.03,0.01,211,106133,买盘
405,14:31:18,5.02,--,250,125499,卖盘
406,14:31:12,5.02,-0.01,33,16566,卖盘
407,14:31:09,5.03,0.01,44,22132,买盘
408,14:31:06,5.02,--,254,127507,卖盘
409,14:31:03,5.02,--,180,90359,卖盘
410,14:31:00,5.02,--,46,23091,卖盘
411,14:30:57,5.02,--,45,22589,卖盘
412,14:30:54,5.02,--,40,20080,卖盘
413,14:30:45,5.02,--,341,171182,卖盘
414,14:30:42,5.02,-0.01,250,125499,卖盘
415,14:30:36,5.03,0.01,45,22635,买盘
416,14:30:33,5.02,-0.01,100,50199,卖盘
417,14:30:30,5.03,0.01,3,1509,买盘
418,14:30:27,5.02,--,41,20582,卖盘
419,14:30:24,5.02,--,41,20582,卖盘
420,14:30:21,5.02,--,100,50199,卖盘
421,14:30:18,5.02,-0.01,4,2007,卖盘
422,14:30:09,5.03,--,36,18108,买盘
423,14:30:03,5.03,0.01,15,7545,买盘
424,14:30:00,5.02,--,31,15561,卖盘
425,14:29:57,5.02,--,38,19076,卖盘
426,14:29:45,5.02,--,69,34638,卖盘
427,14:29:33,5.02,-0.01,200,100399,卖盘
428,14:29:27,5.03,--,2,1006,买盘
429,14:29:24,5.03,--,9,4527,买盘
430,14:29:21,5.03,--,2,1006,买盘
431,14:29:18,5.03,--,6,3018,买盘
432,14:29:15,5.03,0.01,3,1509,买盘
433,14:29:12,5.02,--,25,12549,卖盘
434,14:29:03,5.02,-0.01,32,16063,卖盘
435,14:29:00,5.03,--,11,5533,买盘
436,14:28:57,5.03,--,18,9054,买盘
437,14:28:45,5.03,--,249,125247,买盘
438,14:28:42,5.03,--,1,503,买盘
439,14:28:36,5.03,--,38,19114,买盘
440,14:28:33,5.03,0.01,1,503,买盘
441,14:28:24,5.02,--,2,1003,卖盘
442,14:28:15,5.02,-0.01,11,5521,卖盘
443,14:28:09,5.03,--,54,27162,买盘
444,14:28:06,5.03,0.01,45,22635,买盘
445,14:28:03,5.02,--,19,9538,卖盘
446,14:27:57,5.02,--,5,2510,卖盘
447,14:27:51,5.02,-0.01,30,15059,卖盘
448,14:27:48,5.03,0.01,120,60360,买盘
449,14:27:45,5.02,--,5,2510,卖盘
450,14:27:42,5.02,-0.01,10,5020,卖盘
451,14:27:39,5.03,0.01,9,4527,买盘
452,14:27:30,5.02,--,10,5020,卖盘
453,14:27:27,5.02,--,102,51203,卖盘
454,14:27:18,5.02,--,150,75300,卖盘
455,14:27:06,5.02,--,3,1505,卖盘
456,14:26:57,5.02,-0.01,75,37650,卖盘
457,14:26:36,5.03,--,2,1006,买盘
458,14:26:33,5.03,0.01,30,15090,买盘
459,14:26:27,5.02,--,160,80320,卖盘
460,14:26:18,5.02,-0.01,10,5020,卖盘
461,14:26:15,5.03,--,20,10060,买盘
462,14:26:09,5.03,--,5,2515,买盘
463,14:25:51,5.03,0.01,1,503,买盘
464,14:25:45,5.02,--,10,5020,卖盘
465,14:25:42,5.02,--,247,123993,卖盘
466,14:25:36,5.02,--,30,15059,卖盘
467,14:25:30,5.02,--,110,55219,卖盘
468,14:25:24,5.02,--,48,24095,卖盘
469,14:25:18,5.02,--,35,17570,卖盘
470,14:25:12,5.02,--,20,10040,卖盘
471,14:25:09,5.02,--,60,30119,卖盘
472,14:25:03,5.02,--,32,16063,卖盘
473,14:24:48,5.02,--,1672,839343,买盘
474,14:24:42,5.02,--,10,5020,买盘
475,14:24:39,5.02,--,2,1003,买盘
476,14:24:33,5.02,--,4,2007,买盘
477,14:24:30,5.02,0.01,2,1003,买盘
478,14:24:12,5.01,-0.01,10,5010,卖盘
479,14:24:09,5.02,--,5,2510,买盘
480,14:24:00,5.02,--,20,10040,买盘
481,14:23:54,5.02,--,12,6023,买盘
482,14:23:48,5.02,--,10,5020,买盘
483,14:23:45,5.02,0.01,20,10040,买盘
484,14:23:42,5.01,-0.01,4,2004,卖盘
485,14:23:39,5.02,0.01,49,24597,买盘
486,14:23:30,5.01,-0.01,50,25050,卖盘
487,14:23:27,5.02,--,8,4015,买盘
488,14:23:18,5.02,--,17,8534,买盘
489,14:23:12,5.02,--,90,45179,买盘
490,14:23:03,5.02,--,30,15059,买盘
491,14:22:51,5.02,--,58,29115,买盘
492,14:22:48,5.02,--,2,1003,买盘
493,14:22:45,5.02,--,50,25099,买盘
494,14:22:36,5.02,0.01,38,19076,买盘
495,14:22:33,5.01,-0.01,3,1503,卖盘
496,14:22:30,5.02,--,7,3513,买盘
497,14:22:27,5.02,--,10,5020,买盘
498,14:22:24,5.02,--,10,5020,买盘
499,14:22:06,5.02,--,1,501,买盘
500,14:22:03,5.02,--,24,12047,买盘
501,14:21:57,5.02,--,54,27107,买盘
502,14:21:33,5.02,0.01,10,5020,买盘
503,14:21:30,5.01,-0.01,100,50100,卖盘
504,14:21:24,5.02,0.01,73,36646,买盘
505,14:21:18,5.01,-0.01,2,1002,卖盘
506,14:21:12,5.02,--,30,15059,买盘
507,14:21:09,5.02,--,25,12549,买盘
508,14:21:03,5.02,--,5,2510,买盘
509,14:21:00,5.02,--,17,8534,买盘
510,14:20:57,5.02,--,30,15059,买盘
511,14:20:51,5.02,--,22,11043,买盘
512,14:20:48,5.02,--,11,5521,买盘
513,14:20:45,5.02,--,10,5020,买盘
514,14:20:39,5.02,--,27,13553,买盘
515,14:20:36,5.02,--,55,27609,买盘
516,14:20:27,5.02,--,238,119475,卖盘
517,14:20:12,5.02,--,252,126503,卖盘
518,14:20:09,5.02,-0.01,100,50199,卖盘
519,14:20:03,5.03,0.01,2,1006,买盘
520,14:20:00,5.02,--,5,2510,卖盘
521,14:19:57,5.02,--,31,15561,卖盘
522,14:19:54,5.02,-0.01,1,501,卖盘
523,14:19:48,5.03,--,40,20120,买盘
524,14:19:45,5.03,0.01,10,5030,买盘
525,14:19:42,5.02,--,600,301200,卖盘
526,14:19:39,5.02,-0.01,10,5020,卖盘
527,14:19:30,5.03,0.01,1,503,买盘
528,14:19:21,5.02,--,29,14557,卖盘
529,14:19:12,5.02,-0.01,74,37148,卖盘
530,14:19:09,5.03,0.01,22,11066,买盘
531,14:19:00,5.02,--,2,1003,卖盘
532,14:18:54,5.02,--,48,24095,卖盘
533,14:18:51,5.02,-0.01,114,57227,卖盘
534,14:18:48,5.03,--,50,25150,买盘
535,14:18:42,5.03,0.01,153,76959,买盘
536,14:18:39,5.02,-0.01,49,24597,卖盘
537,14:18:33,5.03,0.01,117,58851,买盘
538,14:18:18,5.02,--,42,21084,卖盘
539,14:18:15,5.02,-0.01,10,5020,卖盘
540,14:18:12,5.03,--,28,14084,买盘
541,14:18:09,5.03,0.01,40,20120,买盘
542,14:18:06,5.02,--,100,50199,卖盘
543,14:18:00,5.02,-0.01,33,16566,卖盘
544,14:17:54,5.03,--,3,1509,买盘
545,14:17:45,5.03,0.01,1,503,买盘
546,14:17:42,5.02,-0.01,35,17570,卖盘
547,14:17:39,5.03,--,3,1509,买盘
548,14:17:27,5.03,--,20,10060,买盘
549,14:17:21,5.03,--,54,27162,买盘
550,14:17:18,5.03,0.01,20,10060,买盘
551,14:17:15,5.02,--,27,13553,卖盘
552,14:17:12,5.02,--,5,2510,卖盘
553,14:17:00,5.02,--,22,11043,卖盘
554,14:16:57,5.02,--,130,65259,卖盘
555,14:16:51,5.02,--,8,4015,卖盘
556,14:16:39,5.02,-0.01,20,10040,卖盘
557,14:16:33,5.03,0.01,10,5030,买盘
558,14:16:30,5.02,-0.01,17,8534,卖盘
559,14:16:27,5.03,--,16,8048,买盘
560,14:16:24,5.03,0.01,15,7545,买盘
561,14:16:18,5.02,-0.01,79,39658,卖盘
562,14:16:06,5.03,--,50,25150,买盘
563,14:16:00,5.03,0.01,8,4024,买盘
564,14:15:48,5.02,--,70,35140,卖盘
565,14:15:45,5.02,--,50,25099,卖盘
566,14:15:27,5.02,--,24,12047,卖盘
567,14:15:24,5.02,--,25,12549,卖盘
568,14:15:21,5.02,--,30,15059,卖盘
569,14:15:18,5.02,--,1,501,卖盘
570,14:15:15,5.02,--,24,12047,卖盘
571,14:15:00,5.02,-0.01,19,9538,卖盘
572,14:14:51,5.03,0.01,200,100600,买盘
573,14:14:42,5.02,--,803,403105,卖盘
574,14:14:21,5.02,-0.01,2,1003,卖盘
575,14:14:15,5.03,--,118,59354,买盘
576,14:14:09,5.03,--,3,1509,买盘
577,14:14:06,5.03,--,100,50300,买盘
578,14:14:03,5.03,--,6,3018,买盘
579,14:13:51,5.03,0.01,30,15090,买盘
580,14:13:42,5.02,-0.01,10,5020,卖盘
581,14:13:36,5.03,0.01,12,6036,买盘
582,14:13:24,5.02,--,22,11043,卖盘
583,14:13:12,5.02,--,50,25099,卖盘
584,14:13:09,5.02,--,100,50199,卖盘
585,14:13:06,5.02,--,23,11545,卖盘
586,14:13:03,5.02,-0.01,29,14557,卖盘
587,14:12:57,5.03,--,329,165487,买盘
588,14:12:54,5.03,--,5,2515,买盘
589,14:12:51,5.03,--,1,503,买盘
590,14:12:48,5.03,--,101,50803,买盘
591,14:12:45,5.03,0.01,12,6036,买盘
592,14:12:42,5.02,-0.01,35,17570,卖盘
593,14:12:39,5.03,--,43,21629,买盘
594,14:12:36,5.03,--,147,73941,买盘
595,14:12:30,5.03,--,15,7545,买盘
596,14:12:27,5.03,--,30,15090,买盘
597,14:12:21,5.03,0.01,7,3521,买盘
598,14:12:09,5.02,-0.01,211,105921,卖盘
599,14:12:06,5.03,--,15,7545,买盘
600,14:12:00,5.03,--,37,18611,买盘
601,14:11:57,5.03,--,7,3521,买盘
602,14:11:51,5.03,--,10,5030,买盘
603,14:11:48,5.03,--,502,252506,买盘
604,14:11:45,5.03,--,10,5030,买盘
605,14:11:39,5.03,--,20,10060,买盘
606,14:11:33,5.03,--,10,5030,买盘
607,14:11:27,5.03,-0.01,417,209751,卖盘
608,14:11:24,5.04,--,41,20664,买盘
609,14:11:21,5.04,--,136,68544,买盘
610,14:11:18,5.04,0.01,31,15624,买盘
611,14:11:09,5.03,-0.01,30,15090,卖盘
612,14:11:06,5.04,0.01,98,49392,买盘
613,14:10:57,5.03,--,30,15090,卖盘
614,14:10:54,5.03,--,2,1006,卖盘
615,14:10:48,5.03,-0.01,24,12072,卖盘
616,14:10:45,5.04,--,26,13104,买盘
617,14:10:42,5.04,--,3,1512,买盘
618,14:10:39,5.04,--,1,504,买盘
619,14:10:36,5.04,--,7,3528,买盘
620,14:10:27,5.04,0.01,11,5544,买盘
621,14:10:24,5.03,--,230,115690,卖盘
622,14:10:21,5.03,-0.01,16,8048,卖盘
623,14:10:15,5.04,--,10,5040,买盘
624,14:10:09,5.04,--,213,107352,买盘
625,14:10:06,5.04,0.01,20,10080,买盘
626,14:10:03,5.03,--,12,6036,卖盘
627,14:09:30,5.03,--,20,10060,卖盘
628,14:09:18,5.03,--,100,50300,卖盘
629,14:09:15,5.03,0.01,310,155930,买盘
630,14:09:06,5.02,-0.01,88,44175,卖盘
631,14:09:03,5.03,0.01,10,5030,买盘
632,14:08:57,5.02,--,28,14432,买盘
633,14:08:48,5.02,--,22,11043,买盘
634,14:08:45,5.02,--,138,69276,买盘
635,14:08:42,5.02,--,17,8534,买盘
636,14:08:39,5.02,0.01,37,18574,买盘
637,14:08:36,5.01,--,1,501,卖盘
638,14:08:33,5.01,-0.01,592,296592,卖盘
639,14:08:27,5.02,--,71,35642,买盘
640,14:08:24,5.02,0.01,333,167166,买盘
641,14:08:21,5.01,-0.01,21,10521,卖盘
642,14:08:18,5.02,--,29,14557,买盘
643,14:08:12,5.02,--,20,10040,买盘
644,14:08:09,5.02,0.01,51,25601,买盘
645,14:08:00,5.01,--,11,5511,卖盘
646,14:07:54,5.01,--,30,15030,卖盘
647,14:07:42,5.01,--,40,20040,卖盘
648,14:07:36,5.01,--,44,22044,卖盘
649,14:07:30,5.01,--,60,30060,卖盘
650,14:07:24,5.01,--,34,17034,卖盘
651,14:07:21,5.01,-0.01,15,7515,卖盘
652,14:07:06,5.02,0.01,10,5020,买盘
653,14:07:03,5.01,--,2,1002,卖盘
654,14:07:00,5.01,--,253,126753,卖盘
655,14:06:51,5.01,--,13,6513,卖盘
656,14:06:42,5.01,--,3,1503,卖盘
657,14:06:39,5.01,-0.01,12,6012,卖盘
658,14:06:36,5.02,0.01,37,18574,买盘
659,14:06:33,5.01,--,11,5511,卖盘
660,14:06:30,5.01,--,70,35070,卖盘
661,14:06:27,5.01,-0.01,100,50100,卖盘
662,14:06:24,5.02,0.01,50,25099,买盘
663,14:06:09,5.01,-0.01,28,14028,卖盘
664,14:05:57,5.02,--,76,38152,买盘
665,14:05:36,5.02,0.01,436,218871,买盘
666,14:05:33,5.01,-0.01,273,136773,卖盘
667,14:05:30,5.02,--,50,25099,买盘
668,14:05:21,5.02,0.01,2,1003,买盘
669,14:05:18,5.01,--,30,15030,卖盘
670,14:05:12,5.01,--,32,16032,卖盘
671,14:05:06,5.01,--,50,25050,卖盘
672,14:05:03,5.01,--,2,1002,卖盘
673,14:04:57,5.01,--,2,1002,卖盘
674,14:04:45,5.01,--,57,28557,卖盘
675,14:04:36,5.01,--,30,15030,卖盘
676,14:04:30,5.01,--,6,3006,卖盘
677,14:04:27,5.01,--,600,300600,卖盘
678,14:04:18,5.01,--,100,50100,卖盘
679,14:04:15,5.01,--,100,50100,卖盘
680,14:04:09,5.01,--,34,17034,卖盘
681,14:04:06,5.01,-0.01,135,67635,卖盘
682,14:04:03,5.02,0.01,1,501,买盘
683,14:04:00,5.01,-0.01,11,5511,卖盘
684,14:03:57,5.02,0.01,9,4518,买盘
685,14:03:54,5.01,--,8,4008,卖盘
686,14:03:51,5.01,--,40,20040,卖盘
687,14:03:45,5.01,-0.01,23,11523,卖盘
688,14:03:36,5.02,--,1,501,买盘
689,14:03:27,5.02,0.01,5,2510,买盘
690,14:03:24,5.01,--,50,25050,卖盘
691,14:03:18,5.01,--,20,10020,卖盘
692,14:03:15,5.01,-0.01,60,30060,卖盘
693,14:03:06,5.02,0.01,52,26103,买盘
694,14:03:03,5.01,-0.01,503,252003,卖盘
695,14:02:57,5.02,--,1,501,买盘
696,14:02:54,5.02,--,120,60239,买盘
697,14:02:51,5.02,--,1247,625994,买盘
698,14:02:48,5.02,0.01,30,15059,买盘
699,14:02:45,5.01,-0.01,1000,501000,卖盘
700,14:02:39,5.02,--,2,1003,买盘
701,14:02:36,5.02,--,31,15561,买盘
702,14:02:33,5.02,0.01,100,50199,买盘
703,14:02:27,5.01,-0.01,2,1002,卖盘
704,14:02:12,5.02,0.01,100,50199,买盘
705,14:02:03,5.01,-0.01,2171,1087671,卖盘
706,14:01:54,5.02,--,20,10040,买盘
707,14:01:51,5.02,--,100,50199,买盘
708,14:01:48,5.02,0.01,23,11545,买盘
709,14:01:36,5.01,-0.01,19,9519,卖盘
710,14:01:27,5.02,0.01,2,1003,买盘
711,14:01:24,5.01,-0.01,13,6513,卖盘
712,14:01:21,5.02,--,10,5020,买盘
713,14:01:12,5.02,0.01,53,26605,买盘
714,14:01:09,5.01,-0.01,2,1002,卖盘
715,14:01:06,5.02,--,10,5020,买盘
716,14:00:48,5.02,--,1,501,买盘
717,14:00:45,5.02,--,114,57227,买盘
718,14:00:39,5.02,--,22,11043,买盘
719,14:00:36,5.02,--,5,2510,买盘
720,14:00:30,5.02,--,35,17570,买盘
721,14:00:24,5.02,--,944,474013,卖盘
722,14:00:21,5.02,-0.01,23,11545,卖盘
723,14:00:00,5.03,0.01,71,35713,买盘
724,13:59:57,5.02,-0.01,40,20080,卖盘
725,13:59:51,5.03,--,5,2515,买盘
726,13:59:48,5.03,0.01,100,50300,买盘
727,13:59:36,5.02,-0.01,42,21084,卖盘
728,13:59:27,5.03,0.01,1,503,买盘
729,13:59:12,5.02,-0.01,20,10040,卖盘
730,13:59:03,5.03,0.01,6,3018,买盘
731,13:58:51,5.02,-0.01,20,10040,卖盘
732,13:58:48,5.03,--,20,10060,买盘
733,13:58:45,5.03,0.01,13,6539,买盘
734,13:58:42,5.02,-0.01,3,1505,卖盘
735,13:58:33,5.03,0.01,10,5030,买盘
736,13:58:27,5.02,--,49,24597,卖盘
737,13:58:24,5.02,--,20,10040,卖盘
738,13:58:21,5.02,-0.01,2,1003,卖盘
739,13:58:18,5.03,--,15,7545,买盘
740,13:58:15,5.03,0.01,20,10060,买盘
741,13:58:12,5.02,-0.01,50,25099,卖盘
742,13:58:09,5.03,--,4,2012,买盘
743,13:58:03,5.03,--,10,5030,买盘
744,13:57:54,5.03,--,84,42252,买盘
745,13:57:48,5.03,--,10,5030,买盘
746,13:57:42,5.03,0.01,15,7545,买盘
747,13:57:36,5.02,--,5,2510,卖盘
748,13:57:27,5.02,--,50,25099,卖盘
749,13:57:12,5.02,--,427,214730,买盘
750,13:57:09,5.02,--,107,53713,买盘
751,13:57:03,5.02,--,5,2510,买盘
752,13:56:54,5.02,--,33,16566,买盘
753,13:56:45,5.02,0.01,23,11545,买盘
754,13:56:39,5.01,-0.01,3,1503,卖盘
755,13:56:36,5.02,--,20,10040,买盘
756,13:56:30,5.02,0.01,572,287144,买盘
757,13:56:21,5.01,--,20,10020,卖盘
758,13:56:18,5.01,-0.01,122,61122,卖盘
759,13:56:12,5.02,--,10,5020,买盘
760,13:56:03,5.02,0.01,20,10040,买盘
761,13:55:57,5.01,-0.01,15,7515,卖盘
762,13:55:51,5.02,--,2,1003,买盘
763,13:55:42,5.02,--,20,10040,买盘
764,13:55:39,5.02,--,10,5020,买盘
765,13:55:27,5.02,--,3,1505,买盘
766,13:55:21,5.02,--,10,5020,买盘
767,13:55:12,5.02,--,20,10040,买盘
768,13:55:09,5.02,--,11,5521,买盘
769,13:54:48,5.02,--,4,2007,买盘
770,13:54:45,5.02,--,41,20582,买盘
771,13:54:39,5.02,0.01,14,7027,买盘
772,13:54:30,5.01,-0.01,2,1002,卖盘
773,13:54:24,5.02,--,51,25601,买盘
774,13:54:21,5.02,--,30,15059,买盘
775,13:54:18,5.02,--,100,50199,买盘
776,13:54:15,5.02,0.01,4,2007,买盘
777,13:54:03,5.01,-0.01,206,103206,卖盘
778,13:54:00,5.02,0.01,15,7529,买盘
779,13:53:54,5.01,-0.01,20,10020,卖盘
780,13:53:45,5.02,--,11,5521,买盘
781,13:53:42,5.02,--,1,501,买盘
782,13:53:39,5.02,0.01,1,501,买盘
783,13:53:36,5.01,--,10,5010,卖盘
784,13:53:24,5.01,--,340,170340,卖盘
785,13:53:21,5.01,--,17,8517,卖盘
786,13:53:18,5.01,--,23,11523,卖盘
787,13:53:15,5.01,--,38,19038,卖盘
788,13:53:09,5.01,--,1,501,卖盘
789,13:53:00,5.01,--,81,40581,卖盘
790,13:52:57,5.01,--,9,4509,卖盘
791,13:52:51,5.01,-0.01,14,7014,卖盘
792,13:52:39,5.02,0.01,38,19076,买盘
793,13:52:36,5.01,-0.01,107,53607,卖盘
794,13:52:30,5.02,0.01,29,14557,买盘
795,13:52:21,5.01,--,5,2505,卖盘
796,13:52:12,5.01,-0.01,10,5010,卖盘
797,13:52:03,5.02,0.01,14,7027,买盘
798,13:52:00,5.01,--,10,5010,卖盘
799,13:51:57,5.01,-0.01,10,5010,卖盘
800,13:51:54,5.02,--,10,5020,买盘
801,13:51:51,5.02,--,100,50199,买盘
802,13:51:45,5.02,--,1,501,买盘
803,13:51:36,5.02,0.01,39,19578,买盘
804,13:51:27,5.01,--,100,50100,卖盘
805,13:51:21,5.01,--,2,1002,卖盘
806,13:51:09,5.01,-0.01,50,25050,卖盘
807,13:51:06,5.02,0.01,16,8031,买盘
808,13:51:03,5.01,--,27,13527,卖盘
809,13:51:00,5.01,-0.01,5,2505,卖盘
810,13:50:57,5.02,0.01,2,1003,买盘
811,13:50:48,5.01,--,10,5010,卖盘
812,13:50:42,5.01,--,20,10020,卖盘
813,13:50:39,5.01,--,20,10020,卖盘
814,13:50:33,5.01,-0.01,5,2505,卖盘
815,13:50:30,5.02,0.01,54,27107,买盘
816,13:50:21,5.01,-0.01,4,2004,卖盘
817,13:50:18,5.02,0.01,1,501,买盘
818,13:50:12,5.01,0.01,10,5010,卖盘
819,13:50:03,5.0,-0.02,7,3500,卖盘
820,13:49:57,5.02,--,19,9538,卖盘
821,13:49:54,5.02,--,30,15059,买盘
822,13:49:48,5.02,--,2604,1307208,卖盘
823,13:49:39,5.02,--,5,2510,卖盘
824,13:49:36,5.02,--,20,10040,卖盘
825,13:49:33,5.02,--,15,7529,卖盘
826,13:49:30,5.02,-0.01,13,6525,卖盘
827,13:49:27,5.03,0.01,31,15593,买盘
828,13:49:15,5.02,-0.01,16,8031,卖盘
829,13:49:12,5.03,0.01,71,35713,买盘
830,13:49:03,5.02,--,101,50701,卖盘
831,13:49:00,5.02,-0.01,31,15561,卖盘
832,13:48:51,5.03,0.01,119,59857,买盘
833,13:48:45,5.02,--,40,20080,卖盘
834,13:48:42,5.02,--,12,6023,卖盘
835,13:48:36,5.02,--,10,5020,卖盘
836,13:48:30,5.02,-0.01,260,130519,卖盘
837,13:48:15,5.03,0.01,2,1006,买盘
838,13:48:03,5.02,-0.01,150,75300,卖盘
839,13:47:45,5.03,0.01,200,100600,买盘
840,13:47:27,5.02,--,3,1505,卖盘
841,13:47:24,5.02,-0.01,100,50199,卖盘
842,13:47:18,5.03,--,4,2012,买盘
843,13:47:15,5.03,0.01,10,5030,买盘
844,13:47:03,5.02,-0.01,13,6525,卖盘
845,13:46:42,5.03,--,38,19114,买盘
846,13:46:39,5.03,--,3,1509,买盘
847,13:46:36,5.03,--,47,23641,买盘
848,13:46:24,5.03,--,50,25150,买盘
849,13:46:18,5.03,0.01,20,10060,买盘
850,13:45:45,5.02,--,8,4015,卖盘
851,13:45:42,5.02,-0.01,200,100399,卖盘
852,13:45:27,5.03,--,10,5030,买盘
853,13:45:18,5.03,--,1,503,买盘
854,13:45:15,5.03,--,4,2012,买盘
855,13:45:09,5.03,--,1,503,买盘
856,13:44:57,5.03,--,10,5030,买盘
857,13:44:42,5.03,--,90,45270,卖盘
858,13:44:36,5.03,--,5,2515,卖盘
859,13:44:27,5.03,0.01,34,17102,买盘
860,13:44:21,5.02,-0.01,226,113451,卖盘
861,13:44:15,5.03,--,32,16096,买盘
862,13:44:06,5.03,--,33,16599,买盘
863,13:44:03,5.03,--,8,4024,买盘
864,13:43:54,5.03,--,223,112169,买盘
865,13:43:42,5.03,0.01,9,4527,买盘
866,13:43:30,5.02,-0.01,7,3513,卖盘
867,13:43:27,5.03,--,20,10060,买盘
868,13:43:18,5.03,--,20,10060,买盘
869,13:43:12,5.03,--,28,14084,买盘
870,13:43:00,5.03,0.01,70,35210,买盘
871,13:42:48,5.02,-0.01,5,2510,卖盘
872,13:42:42,5.03,--,9,4527,买盘
873,13:42:39,5.03,--,200,100600,买盘
874,13:42:12,5.03,0.01,214,107642,买盘
875,13:41:54,5.02,-0.01,50,25099,卖盘
876,13:41:45,5.03,0.01,132,66396,买盘
877,13:41:33,5.02,--,3,1505,卖盘
878,13:41:24,5.02,--,123,61745,卖盘
879,13:41:03,5.02,-0.01,20,10040,卖盘
880,13:40:48,5.03,0.01,27,13581,买盘
881,13:40:45,5.02,-0.01,6,3011,卖盘
882,13:40:30,5.03,--,1,503,买盘
883,13:40:27,5.03,--,33,16599,买盘
884,13:40:24,5.03,--,13,6539,买盘
885,13:40:18,5.03,0.01,5,2515,买盘
886,13:40:12,5.02,-0.01,17,8534,卖盘
887,13:40:09,5.03,--,460,231380,买盘
888,13:40:06,5.03,0.01,2,1006,买盘
889,13:40:00,5.02,--,26,13051,卖盘
890,13:39:54,5.02,-0.01,206,103411,卖盘
891,13:39:51,5.03,--,299,150397,买盘
892,13:39:39,5.03,0.01,5,2515,买盘
893,13:39:30,5.02,--,4,2007,卖盘
894,13:39:24,5.02,--,50,25099,卖盘
895,13:39:21,5.02,--,40,20080,卖盘
896,13:39:12,5.02,--,60,30119,卖盘
897,13:39:06,5.02,--,90,45179,卖盘
898,13:39:03,5.02,-0.01,75,37650,卖盘
899,13:39:00,5.03,0.01,1,503,买盘
900,13:38:57,5.02,--,63,31625,卖盘
901,13:38:42,5.02,-0.01,120,60239,卖盘
902,13:38:36,5.03,0.01,20,10060,买盘
903,13:38:21,5.02,-0.01,84,42168,卖盘
904,13:38:15,5.03,--,1,503,买盘
905,13:38:09,5.03,--,31,15593,买盘
906,13:38:03,5.03,--,774,389322,卖盘
907,13:38:00,5.03,-0.01,52,26156,卖盘
908,13:37:48,5.04,0.01,1,504,买盘
909,13:37:42,5.03,--,100,50300,卖盘
910,13:37:36,5.03,--,128,64384,卖盘
911,13:37:33,5.03,--,101,50803,卖盘
912,13:37:24,5.03,--,39,19617,卖盘
913,13:37:21,5.03,--,258,129774,卖盘
914,13:37:12,5.03,--,150,75450,卖盘
915,13:36:45,5.03,--,26,13078,卖盘
916,13:36:42,5.03,--,1,503,卖盘
917,13:36:36,5.03,-0.01,30,15090,卖盘
918,13:36:15,5.04,0.01,16,8064,买盘
919,13:36:00,5.03,--,18,9054,卖盘
920,13:35:57,5.03,-0.01,30,15090,卖盘
921,13:35:54,5.04,0.01,50,25200,买盘
922,13:35:42,5.03,-0.01,26,13078,卖盘
923,13:35:33,5.04,--,10,5040,买盘
924,13:35:27,5.04,0.01,524,264096,买盘
925,13:35:09,5.03,--,100,50300,卖盘
926,13:35:06,5.03,-0.01,54,27162,卖盘
927,13:35:03,5.04,--,15,7560,买盘
928,13:35:00,5.04,--,5,2520,买盘
929,13:34:57,5.04,--,83,41832,买盘
930,13:34:54,5.04,0.01,3,1512,买盘
931,13:34:51,5.03,-0.01,42,21126,卖盘
932,13:34:48,5.04,--,25,12600,买盘
933,13:34:39,5.04,--,80,40320,买盘
934,13:34:36,5.04,--,9,4536,买盘
935,13:34:30,5.04,-0.01,77,38989,卖盘
936,13:34:27,5.05,0.01,40,20200,买盘
937,13:34:24,5.04,-0.01,50,25200,卖盘
938,13:34:21,5.05,0.01,6,3030,买盘
939,13:34:09,5.04,--,100,50400,卖盘
940,13:34:06,5.04,--,300,151200,卖盘
941,13:33:57,5.04,--,20,10080,卖盘
942,13:33:54,5.04,--,100,50400,卖盘
943,13:33:51,5.04,--,20,10080,卖盘
944,13:33:48,5.04,--,19,9576,卖盘
945,13:33:42,5.04,-0.01,73,36792,卖盘
946,13:33:21,5.05,--,3,1515,买盘
947,13:33:15,5.05,--,9,4545,买盘
948,13:33:12,5.05,--,10,5050,买盘
949,13:33:00,5.05,0.01,10,5050,买盘
950,13:32:57,5.04,-0.01,70,35280,卖盘
951,13:32:54,5.05,--,30,15150,买盘
952,13:32:51,5.05,--,220,111100,买盘
953,13:32:42,5.05,--,68,34340,买盘
954,13:32:39,5.05,--,30,15150,买盘
955,13:32:36,5.05,--,6,3030,买盘
956,13:32:30,5.05,--,10,5050,买盘
957,13:32:27,5.05,--,12,6060,买盘
958,13:32:24,5.05,0.01,53,26765,买盘
959,13:32:21,5.04,-0.01,50,25200,卖盘
960,13:32:18,5.05,--,14,7070,买盘
961,13:32:12,5.05,--,3,1515,买盘
962,13:32:09,5.05,0.01,186,93930,买盘
963,13:32:06,5.04,--,10,5040,卖盘
964,13:31:45,5.04,--,138,69874,买盘
965,13:31:42,5.04,--,26,13104,买盘
966,13:31:33,5.04,--,500,252000,买盘
967,13:31:24,5.04,0.01,1,504,买盘
968,13:31:21,5.03,-0.01,60,30180,卖盘
969,13:31:18,5.04,0.02,4,2016,买盘
970,13:30:54,5.02,-0.01,17,8534,卖盘
971,13:30:45,5.03,--,16,8299,买盘
972,13:30:39,5.03,--,231,116193,买盘
973,13:30:30,5.03,--,459,230877,买盘
974,13:30:27,5.03,0.01,10,5030,买盘
975,13:30:24,5.02,-0.01,1,501,卖盘
976,13:30:21,5.03,--,4,2012,买盘
977,13:30:06,5.03,--,10,5030,买盘
978,13:30:03,5.03,--,8,4024,买盘
979,13:29:48,5.03,0.01,220,110660,买盘
980,13:29:45,5.02,-0.01,18,9036,卖盘
981,13:29:42,5.03,--,100,50300,买盘
982,13:29:36,5.03,--,11,5533,买盘
983,13:29:33,5.03,0.01,18,9054,买盘
984,13:29:27,5.02,-0.01,50,25099,卖盘
985,13:29:15,5.03,--,5,2515,买盘
986,13:29:09,5.03,--,3,1509,买盘
987,13:29:06,5.03,--,60,30180,买盘
988,13:29:03,5.03,--,85,42755,买盘
989,13:28:54,5.03,0.01,7,3521,买盘
990,13:28:51,5.02,-0.01,2,1003,卖盘
991,13:28:48,5.03,--,106,53318,买盘
992,13:28:45,5.03,--,1,503,买盘
993,13:28:42,5.03,--,10,5030,买盘
994,13:28:30,5.03,0.01,30,15090,买盘
995,13:28:15,5.02,--,1061,532622,买盘
996,13:28:06,5.02,--,301,151102,买盘
997,13:27:57,5.02,--,5,2510,买盘
998,13:27:51,5.02,--,457,229413,卖盘
999,13:27:39,5.02,--,579,290658,买盘
1000,13:27:27,5.02,--,3,1505,买盘
1001,13:27:15,5.02,--,24,12047,买盘
1002,13:27:03,5.02,--,9,4518,买盘
1003,13:27:00,5.02,--,1,501,买盘
1004,13:26:57,5.02,--,248,124495,卖盘
1005,13:26:51,5.02,--,300,150600,卖盘
1006,13:26:39,5.02,--,100,50199,卖盘
1007,13:26:33,5.02,--,60,30119,卖盘
1008,13:26:27,5.02,--,839,421177,买盘
1009,13:26:24,5.02,0.01,22,11043,买盘
1010,13:26:18,5.01,-0.01,36,18036,卖盘
1011,13:26:15,5.02,-0.01,391,196281,卖盘
1012,13:26:09,5.03,0.01,10,5030,买盘
1013,13:26:06,5.02,--,619,310738,买盘
1014,13:26:03,5.02,--,89,44677,卖盘
1015,13:25:57,5.02,-0.01,10,5020,卖盘
1016,13:25:54,5.03,0.01,4,2012,买盘
1017,13:25:51,5.02,-0.01,100,50199,卖盘
1018,13:25:45,5.03,0.01,253,127259,买盘
1019,13:25:42,5.02,--,1,501,卖盘
1020,13:25:36,5.02,--,300,150600,卖盘
1021,13:25:24,5.02,--,100,50199,卖盘
1022,13:25:21,5.02,--,710,356419,买盘
1023,13:25:15,5.02,--,1,501,买盘
1024,13:25:09,5.02,--,389,195277,卖盘
1025,13:25:03,5.02,--,3,1505,卖盘
1026,13:24:57,5.02,--,664,333328,买盘
1027,13:24:51,5.02,0.01,8,4015,买盘
1028,13:24:48,5.01,-0.01,53,26553,卖盘
1029,13:24:45,5.02,--,2,1003,买盘
1030,13:24:42,5.02,--,20,10040,买盘
1031,13:24:30,5.02,--,15,7529,买盘
1032,13:24:24,5.02,--,20,10040,买盘
1033,13:24:15,5.02,--,21,10542,买盘
1034,13:24:03,5.02,--,3,1505,买盘
1035,13:23:54,5.02,--,3,1505,买盘
1036,13:23:51,5.02,0.01,3,1505,买盘
1037,13:23:48,5.01,--,26,13026,卖盘
1038,13:23:42,5.01,--,21,10521,卖盘
1039,13:23:36,5.01,-0.01,22,11022,卖盘
1040,13:23:33,5.02,--,42,21084,买盘
1041,13:23:30,5.02,--,301,151102,买盘
1042,13:23:21,5.02,--,2,1003,买盘
1043,13:23:12,5.02,--,10,5020,买盘
1044,13:23:06,5.02,0.01,10,5020,买盘
1045,13:23:03,5.01,-0.01,1,501,卖盘
1046,13:22:57,5.02,--,22,11043,买盘
1047,13:22:51,5.02,--,73,36646,买盘
1048,13:22:45,5.02,--,450,225899,买盘
1049,13:22:42,5.02,0.01,1,501,买盘
1050,13:22:39,5.01,-0.01,500,250500,卖盘
1051,13:22:36,5.02,0.01,20,10040,买盘
1052,13:22:33,5.01,--,100,50100,卖盘
1053,13:22:24,5.01,-0.01,18,9018,卖盘
1054,13:22:12,5.02,--,1,501,买盘
1055,13:22:09,5.02,--,25,12549,买盘
1056,13:22:06,5.02,0.01,10,5020,买盘
1057,13:22:03,5.01,--,18,9018,卖盘
1058,13:22:00,5.01,-0.01,4,2004,卖盘
1059,13:21:48,5.02,-0.01,14,7027,买盘
1060,13:21:45,5.03,0.01,26,13078,买盘
1061,13:21:33,5.02,--,9,4518,买盘
1062,13:21:30,5.02,--,1,501,买盘
1063,13:21:24,5.02,--,41,20833,卖盘
1064,13:21:21,5.02,--,30,15059,卖盘
1065,13:21:12,5.02,--,30,15059,卖盘
1066,13:21:09,5.02,--,24,12047,卖盘
1067,13:21:00,5.02,--,16,8283,买盘
1068,13:20:57,5.02,--,112,56223,买盘
1069,13:20:54,5.02,0.01,50,25099,买盘
1070,13:20:48,5.01,-0.01,92,46092,卖盘
1071,13:20:45,5.02,--,9,4518,买盘
1072,13:20:42,5.02,--,24,12047,买盘
1073,13:20:30,5.02,--,456,229162,卖盘
1074,13:20:21,5.02,-0.01,250,125499,卖盘
1075,13:20:18,5.03,--,2,1006,买盘
1076,13:20:12,5.03,--,15,7545,买盘
1077,13:20:06,5.03,0.01,29,14587,买盘
1078,13:20:00,5.02,-0.01,100,50199,卖盘
1079,13:19:48,5.03,0.01,38,19114,买盘
1080,13:19:36,5.02,--,30,15059,卖盘
1081,13:19:27,5.02,--,806,404862,买盘
1082,13:19:24,5.02,--,2,1003,买盘
1083,13:19:12,5.02,--,3,1505,买盘
1084,13:19:09,5.02,--,10,5020,买盘
1085,13:19:00,5.02,--,68,34387,卖盘
1086,13:18:54,5.02,--,1,752,买盘
1087,13:18:51,5.02,--,310,155620,买盘
1088,13:18:48,5.02,0.01,92,46183,买盘
1089,13:18:36,5.01,-0.01,4,2004,卖盘
1090,13:18:27,5.02,--,6,3011,买盘
1091,13:18:24,5.02,--,10,5020,买盘
1092,13:18:21,5.02,0.01,25,12549,买盘
1093,13:18:12,5.01,-0.01,19,9519,卖盘
1094,13:18:09,5.02,--,55,27609,买盘
1095,13:18:03,5.02,--,2,1003,买盘
1096,13:17:57,5.02,0.01,100,50199,买盘
1097,13:17:54,5.01,-0.01,90,45090,卖盘
1098,13:17:51,5.02,--,28,14055,买盘
1099,13:17:42,5.02,--,20,10040,买盘
1100,13:17:39,5.02,--,15,7529,买盘
1101,13:17:30,5.02,--,1,501,买盘
1102,13:17:24,5.02,--,130,65259,买盘
1103,13:17:18,5.02,0.01,2,1003,买盘
1104,13:17:06,5.01,-0.01,100,50100,卖盘
1105,13:16:51,5.02,0.01,10,5020,买盘
1106,13:16:42,5.01,--,100,50100,卖盘
1107,13:16:27,5.01,--,41,20541,买盘
1108,13:16:21,5.01,--,22,11022,卖盘
1109,13:16:18,5.01,-0.01,13,6513,卖盘
1110,13:16:12,5.02,0.01,505,253509,买盘
1111,13:16:09,5.01,-0.01,100,50100,卖盘
1112,13:16:06,5.02,0.01,60,30119,买盘
1113,13:15:57,5.01,--,150,75150,卖盘
1114,13:15:51,5.01,--,1,501,卖盘
1115,13:15:48,5.01,--,100,50100,卖盘
1116,13:15:39,5.01,--,81,40581,卖盘
1117,13:15:30,5.01,--,120,60120,卖盘
1118,13:15:24,5.01,--,125,62625,卖盘
1119,13:15:21,5.01,--,26,13026,卖盘
1120,13:15:18,5.01,--,108,54108,卖盘
1121,13:15:06,5.01,-0.01,40,20040,卖盘
1122,13:15:03,5.02,0.01,5,2510,买盘
1123,13:14:54,5.01,-0.01,30,15030,卖盘
1124,13:14:51,5.02,--,85,42670,买盘
1125,13:14:48,5.02,0.01,5,2510,买盘
1126,13:14:42,5.01,--,88,44088,卖盘
1127,13:14:33,5.01,-0.01,3,1503,卖盘
1128,13:14:30,5.02,0.01,2,1003,买盘
1129,13:14:24,5.01,--,101,50601,卖盘
1130,13:14:12,5.01,-0.01,28,14028,卖盘
1131,13:14:09,5.02,--,22,11043,买盘
1132,13:14:03,5.02,0.01,24,12047,买盘
1133,13:14:00,5.01,-0.01,521,261021,卖盘
1134,13:13:54,5.02,--,70,35140,买盘
1135,13:13:42,5.02,--,5,2510,买盘
1136,13:13:39,5.02,--,13,6525,买盘
1137,13:13:30,5.02,0.01,1,501,买盘
1138,13:13:24,5.01,--,5,2505,卖盘
1139,13:13:21,5.01,-0.01,50,25050,卖盘
1140,13:13:18,5.02,--,10,5020,买盘
1141,13:13:09,5.02,--,2,1003,买盘
1142,13:12:57,5.02,0.01,2,1003,买盘
1143,13:12:54,5.01,--,20,10020,卖盘
1144,13:12:51,5.01,--,60,30060,卖盘
1145,13:12:42,5.01,-0.01,50,25050,卖盘
1146,13:12:30,5.02,0.01,20,10040,买盘
1147,13:12:21,5.01,-0.01,17,8517,卖盘
1148,13:12:09,5.02,--,10,5020,买盘
1149,13:12:03,5.02,--,2,1003,买盘
1150,13:12:00,5.02,--,50,25099,买盘
1151,13:11:57,5.02,--,3,1505,买盘
1152,13:11:48,5.02,--,5,2510,买盘
1153,13:11:42,5.02,--,15,7529,买盘
1154,13:11:33,5.02,--,8,4015,买盘
1155,13:11:30,5.02,--,4,2007,买盘
1156,13:11:24,5.02,-0.01,756,379762,卖盘
1157,13:11:15,5.03,--,48,24144,买盘
1158,13:11:09,5.03,0.01,180,90540,买盘
1159,13:11:03,5.02,--,510,256019,卖盘
1160,13:11:00,5.02,-0.01,10,5020,卖盘
1161,13:10:54,5.03,0.01,160,80480,买盘
1162,13:10:51,5.02,-0.01,22,11043,卖盘
1163,13:10:33,5.03,0.01,50,25150,买盘
1164,13:10:30,5.02,-0.01,62,31123,卖盘
1165,13:10:24,5.03,--,522,262566,买盘
1166,13:10:21,5.03,0.01,10,5030,买盘
1167,13:10:18,5.02,-0.01,30,15059,卖盘
1168,13:10:12,5.03,--,5,2515,买盘
1169,13:10:06,5.03,--,1,503,买盘
1170,13:10:00,5.03,--,100,50300,买盘
1171,13:09:54,5.03,--,10,5030,买盘
1172,13:09:48,5.03,--,10,5030,买盘
1173,13:09:30,5.03,--,10,5030,买盘
1174,13:09:21,5.03,--,10,5030,买盘
1175,13:09:12,5.03,--,50,25150,买盘
1176,13:09:09,5.03,0.01,200,100600,买盘
1177,13:09:00,5.02,-0.01,36,18072,卖盘
1178,13:08:51,5.03,--,22,11066,买盘
1179,13:08:39,5.03,--,60,30180,买盘
1180,13:08:33,5.03,--,42,21126,买盘
1181,13:08:30,5.03,--,2,1006,买盘
1182,13:08:27,5.03,--,100,50300,买盘
1183,13:08:21,5.03,0.01,20,10060,买盘
1184,13:08:18,5.02,--,84,42168,卖盘
1185,13:08:12,5.02,-0.01,15,7529,卖盘
1186,13:08:09,5.03,--,5,2515,买盘
1187,13:08:06,5.03,--,20,10060,买盘
1188,13:08:03,5.03,0.01,2,1006,买盘
1189,13:08:00,5.02,-0.01,2,1003,卖盘
1190,13:07:54,5.03,--,1,503,买盘
1191,13:07:51,5.03,--,10,5030,买盘
1192,13:07:48,5.03,0.01,5,2515,买盘
1193,13:07:36,5.02,-0.01,10,5020,卖盘
1194,13:07:33,5.03,--,13,6539,买盘
1195,13:07:30,5.03,--,4,2012,买盘
1196,13:07:27,5.03,-0.01,22,11066,中性盘
1197,13:07:18,5.04,0.01,227,114408,买盘
1198,13:07:12,5.03,--,34,17102,卖盘
1199,13:07:06,5.03,--,3,1509,卖盘
1200,13:07:00,5.03,--,100,50300,卖盘
1201,13:06:54,5.03,--,10,5030,卖盘
1202,13:06:51,5.03,--,41,20623,卖盘
1203,13:06:45,5.03,--,1,503,卖盘
1204,13:06:42,5.03,--,200,100600,卖盘
1205,13:06:33,5.03,0.01,463,232889,买盘
1206,13:06:18,5.02,--,200,100399,卖盘
1207,13:06:15,5.02,-0.01,3,1505,卖盘
1208,13:06:09,5.03,--,5,2515,买盘
1209,13:05:54,5.03,--,40,20120,买盘
1210,13:05:51,5.03,--,5,2515,买盘
1211,13:05:48,5.03,--,100,50300,买盘
1212,13:05:45,5.03,0.01,120,60360,买盘
1213,13:05:42,5.02,-0.01,203,101905,卖盘
1214,13:05:30,5.03,--,40,20120,买盘
1215,13:05:21,5.03,0.01,5,2515,买盘
1216,13:05:18,5.02,--,37,18574,卖盘
1217,13:05:12,5.02,-0.01,51,25601,卖盘
1218,13:05:09,5.03,--,26,13078,买盘
1219,13:05:00,5.03,--,66,33198,买盘
1220,13:04:57,5.03,0.01,54,27162,买盘
1221,13:04:54,5.02,-0.01,4,2007,卖盘
1222,13:04:48,5.03,0.01,120,60360,买盘
1223,13:04:33,5.02,--,252,126503,卖盘
1224,13:04:27,5.02,--,52,26354,买盘
1225,13:04:21,5.02,--,147,74045,卖盘
1226,13:04:15,5.02,-0.01,10,5020,卖盘
1227,13:04:09,5.03,0.01,7,3521,买盘
1228,13:04:06,5.02,-0.01,447,224393,卖盘
1229,13:04:03,5.03,--,30,15090,买盘
1230,13:04:00,5.03,0.01,30,15090,买盘
1231,13:03:54,5.02,-0.01,17,8534,卖盘
1232,13:03:51,5.03,--,4,2012,买盘
1233,13:03:39,5.03,--,3,1509,买盘
1234,13:03:36,5.03,--,8,4024,买盘
1235,13:03:30,5.03,--,20,10060,买盘
1236,13:03:18,5.03,--,21,10563,买盘
1237,13:03:15,5.03,--,72,36216,买盘
1238,13:03:09,5.03,0.01,4,2012,买盘
1239,13:03:00,5.02,--,30,15059,卖盘
1240,13:02:57,5.02,--,72,36144,卖盘
1241,13:02:48,5.02,--,21,10542,卖盘
1242,13:02:33,5.02,--,50,25099,卖盘
1243,13:02:24,5.02,-0.01,4,2007,卖盘
1244,13:02:12,5.03,--,111,55833,买盘
1245,13:02:09,5.03,0.01,2,1006,买盘
1246,13:02:06,5.02,-0.01,174,87347,卖盘
1247,13:02:03,5.03,-0.01,6,3018,卖盘
1248,13:01:57,5.04,--,2,1008,买盘
1249,13:01:54,5.04,--,20,10080,买盘
1250,13:01:51,5.04,--,5,2520,买盘
1251,13:01:48,5.04,0.02,62,31248,买盘
1252,13:01:45,5.02,-0.02,1009,506768,卖盘
1253,13:01:39,5.04,--,56,28224,买盘
1254,13:01:33,5.04,--,32,16128,买盘
1255,13:01:27,5.04,-0.01,232,116928,卖盘
1256,13:01:21,5.05,--,191,96455,买盘
1257,13:01:03,5.05,--,5,2525,买盘
1258,13:01:00,5.05,0.01,102,51510,买盘
1259,13:00:54,5.04,-0.01,77,38808,卖盘
1260,13:00:45,5.05,--,3,1515,买盘
1261,13:00:42,5.05,--,13,6565,买盘
1262,13:00:39,5.05,0.01,82,41410,买盘
1263,13:00:30,5.04,-0.01,40,20160,卖盘
1264,13:00:24,5.05,0.01,21,10605,买盘
1265,13:00:18,5.04,--,50,25200,卖盘
1266,13:00:09,5.04,--,123,61992,卖盘
1267,13:00:06,5.04,-0.01,497,250488,卖盘
1268,13:00:03,5.05,0.01,815,411575,买盘
1269,13:00:00,5.04,--,0,0,卖盘
1270,11:30:00,5.04,--,0,0,卖盘
1271,11:29:45,5.04,--,947,477288,买盘
1272,11:29:42,5.04,--,46,23184,买盘
1273,11:29:39,5.04,--,11,5544,买盘
1274,11:29:33,5.04,--,1,504,买盘
1275,11:29:27,5.04,0.01,1,504,买盘
1276,11:29:24,5.03,-0.01,3,1509,卖盘
1277,11:29:21,5.04,--,5,2520,买盘
1278,11:29:15,5.04,0.01,1,504,买盘
1279,11:29:09,5.03,-0.01,25,12575,卖盘
1280,11:29:03,5.04,0.01,20,10080,买盘
1281,11:29:00,5.03,-0.01,44,22132,卖盘
1282,11:28:57,5.04,--,39,19656,买盘
1283,11:28:54,5.04,--,1,504,买盘
1284,11:28:51,5.04,0.01,3,1512,买盘
1285,11:28:45,5.03,--,3,1509,卖盘
1286,11:28:33,5.03,--,217,109151,买盘
1287,11:28:30,5.03,--,809,406927,买盘
1288,11:28:27,5.03,--,61,30683,买盘
1289,11:28:24,5.03,--,9,4527,买盘
1290,11:28:21,5.03,--,20,10060,买盘
1291,11:28:18,5.03,--,18,9054,买盘
1292,11:28:15,5.03,0.01,60,30180,买盘
1293,11:28:06,5.02,-0.01,26,13051,卖盘
1294,11:28:03,5.03,--,25,12575,买盘
1295,11:28:00,5.03,--,4,2012,买盘
1296,11:27:57,5.03,0.01,5,2515,买盘
1297,11:27:51,5.02,-0.01,50,25099,卖盘
1298,11:27:42,5.03,0.01,2,1006,买盘
1299,11:27:39,5.02,--,42,21084,卖盘
1300,11:27:36,5.02,--,226,113451,买盘
1301,11:27:30,5.02,--,396,198791,买盘
1302,11:27:27,5.02,--,10,5020,买盘
1303,11:27:24,5.02,--,83,41666,买盘
1304,11:27:21,5.02,--,88,44175,买盘
1305,11:27:18,5.02,--,113,56725,买盘
1306,11:27:15,5.02,--,3,1505,买盘
1307,11:27:12,5.02,--,9,4518,买盘
1308,11:27:09,5.02,0.01,156,78312,买盘
1309,11:27:06,5.01,-0.01,134,67134,卖盘
1310,11:26:57,5.02,--,47,23593,买盘
1311,11:26:45,5.02,--,4,2007,买盘
1312,11:26:36,5.02,--,9,4518,买盘
1313,11:26:33,5.02,--,1,501,买盘
1314,11:26:30,5.02,--,85,42670,买盘
1315,11:26:27,5.02,0.01,5,2510,买盘
1316,11:26:24,5.01,-0.01,69,34569,卖盘
1317,11:26:21,5.02,--,9,4518,买盘
1318,11:26:18,5.02,--,532,267064,卖盘
1319,11:26:09,5.02,--,6,3011,卖盘
1320,11:26:03,5.02,-0.01,50,25099,卖盘
1321,11:25:57,5.03,--,147,73941,买盘
1322,11:25:54,5.03,--,42,21126,买盘
1323,11:25:51,5.03,0.01,40,20120,买盘
1324,11:25:48,5.02,--,4,2007,卖盘
1325,11:25:45,5.02,--,21,10542,卖盘
1326,11:25:42,5.02,--,8,4015,卖盘
1327,11:25:39,5.02,-0.01,115,57729,卖盘
1328,11:25:27,5.03,0.01,14,7042,买盘
1329,11:25:24,5.02,-0.01,50,25099,卖盘
1330,11:25:12,5.03,0.01,10,5030,买盘
1331,11:25:06,5.02,--,10,5020,卖盘
1332,11:25:00,5.02,-0.01,1,501,卖盘
1333,11:24:57,5.03,--,67,33701,买盘
1334,11:24:54,5.03,--,37,18611,买盘
1335,11:24:39,5.03,0.01,27,13581,买盘
1336,11:24:30,5.02,-0.01,13,6525,卖盘
1337,11:24:27,5.03,0.01,10,5030,买盘
1338,11:24:21,5.02,--,33,16566,卖盘
1339,11:24:18,5.02,-0.01,5,2510,卖盘
1340,11:24:15,5.03,0.01,50,25150,买盘
1341,11:24:03,5.02,--,114,57227,买盘
1342,11:23:57,5.02,0.01,54,27107,买盘
1343,11:23:54,5.01,-0.01,12,6012,卖盘
1344,11:23:51,5.02,--,25,12549,买盘
1345,11:23:48,5.02,--,50,25099,买盘
1346,11:23:45,5.02,--,7,3513,买盘
1347,11:23:30,5.02,0.01,10,5020,买盘
1348,11:23:09,5.01,0.01,18,9018,买盘
1349,11:23:06,5.0,-0.01,1,500,卖盘
1350,11:22:57,5.01,0.01,34,17034,买盘
1351,11:22:42,5.0,--,138,69000,卖盘
1352,11:22:18,5.0,-0.01,73,36500,卖盘
1353,11:22:12,5.01,0.01,18,9468,买盘
1354,11:22:09,5.0,--,356,178000,买盘
1355,11:22:06,5.0,0.01,27,13500,买盘
1356,11:21:57,4.99,-0.01,74,36926,卖盘
1357,11:21:54,5.0,--,59,29500,买盘
1358,11:21:51,5.0,--,120,60000,买盘
1359,11:21:48,5.0,--,10,5000,买盘
1360,11:21:45,5.0,--,22,11000,买盘
1361,11:21:36,5.0,--,20,10000,买盘
1362,11:21:33,5.0,--,50,25000,买盘
1363,11:21:30,5.0,--,210,105000,买盘
1364,11:21:27,5.0,--,6,3000,买盘
1365,11:21:24,5.0,--,39,19500,买盘
1366,11:21:21,5.0,--,52,26000,买盘
1367,11:21:09,5.0,--,79,39550,卖盘
1368,11:21:06,5.0,--,154,77000,卖盘
1369,11:21:00,5.0,--,11,5950,买盘
1370,11:20:57,5.0,--,90,45000,买盘
1371,11:20:54,5.0,--,114,57000,买盘
1372,11:20:48,5.0,--,56,28000,买盘
1373,11:20:45,5.0,--,169,84500,买盘
1374,11:20:36,5.0,--,60,30000,买盘
1375,11:20:33,5.0,--,25,12500,买盘
1376,11:20:27,5.0,--,144,72000,买盘
1377,11:20:24,5.0,--,4,2000,买盘
1378,11:20:18,5.0,--,34,17000,买盘
1379,11:20:15,5.0,--,2,1000,买盘
1380,11:20:12,5.0,--,26,13000,买盘
1381,11:20:09,5.0,--,10,5000,买盘
1382,11:20:06,5.0,--,66,33000,买盘
1383,11:20:03,5.0,--,40,20000,买盘
1384,11:20:00,5.0,--,60,30000,买盘
1385,11:19:57,5.0,--,193,96500,买盘
1386,11:19:54,5.0,--,2,1000,买盘
1387,11:19:51,5.0,--,31,15500,买盘
1388,11:19:48,5.0,0.01,35,17500,买盘
1389,11:19:45,4.99,-0.01,16,7984,卖盘
1390,11:19:42,5.0,--,26,13000,买盘
1391,11:19:39,5.0,--,17,8500,买盘
1392,11:19:36,5.0,--,22,11000,买盘
1393,11:19:33,5.0,--,103,51500,买盘
1394,11:19:30,5.0,--,100,50000,买盘
1395,11:19:27,5.0,--,34,17000,买盘
1396,11:19:21,5.0,--,46,23000,买盘
1397,11:19:18,5.0,--,24,12000,买盘
1398,11:19:15,5.0,--,119,59500,买盘
1399,11:19:12,5.0,--,5,2500,买盘
1400,11:19:06,5.0,--,15,7500,买盘
1401,11:19:00,5.0,0.01,4,2000,买盘
1402,11:18:57,4.99,-0.01,228,113772,卖盘
1403,11:18:48,5.0,--,20,10000,卖盘
1404,11:18:45,5.0,--,36,18000,买盘
1405,11:18:42,5.0,--,44,22000,买盘
1406,11:18:39,5.0,--,29,14500,买盘
1407,11:18:36,5.0,0.01,20,10000,买盘
1408,11:18:30,4.99,-0.01,20,9980,卖盘
1409,11:18:27,5.0,--,42,21000,买盘
1410,11:18:18,5.0,0.01,1,500,买盘
1411,11:18:12,4.99,-0.01,2,998,卖盘
1412,11:18:09,5.0,0.01,50,25000,买盘
1413,11:18:06,4.99,--,120,59880,卖盘
1414,11:17:54,4.99,-0.01,23,11477,卖盘
1415,11:17:48,5.0,0.01,30,15000,买盘
1416,11:17:45,4.99,-0.01,60,29940,卖盘
1417,11:17:39,5.0,0.01,5,2500,买盘
1418,11:17:33,4.99,--,2,998,卖盘
1419,11:17:24,4.99,-0.02,7,3493,卖盘
1420,11:17:21,5.01,0.02,10,5010,买盘
1421,11:17:18,4.99,-0.02,10,4990,卖盘
1422,11:17:15,5.01,0.03,60,30060,买盘
1423,11:16:54,4.98,-0.03,1,498,卖盘
1424,11:16:48,5.01,0.03,14,7014,买盘
1425,11:16:42,4.98,--,42,20916,买盘
1426,11:16:39,4.98,--,20,9960,买盘
1427,11:16:36,4.98,--,350,174300,买盘
1428,11:16:30,4.98,-0.04,5981,2978538,卖盘
1429,11:16:27,5.02,0.01,15,7529,买盘
1430,11:16:24,5.01,--,50,25050,卖盘
1431,11:16:15,5.01,-0.01,100,50100,卖盘
1432,11:16:12,5.02,0.01,110,55219,买盘
1433,11:16:09,5.01,-0.01,120,60120,卖盘
1434,11:15:51,5.02,0.01,12,6023,买盘
1435,11:15:48,5.01,-0.01,155,77655,卖盘
1436,11:15:42,5.02,--,21,10542,买盘
1437,11:15:39,5.02,0.01,20,10040,买盘
1438,11:15:36,5.01,-0.01,50,25050,卖盘
1439,11:15:33,5.02,--,12,6023,买盘
1440,11:15:30,5.02,--,39,19578,买盘
1441,11:15:27,5.02,0.01,50,25099,买盘
1442,11:15:24,5.01,-0.01,9,4509,卖盘
1443,11:15:21,5.02,--,2,1003,买盘
1444,11:15:15,5.02,0.01,100,50199,买盘
1445,11:15:12,5.01,-0.01,39,19539,卖盘
1446,11:15:09,5.02,--,21,10542,买盘
1447,11:15:06,5.02,0.01,15,7529,买盘
1448,11:15:03,5.01,-0.01,111,55611,卖盘
1449,11:15:00,5.02,--,35,17570,买盘
1450,11:14:57,5.02,--,3,1505,买盘
1451,11:14:54,5.02,0.01,101,50701,买盘
1452,11:14:51,5.01,-0.01,20,10020,卖盘
1453,11:14:36,5.02,0.01,10,5020,买盘
1454,11:14:33,5.01,--,179,89679,卖盘
1455,11:14:30,5.01,-0.01,5,2505,卖盘
1456,11:14:24,5.02,--,10,5020,买盘
1457,11:14:18,5.02,--,22,11043,买盘
1458,11:14:15,5.02,--,22,11043,买盘
1459,11:14:12,5.02,--,20,10040,买盘
1460,11:14:06,5.02,--,20,10040,买盘
1461,11:14:00,5.02,--,2,1003,买盘
1462,11:13:57,5.02,--,2,1003,买盘
1463,11:13:54,5.02,--,109,54717,买盘
1464,11:13:51,5.02,--,77,38654,买盘
1465,11:13:48,5.02,--,5,2510,买盘
1466,11:13:45,5.02,--,9,4518,买盘
1467,11:13:42,5.02,--,5,2510,买盘
1468,11:13:39,5.02,--,20,10040,买盘
1469,11:13:15,5.02,0.01,12,6023,买盘
1470,11:13:06,5.01,-0.01,35,17535,卖盘
1471,11:13:00,5.02,--,64,32127,买盘
1472,11:12:57,5.02,--,10,5020,买盘
1473,11:12:51,5.02,--,8,4015,买盘
1474,11:12:45,5.02,--,30,15059,买盘
1475,11:12:42,5.02,--,20,10040,买盘
1476,11:12:36,5.02,0.01,5,2510,买盘
1477,11:12:33,5.01,-0.01,9,4509,卖盘
1478,11:12:30,5.02,--,13,6525,买盘
1479,11:12:24,5.02,--,10,5020,买盘
1480,11:12:12,5.02,--,10,5020,买盘
1481,11:12:09,5.02,--,1,501,买盘
1482,11:12:06,5.02,--,100,50199,买盘
1483,11:12:00,5.02,--,10,5020,买盘
1484,11:11:57,5.02,--,5,2510,买盘
1485,11:11:54,5.02,--,8,4015,卖盘
1486,11:11:51,5.02,--,5,2510,卖盘
1487,11:11:45,5.02,--,1,501,卖盘
1488,11:11:42,5.02,0.01,10,5020,买盘
1489,11:11:36,5.01,--,30,15030,卖盘
1490,11:11:33,5.01,-0.01,150,75150,卖盘
1491,11:11:27,5.02,--,10,5020,买盘
1492,11:11:21,5.02,--,23,11545,买盘
1493,11:11:18,5.02,--,119,59737,买盘
1494,11:11:03,5.02,0.01,1,501,买盘
1495,11:11:00,5.01,-0.01,5,2505,卖盘
1496,11:10:54,5.02,0.01,25,12549,买盘
1497,11:10:48,5.01,-0.01,20,10020,卖盘
1498,11:10:45,5.02,0.01,3,1505,买盘
1499,11:10:42,5.01,-0.01,78,39078,卖盘
1500,11:10:39,5.02,--,13,6525,买盘
1501,11:10:33,5.02,--,33,16566,买盘
1502,11:10:30,5.02,0.01,20,10040,买盘
1503,11:10:27,5.01,-0.01,3,1503,卖盘
1504,11:10:24,5.02,--,14,7027,买盘
1505,11:10:18,5.02,--,15,7529,买盘
1506,11:10:15,5.02,--,7,3513,买盘
1507,11:10:09,5.02,--,14,7027,买盘
1508,11:10:06,5.02,-0.01,28,14055,中性盘
1509,11:09:57,5.03,0.03,42,21126,买盘
1510,11:09:54,5.0,-0.02,4688,2344000,卖盘
1511,11:09:42,5.02,-0.01,485,243469,卖盘
1512,11:09:36,5.03,--,6,3018,买盘
1513,11:09:24,5.03,0.01,35,17605,买盘
1514,11:09:21,5.02,-0.01,31,15561,卖盘
1515,11:09:12,5.03,--,100,50300,买盘
1516,11:09:09,5.03,--,52,26156,卖盘
1517,11:09:06,5.03,--,286,143858,买盘
1518,11:08:57,5.03,0.01,85,42755,买盘
1519,11:08:54,5.02,-0.01,25,12549,卖盘
1520,11:08:51,5.03,--,18,9054,买盘
1521,11:08:48,5.03,--,30,15090,买盘
1522,11:08:45,5.03,0.01,8,4024,买盘
1523,11:08:42,5.02,-0.01,3,1505,卖盘
1524,11:08:39,5.03,--,5,2515,买盘
1525,11:08:33,5.03,--,6,3018,买盘
1526,11:08:27,5.03,--,8,4024,买盘
1527,11:08:24,5.03,0.01,315,158445,买盘
1528,11:08:21,5.02,-0.01,214,107427,卖盘
1529,11:08:18,5.03,--,5,2515,买盘
1530,11:08:15,5.03,--,20,10060,买盘
1531,11:08:12,5.03,0.01,20,10060,买盘
1532,11:08:09,5.02,-0.01,55,27609,卖盘
1533,11:08:06,5.03,--,449,225847,买盘
1534,11:07:54,5.03,0.01,5,2515,买盘
1535,11:07:48,5.02,-0.01,24,12047,卖盘
1536,11:07:45,5.03,--,1,503,买盘
1537,11:07:42,5.03,--,33,16599,买盘
1538,11:07:39,5.03,--,154,77462,买盘
1539,11:07:33,5.03,--,10,5030,买盘
1540,11:07:30,5.03,--,1,503,买盘
1541,11:07:27,5.03,--,305,153415,卖盘
1542,11:07:15,5.03,-0.01,8,4024,卖盘
1543,11:07:09,5.04,--,10,5040,买盘
1544,11:07:00,5.04,0.02,30,15120,买盘
1545,11:06:57,5.02,-0.02,202,101403,卖盘
1546,11:06:51,5.04,--,27,13608,买盘
1547,11:06:48,5.04,0.01,11,5544,买盘
1548,11:06:45,5.03,--,14,7042,卖盘
1549,11:06:42,5.03,--,965,485395,买盘
1550,11:06:39,5.03,--,308,154924,买盘
1551,11:06:36,5.03,0.01,73,36719,买盘
1552,11:06:33,5.02,-0.01,16,8031,卖盘
1553,11:06:30,5.03,0.01,13,6539,买盘
1554,11:06:27,5.02,-0.01,20,10040,卖盘
1555,11:06:24,5.03,--,37,18611,买盘
1556,11:06:21,5.03,--,127,63881,买盘
1557,11:06:18,5.03,--,47,23641,买盘
1558,11:06:15,5.03,-0.01,533,268099,卖盘
1559,11:06:09,5.04,0.01,50,25200,买盘
1560,11:06:03,5.03,--,4,2012,卖盘
1561,11:05:48,5.03,--,342,172026,买盘
1562,11:05:45,5.03,--,73,36719,买盘
1563,11:05:42,5.03,--,9,4527,买盘
1564,11:05:36,5.03,--,57,28671,买盘
1565,11:05:33,5.03,--,50,25150,买盘
1566,11:05:27,5.03,--,6,3018,买盘
1567,11:05:24,5.03,--,31,15593,买盘
1568,11:05:18,5.03,--,76,38228,买盘
1569,11:05:15,5.03,--,11,5533,买盘
1570,11:05:09,5.03,0.01,31,15593,买盘
1571,11:05:06,5.02,-0.01,15,7529,卖盘
1572,11:05:03,5.03,--,202,101606,买盘
1573,11:04:57,5.03,--,5,2515,买盘
1574,11:04:48,5.03,--,10,5030,买盘
1575,11:04:45,5.03,0.01,16,8048,买盘
1576,11:04:39,5.02,-0.01,94,47187,卖盘
1577,11:04:36,5.03,--,14,7042,买盘
1578,11:04:33,5.03,--,21,10563,买盘
1579,11:04:30,5.03,--,86,43258,买盘
1580,11:04:27,5.03,--,84,42252,买盘
1581,11:04:24,5.03,--,2,1006,买盘
1582,11:04:21,5.03,--,51,25653,买盘
1583,11:04:18,5.03,--,203,102109,卖盘
1584,11:04:15,5.03,--,1,503,卖盘
1585,11:04:09,5.03,--,8,4024,卖盘
1586,11:03:54,5.03,--,5,2515,卖盘
1587,11:03:45,5.03,-0.01,32,16096,卖盘
1588,11:03:24,5.04,--,125,63000,买盘
1589,11:03:15,5.04,--,25,12600,买盘
1590,11:03:00,5.04,0.01,20,10080,买盘
1591,11:02:57,5.03,--,80,40240,卖盘
1592,11:02:48,5.03,-0.01,100,50300,卖盘
1593,11:02:45,5.04,--,91,45864,买盘
1594,11:02:39,5.04,--,40,20160,买盘
1595,11:02:33,5.04,--,124,62496,买盘
1596,11:02:27,5.04,--,1,504,买盘
1597,11:02:24,5.04,--,5,2520,买盘
1598,11:02:18,5.04,--,7,3528,买盘
1599,11:02:12,5.04,--,7,3528,买盘
1600,11:02:09,5.04,--,72,36288,买盘
1601,11:01:57,5.04,--,3,1512,买盘
1602,11:01:27,5.04,-0.01,572,288288,卖盘
1603,11:01:24,5.05,--,40,20200,买盘
1604,11:01:21,5.05,--,3,1515,买盘
1605,11:01:18,5.05,0.01,1,505,买盘
1606,11:01:06,5.04,--,9,4536,卖盘
1607,11:01:03,5.04,--,20,10080,卖盘
1608,11:00:57,5.04,--,4,2016,买盘
1609,11:00:45,5.04,-0.01,1,504,中性盘
1610,11:00:21,5.05,0.02,492,248460,买盘
1611,11:00:18,5.03,--,10,5030,买盘
1612,11:00:15,5.03,--,10,5030,买盘
1613,11:00:12,5.03,--,542,272626,卖盘
1614,11:00:09,5.03,-0.01,10,5030,卖盘
1615,11:00:06,5.04,--,10,5040,买盘
1616,11:00:03,5.04,--,5,2520,买盘
1617,10:59:57,5.04,0.01,86,43344,买盘
1618,10:59:54,5.03,-0.01,2,1006,卖盘
1619,10:59:36,5.04,0.01,8,4032,买盘
1620,10:59:33,5.03,-0.01,2,1006,卖盘
1621,10:59:30,5.04,--,170,85680,买盘
1622,10:59:21,5.04,0.01,12,6048,买盘
1623,10:58:51,5.03,-0.01,26,13078,卖盘
1624,10:58:45,5.04,--,10,5040,买盘
1625,10:58:42,5.04,--,106,53424,买盘
1626,10:58:30,5.04,--,10,5040,买盘
1627,10:58:27,5.04,--,2,1008,买盘
1628,10:58:24,5.04,--,14,7056,买盘
1629,10:58:21,5.04,--,102,51408,买盘
1630,10:58:15,5.04,--,15,7560,买盘
1631,10:58:12,5.04,--,18,9072,买盘
1632,10:58:06,5.04,-0.01,404,203616,卖盘
1633,10:58:03,5.05,--,37,18685,买盘
1634,10:58:00,5.05,--,15,7575,买盘
1635,10:57:48,5.05,--,1,505,买盘
1636,10:57:39,5.05,--,68,34340,买盘
1637,10:57:30,5.05,-0.01,271,136855,卖盘
1638,10:57:24,5.06,0.01,75,37950,买盘
1639,10:57:18,5.05,-0.01,303,153015,卖盘
1640,10:57:12,5.06,--,1,505,买盘
1641,10:57:09,5.06,--,39,19734,买盘
1642,10:57:00,5.06,--,11,5566,买盘
1643,10:56:57,5.06,--,5,2530,买盘
1644,10:56:51,5.06,--,113,57177,买盘
1645,10:56:45,5.06,0.01,50,25299,买盘
1646,10:56:42,5.05,-0.01,334,168670,卖盘
1647,10:56:39,5.06,--,5,2530,买盘
1648,10:56:30,5.06,--,21,10626,买盘
1649,10:56:21,5.06,0.01,31,15685,买盘
1650,10:56:18,5.05,-0.01,21,10605,卖盘
1651,10:56:03,5.06,--,389,196833,买盘
1652,10:56:00,5.06,--,2,1011,买盘
1653,10:55:54,5.06,0.01,120,60719,买盘
1654,10:55:51,5.05,--,2,1010,卖盘
1655,10:55:45,5.05,--,33,16665,卖盘
1656,10:55:33,5.05,--,267,134835,买盘
1657,10:55:30,5.05,--,5,2525,买盘
1658,10:55:27,5.05,--,326,164630,买盘
1659,10:55:24,5.05,0.01,11,5555,买盘
1660,10:55:00,5.04,--,345,173880,买盘
1661,10:54:36,5.04,0.01,50,25200,买盘
1662,10:54:24,5.03,--,58,29174,买盘
1663,10:54:15,5.03,0.01,50,25150,买盘
1664,10:54:12,5.02,-0.01,115,57729,卖盘
1665,10:54:09,5.03,0.01,10,5030,买盘
1666,10:53:48,5.02,--,258,129515,买盘
1667,10:53:36,5.02,0.01,20,10040,买盘
1668,10:53:33,5.01,-0.01,29,14529,卖盘
1669,10:53:27,5.02,--,24,12047,买盘
1670,10:53:24,5.02,0.01,98,49195,买盘
1671,10:53:21,5.01,-0.01,41,20541,卖盘
1672,10:53:12,5.02,--,109,54717,买盘
1673,10:53:09,5.02,--,31,15561,买盘
1674,10:53:03,5.02,--,100,50199,买盘
1675,10:53:00,5.02,--,20,10040,买盘
1676,10:52:51,5.02,--,14,7027,买盘
1677,10:52:48,5.02,--,24,12047,买盘
1678,10:52:42,5.02,--,100,50199,买盘
1679,10:52:39,5.02,--,32,16063,买盘
1680,10:52:36,5.02,--,5,2510,买盘
1681,10:52:27,5.02,0.01,4,2007,买盘
1682,10:52:24,5.01,-0.01,71,35571,卖盘
1683,10:52:21,5.02,--,100,50199,买盘
1684,10:52:15,5.02,0.01,7,3513,买盘
1685,10:52:09,5.01,-0.01,46,23046,卖盘
1686,10:52:06,5.02,--,13,6525,买盘
1687,10:52:03,5.02,--,12,6023,买盘
1688,10:52:00,5.02,--,7,3513,买盘
1689,10:51:57,5.02,0.01,117,58733,买盘
1690,10:51:54,5.01,-0.01,10,5010,卖盘
1691,10:51:51,5.02,--,17,8534,买盘
1692,10:51:48,5.02,0.01,8,4015,买盘
1693,10:51:45,5.01,--,41,20541,卖盘
1694,10:51:42,5.01,-0.01,793,397293,卖盘
1695,10:51:39,5.02,--,30,15059,买盘
1696,10:51:33,5.02,--,10,5020,买盘
1697,10:51:30,5.02,--,40,20080,买盘
1698,10:51:27,5.02,0.01,116,58231,买盘
1699,10:51:24,5.01,-0.01,26,13026,卖盘
1700,10:51:21,5.02,--,10,5020,买盘
1701,10:51:18,5.02,--,10,5020,买盘
1702,10:51:15,5.02,--,50,25099,买盘
1703,10:51:03,5.02,--,190,95379,买盘
1704,10:51:00,5.02,--,10,5020,买盘
1705,10:50:54,5.02,--,3,1505,买盘
1706,10:50:51,5.02,--,44,22087,买盘
1707,10:50:45,5.02,--,10,5020,买盘
1708,10:50:42,5.02,--,5,2510,买盘
1709,10:50:39,5.02,--,10,5020,买盘
1710,10:50:36,5.02,--,531,266562,卖盘
1711,10:50:30,5.02,-0.01,4,2007,卖盘
1712,10:50:27,5.03,--,60,30180,买盘
1713,10:50:24,5.03,0.01,5,2515,买盘
1714,10:50:18,5.02,-0.01,90,45179,卖盘
1715,10:50:15,5.03,--,14,7042,买盘
1716,10:50:09,5.03,0.01,9,4527,买盘
1717,10:50:06,5.02,--,29,14557,卖盘
1718,10:49:42,5.02,--,5,2510,卖盘
1719,10:49:39,5.02,0.01,52,26103,买盘
1720,10:49:33,5.01,-0.01,1,501,卖盘
1721,10:49:24,5.02,--,70,35140,买盘
1722,10:49:12,5.02,--,12,6023,买盘
1723,10:49:09,5.02,--,32,16063,买盘
1724,10:49:00,5.02,--,20,10040,买盘
1725,10:48:57,5.02,--,19,9538,买盘
1726,10:48:54,5.02,0.01,10,5020,买盘
1727,10:48:51,5.01,--,28,14028,卖盘
1728,10:48:48,5.01,-0.01,102,51102,卖盘
1729,10:48:45,5.02,--,1,501,买盘
1730,10:48:42,5.02,--,238,119475,买盘
1731,10:48:39,5.02,--,62,31123,买盘
1732,10:48:36,5.02,--,16,8031,买盘
1733,10:48:33,5.02,--,1,501,买盘
1734,10:48:30,5.02,--,14,7027,买盘
1735,10:48:24,5.02,-0.01,296,148592,卖盘
1736,10:48:21,5.03,--,1,503,买盘
1737,10:48:18,5.03,--,5,2515,买盘
1738,10:48:03,5.03,--,9,4527,买盘
1739,10:47:57,5.03,0.01,100,50300,买盘
1740,10:47:54,5.02,-0.01,200,100399,卖盘
1741,10:47:42,5.03,--,1,503,买盘
1742,10:47:30,5.03,--,20,10060,买盘
1743,10:47:27,5.03,--,32,16096,买盘
1744,10:47:24,5.03,--,81,40743,买盘
1745,10:47:21,5.03,--,1,503,买盘
1746,10:47:18,5.03,-0.01,353,177559,卖盘
1747,10:47:12,5.04,0.01,1,504,买盘
1748,10:47:06,5.03,-0.01,6,3018,卖盘
1749,10:46:45,5.04,--,6,3024,买盘
1750,10:46:33,5.04,--,10,5040,买盘
1751,10:46:27,5.04,--,32,16128,买盘
1752,10:46:18,5.04,--,1,504,买盘
1753,10:46:09,5.04,0.01,3,1512,买盘
1754,10:46:03,5.03,-0.01,4,2012,卖盘
1755,10:45:57,5.04,--,115,57960,买盘
1756,10:45:51,5.04,--,30,15120,买盘
1757,10:45:42,5.04,--,8,4032,买盘
1758,10:45:39,5.04,0.02,100,50400,买盘
1759,10:45:36,5.02,-0.02,940,471879,卖盘
1760,10:45:33,5.04,0.01,11,5544,买盘
1761,10:45:30,5.03,-0.01,78,39234,卖盘
1762,10:45:27,5.04,--,241,121464,买盘
1763,10:45:24,5.04,--,10,5040,买盘
1764,10:45:21,5.04,--,3,1512,买盘
1765,10:45:18,5.04,--,34,17136,买盘
1766,10:45:15,5.04,--,24,12096,买盘
1767,10:45:12,5.04,--,20,10080,买盘
1768,10:45:09,5.04,-0.01,507,255528,卖盘
1769,10:45:06,5.05,--,29,14645,买盘
1770,10:45:03,5.05,--,10,5050,买盘
1771,10:45:00,5.05,--,42,21210,买盘
1772,10:44:57,5.05,--,22,11110,买盘
1773,10:44:54,5.05,--,190,95950,买盘
1774,10:44:48,5.05,--,49,24745,买盘
1775,10:44:42,5.05,0.01,10,5050,买盘
1776,10:44:30,5.04,0.01,276,139104,买盘
1777,10:44:24,5.03,--,43,21629,买盘
1778,10:44:21,5.03,--,13,6539,买盘
1779,10:44:18,5.03,--,321,161463,买盘
1780,10:44:15,5.03,--,83,41749,买盘
1781,10:44:12,5.03,--,29,14587,买盘
1782,10:44:09,5.03,--,65,32695,买盘
1783,10:44:00,5.03,--,102,51306,买盘
1784,10:43:51,5.03,0.01,5,2515,买盘
1785,10:43:45,5.02,--,22,11043,卖盘
1786,10:43:39,5.02,--,419,210337,买盘
1787,10:43:36,5.02,--,22,11043,买盘
1788,10:43:33,5.02,--,2,1003,买盘
1789,10:43:30,5.02,--,2,1003,买盘
1790,10:43:27,5.02,--,29,14557,买盘
1791,10:43:21,5.02,0.01,1,501,买盘
1792,10:43:15,5.01,-0.01,1,501,卖盘
1793,10:43:03,5.02,0.01,115,57729,买盘
1794,10:42:57,5.01,--,5,2505,卖盘
1795,10:42:48,5.01,--,285,143025,买盘
1796,10:42:39,5.01,0.01,25,12525,买盘
1797,10:42:36,5.0,-0.01,107,53500,卖盘
1798,10:42:33,5.01,--,20,10020,买盘
1799,10:42:30,5.01,--,20,10020,买盘
1800,10:42:24,5.01,--,80,40080,买盘
1801,10:42:15,5.01,0.01,40,20040,买盘
1802,10:42:09,5.0,--,223,111625,买盘
1803,10:42:06,5.0,--,10,5000,买盘
1804,10:42:03,5.0,--,71,35500,买盘
1805,10:42:00,5.0,--,100,50000,买盘
1806,10:41:57,5.0,-0.01,621,310500,卖盘
1807,10:41:54,5.01,--,1,501,买盘
1808,10:41:51,5.01,--,16,8016,买盘
1809,10:41:48,5.01,--,70,35070,买盘
1810,10:41:45,5.01,--,30,15030,买盘
1811,10:41:42,5.01,--,19,9519,买盘
1812,10:41:36,5.01,0.01,72,36072,买盘
1813,10:41:33,5.0,-0.01,20,10000,卖盘
1814,10:41:21,5.01,--,12,6012,买盘
1815,10:41:09,5.01,0.01,2,1002,买盘
1816,10:41:06,5.0,--,95,47500,卖盘
1817,10:41:03,5.0,-0.01,4,2000,卖盘
1818,10:40:54,5.01,--,15,7515,买盘
1819,10:40:51,5.01,0.01,3,1503,买盘
1820,10:40:48,5.0,--,37,18500,卖盘
1821,10:40:42,5.0,--,5,2500,卖盘
1822,10:40:39,5.0,-0.01,35,17500,卖盘
1823,10:40:36,5.01,0.01,30,15030,买盘
1824,10:40:27,5.0,0.01,1,500,中性盘
1825,10:40:24,4.99,-0.01,800,399200,卖盘
1826,10:40:21,5.0,--,3,1500,卖盘
1827,10:40:12,5.0,--,32,16000,卖盘
1828,10:40:09,5.0,-0.01,20,10000,中性盘
1829,10:40:06,5.01,0.01,140,70140,买盘
1830,10:40:03,5.0,-0.01,470,235000,卖盘
1831,10:40:00,5.01,--,115,57615,买盘
1832,10:39:54,5.01,--,41,20541,买盘
1833,10:39:51,5.01,--,1527,765027,买盘
1834,10:39:45,5.01,-0.01,603,302363,卖盘
1835,10:39:42,5.02,0.01,3,1505,买盘
1836,10:39:36,5.01,-0.01,100,50100,卖盘
1837,10:39:27,5.02,--,1,501,买盘
1838,10:39:24,5.02,0.01,30,15059,买盘
1839,10:39:18,5.01,-0.01,50,25050,卖盘
1840,10:39:09,5.02,--,74,37148,买盘
1841,10:39:06,5.02,--,10,5020,买盘
1842,10:39:03,5.02,--,1,501,买盘
1843,10:38:51,5.02,--,110,55219,买盘
1844,10:38:48,5.02,--,38,19076,买盘
1845,10:38:45,5.02,--,10,5020,买盘
1846,10:38:39,5.02,--,128,64255,卖盘
1847,10:38:36,5.02,--,10,5020,卖盘
1848,10:38:30,5.02,--,54,27107,买盘
1849,10:38:27,5.02,--,330,165660,买盘
1850,10:38:21,5.02,0.01,73,36646,买盘
1851,10:38:18,5.01,-0.01,34,17034,卖盘
1852,10:38:15,5.02,--,30,15059,买盘
1853,10:38:12,5.02,--,19,9538,买盘
1854,10:38:09,5.02,--,20,10040,买盘
1855,10:38:06,5.02,--,360,180719,买盘
1856,10:38:00,5.02,--,10,5020,买盘
1857,10:37:57,5.02,0.01,121,60741,买盘
1858,10:37:54,5.01,-0.01,183,91683,卖盘
1859,10:37:51,5.02,--,5,2510,买盘
1860,10:37:48,5.02,--,5,2510,买盘
1861,10:37:45,5.02,0.01,44,22087,卖盘
1862,10:37:42,5.01,-0.01,170,85170,卖盘
1863,10:37:36,5.02,--,194,97387,卖盘
1864,10:37:33,5.02,0.01,10,5020,中性盘
1865,10:37:27,5.01,--,382,191382,卖盘
1866,10:37:24,5.01,-0.01,18,9018,卖盘
1867,10:37:21,5.02,0.01,19,9538,买盘
1868,10:37:18,5.01,--,70,35070,卖盘
1869,10:37:15,5.01,-0.01,35,17535,卖盘
1870,10:37:12,5.02,0.01,10,5020,买盘
1871,10:37:09,5.01,-0.01,77,38577,卖盘
1872,10:37:03,5.02,--,236,118471,买盘
1873,10:37:00,5.02,--,31,15561,买盘
1874,10:36:57,5.02,--,65,32629,卖盘
1875,10:36:54,5.02,--,164,82328,买盘
1876,10:36:51,5.02,--,167,83834,买盘
1877,10:36:48,5.02,--,18,9036,买盘
1878,10:36:45,5.02,--,11,5521,卖盘
1879,10:36:42,5.02,--,89,44677,买盘
1880,10:36:39,5.02,--,32,16063,买盘
1881,10:36:36,5.02,-0.01,96,48191,卖盘
1882,10:36:33,5.03,0.01,29,14587,买盘
1883,10:36:30,5.02,--,159,79858,买盘
1884,10:36:27,5.02,0.01,50,25099,买盘
1885,10:36:24,5.01,-0.01,45,22545,卖盘
1886,10:36:21,5.02,--,75,37650,买盘
1887,10:36:18,5.02,--,42,21084,卖盘
1888,10:36:15,5.02,--,82,41364,买盘
1889,10:36:12,5.02,--,26,13051,买盘
1890,10:36:09,5.02,--,382,192065,卖盘
1891,10:36:06,5.02,--,1,501,卖盘
1892,10:36:03,5.02,--,56,28312,买盘
1893,10:36:00,5.02,--,7,3513,买盘
1894,10:35:57,5.02,--,151,75802,买盘
1895,10:35:54,5.02,--,10,5020,买盘
1896,10:35:51,5.02,--,193,96885,买盘
1897,10:35:45,5.02,--,20,10040,买盘
1898,10:35:42,5.02,--,100,50199,买盘
1899,10:35:39,5.02,0.02,33,16566,买盘
1900,10:35:33,5.0,--,14,7000,卖盘
1901,10:35:30,5.0,-0.02,220,110000,卖盘
1902,10:35:27,5.02,0.02,117,58733,买盘
1903,10:35:24,5.0,--,78,39000,卖盘
1904,10:35:21,5.0,--,40,20000,卖盘
1905,10:35:15,5.0,--,71,35500,卖盘
1906,10:35:12,5.0,--,27,13500,卖盘
1907,10:35:09,5.0,--,81,40500,买盘
1908,10:35:06,5.0,--,10,5000,买盘
1909,10:35:03,5.0,--,94,47000,买盘
1910,10:35:00,5.0,--,7,3500,买盘
1911,10:34:57,5.0,--,1,500,买盘
1912,10:34:54,5.0,0.01,42,21000,买盘
1913,10:34:51,4.99,--,120,59880,卖盘
1914,10:34:48,4.99,--,27,13473,卖盘
1915,10:34:45,4.99,--,180,89820,买盘
1916,10:34:42,4.99,--,15,7485,买盘
1917,10:34:39,4.99,--,100,49900,买盘
1918,10:34:36,4.99,--,261,130239,买盘
1919,10:34:33,4.99,--,30,14970,买盘
1920,10:34:30,4.99,--,29,14471,买盘
1921,10:34:27,4.99,--,69,34431,买盘
1922,10:34:24,4.99,--,160,79840,买盘
1923,10:34:21,4.99,--,72,35928,买盘
1924,10:34:18,4.99,-0.01,383,191117,卖盘
1925,10:34:15,5.0,--,15,7500,买盘
1926,10:34:12,5.0,0.01,150,75000,买盘
1927,10:34:09,4.99,-0.01,70,34930,卖盘
1928,10:34:06,5.0,--,60,30000,买盘
1929,10:34:03,5.0,0.01,112,56000,买盘
1930,10:34:00,4.99,--,125,62375,卖盘
1931,10:33:57,4.99,-0.01,94,46906,卖盘
1932,10:33:54,5.0,--,13,6500,买盘
1933,10:33:51,5.0,--,412,206300,卖盘
1934,10:33:48,5.0,--,550,275000,卖盘
1935,10:33:42,5.0,--,55,27500,卖盘
1936,10:33:39,5.0,--,20,10000,卖盘
1937,10:33:36,5.0,0.01,377,188700,买盘
1938,10:33:33,4.99,-0.01,26,12974,卖盘
1939,10:33:30,5.0,--,177,88500,买盘
1940,10:33:27,5.0,--,31,15500,买盘
1941,10:33:24,5.0,--,143,71500,买盘
1942,10:33:21,5.0,--,107,53500,买盘
1943,10:33:18,5.0,--,39,19500,买盘
1944,10:33:15,5.0,-0.02,2348,1174000,卖盘
1945,10:33:12,5.02,--,2,1003,卖盘
1946,10:33:09,5.02,-0.01,1,501,卖盘
1947,10:33:06,5.03,-0.01,20,10060,中性盘
1948,10:33:03,5.04,--,238,119952,买盘
1949,10:33:00,5.04,0.02,141,71064,买盘
1950,10:32:57,5.02,-0.01,20,10040,卖盘
1951,10:32:54,5.03,-0.01,29,14587,卖盘
1952,10:32:51,5.04,0.01,10,5040,买盘
1953,10:32:48,5.03,-0.01,117,58851,卖盘
1954,10:32:39,5.04,0.02,20,10080,买盘
1955,10:32:36,5.02,--,90,45179,买盘
1956,10:32:33,5.02,-0.02,60,30119,卖盘
1957,10:32:30,5.04,--,5165,2603160,卖盘
1958,10:32:27,5.04,--,20,10080,卖盘
1959,10:32:21,5.04,-0.01,131,66024,卖盘
1960,10:32:18,5.05,0.01,84,42420,买盘
1961,10:32:15,5.04,-0.01,24,12096,卖盘
1962,10:32:12,5.05,0.01,5,2525,中性盘
1963,10:32:00,5.04,-0.01,816,411264,卖盘
1964,10:31:57,5.05,-0.01,18,9090,卖盘
1965,10:31:48,5.06,0.01,729,368874,买盘
1966,10:31:45,5.05,-0.01,471,237855,卖盘
1967,10:31:39,5.06,0.01,11,5566,中性盘
1968,10:31:36,5.05,-0.02,500,252500,卖盘
1969,10:31:33,5.07,0.01,12,6084,买盘
1970,10:31:27,5.06,--,21,10626,买盘
1971,10:31:24,5.06,--,119,60213,卖盘
1972,10:31:18,5.06,--,79,39974,卖盘
1973,10:31:15,5.06,-0.01,105,53129,卖盘
1974,10:31:12,5.07,0.01,110,55770,买盘
1975,10:31:09,5.06,--,144,72864,卖盘
1976,10:31:06,5.06,--,772,390631,卖盘
1977,10:31:00,5.06,--,110,55659,卖盘
1978,10:30:51,5.06,-0.01,86,43516,卖盘
1979,10:30:45,5.07,--,94,47658,买盘
1980,10:30:42,5.07,--,1,507,买盘
1981,10:30:36,5.07,--,806,408642,卖盘
1982,10:30:33,5.07,-0.01,30,15210,卖盘
1983,10:30:27,5.08,--,346,175768,买盘
1984,10:30:21,5.08,0.01,43,21844,买盘
1985,10:30:18,5.07,--,227,115089,卖盘
1986,10:30:06,5.07,--,18,9126,卖盘
1987,10:30:00,5.07,-0.01,36,18252,卖盘
1988,10:29:33,5.08,--,23,11684,买盘
1989,10:29:30,5.08,0.01,103,52324,买盘
1990,10:29:27,5.07,--,35,17745,卖盘
1991,10:29:21,5.07,-0.01,19,9633,卖盘
1992,10:29:12,5.08,--,4,2032,买盘
1993,10:29:09,5.08,0.01,253,128524,买盘
1994,10:28:51,5.07,--,15,7605,买盘
1995,10:28:48,5.07,--,99,50193,卖盘
1996,10:28:45,5.07,--,20,10140,卖盘
1997,10:28:33,5.07,--,6,3042,买盘
1998,10:28:30,5.07,-0.01,150,76050,卖盘
1999,10:28:27,5.08,0.01,113,57404,买盘
2000,10:28:24,5.07,-0.01,40,20280,卖盘
2001,10:28:21,5.08,0.01,10,5080,买盘
2002,10:28:03,5.07,-0.01,71,35997,卖盘
2003,10:28:00,5.08,--,17,8636,买盘
2004,10:27:57,5.08,0.01,125,63500,买盘
2005,10:27:54,5.07,-0.01,1,507,卖盘
2006,10:27:51,5.08,0.01,2,1016,买盘
2007,10:27:48,5.07,-0.01,10,5070,卖盘
2008,10:27:45,5.08,--,83,42164,买盘
2009,10:27:39,5.08,0.01,1,508,买盘
2010,10:27:36,5.07,--,1,507,卖盘
2011,10:27:30,5.07,--,446,226122,买盘
2012,10:27:24,5.07,--,5,2535,买盘
2013,10:27:18,5.07,--,99,50193,买盘
2014,10:27:15,5.07,--,106,53742,买盘
2015,10:27:12,5.07,--,11,5577,买盘
2016,10:27:09,5.07,--,2,1014,买盘
2017,10:27:03,5.07,--,6,3042,买盘
2018,10:27:00,5.07,--,20,10140,买盘
2019,10:26:57,5.07,--,1,507,买盘
2020,10:26:54,5.07,--,19,9633,买盘
2021,10:26:51,5.07,-0.01,107,54249,卖盘
2022,10:26:48,5.08,0.01,23,11684,买盘
2023,10:26:45,5.07,--,68,34476,卖盘
2024,10:26:39,5.07,-0.01,610,309270,卖盘
2025,10:26:30,5.08,0.01,10,5080,买盘
2026,10:26:24,5.07,--,108,54756,卖盘
2027,10:26:09,5.07,--,76,38532,买盘
2028,10:26:06,5.07,--,50,25350,买盘
2029,10:26:03,5.07,--,100,50700,买盘
2030,10:26:00,5.07,--,15,7605,买盘
2031,10:25:51,5.07,--,132,66924,买盘
2032,10:25:45,5.07,--,52,26364,买盘
2033,10:25:39,5.07,--,11,5577,买盘
2034,10:25:33,5.07,--,10,5070,买盘
2035,10:25:30,5.07,0.01,114,57798,买盘
2036,10:25:21,5.06,-0.01,154,77924,卖盘
2037,10:25:18,5.07,--,10,5070,买盘
2038,10:25:12,5.07,0.01,20,10140,买盘
2039,10:25:09,5.06,--,3,1517,卖盘
2040,10:25:00,5.06,-0.01,800,404799,卖盘
2041,10:24:57,5.07,--,61,30927,买盘
2042,10:24:51,5.07,--,13,6591,买盘
2043,10:24:48,5.07,--,121,61347,买盘
2044,10:24:45,5.07,--,46,23322,买盘
2045,10:24:42,5.07,--,4,2028,买盘
2046,10:24:36,5.07,--,240,121680,卖盘
2047,10:24:24,5.07,--,6,3042,卖盘
2048,10:24:21,5.07,--,118,59826,买盘
2049,10:24:18,5.07,--,282,142974,卖盘
2050,10:24:15,5.07,--,79,40053,卖盘
2051,10:24:12,5.07,-0.01,42,21294,卖盘
2052,10:24:03,5.08,0.01,6,3048,买盘
2053,10:24:00,5.07,--,90,45630,卖盘
2054,10:23:48,5.07,--,180,91260,卖盘
2055,10:23:42,5.07,-0.01,135,68445,卖盘
2056,10:23:39,5.08,0.01,130,66040,买盘
2057,10:23:33,5.07,--,16,8112,卖盘
2058,10:23:27,5.07,--,70,35490,卖盘
2059,10:23:24,5.07,--,130,65910,卖盘
2060,10:23:15,5.07,--,10,5070,卖盘
2061,10:23:00,5.07,--,3,1521,卖盘
2062,10:22:57,5.07,--,50,25350,卖盘
2063,10:22:54,5.07,-0.01,243,123201,卖盘
2064,10:22:45,5.08,0.01,11,5588,买盘
2065,10:22:42,5.07,--,14,7098,卖盘
2066,10:22:39,5.07,--,150,76050,卖盘
2067,10:22:24,5.07,-0.01,49,24843,卖盘
2068,10:22:15,5.08,0.01,20,10160,买盘
2069,10:22:12,5.07,--,4,2028,卖盘
2070,10:22:06,5.07,-0.01,82,41574,卖盘
2071,10:22:03,5.08,0.01,276,140208,买盘
2072,10:22:00,5.07,-0.01,1,507,卖盘
2073,10:21:57,5.08,--,12,6096,买盘
2074,10:21:54,5.08,--,248,125984,买盘
2075,10:21:48,5.08,--,2,1016,买盘
2076,10:21:45,5.08,0.01,50,25400,买盘
2077,10:21:42,5.07,-0.01,4,2028,卖盘
2078,10:21:39,5.08,--,199,101092,买盘
2079,10:21:33,5.08,0.01,100,50800,买盘
2080,10:21:30,5.07,-0.01,12,6084,卖盘
2081,10:21:24,5.08,--,4,2032,买盘
2082,10:21:21,5.08,--,15,7620,买盘
2083,10:21:15,5.08,--,28,14224,卖盘
2084,10:21:09,5.08,0.01,24,12192,买盘
2085,10:21:06,5.07,-0.01,83,42081,卖盘
2086,10:21:00,5.08,--,3,1524,买盘
2087,10:20:57,5.08,--,22,11176,买盘
2088,10:20:54,5.08,--,106,53848,买盘
2089,10:20:51,5.08,0.01,20,10160,买盘
2090,10:20:45,5.07,--,1,507,卖盘
2091,10:20:42,5.07,-0.01,1,507,卖盘
2092,10:20:39,5.08,0.01,55,27940,买盘
2093,10:20:36,5.07,--,51,25857,卖盘
2094,10:20:33,5.07,-0.01,55,27885,卖盘
2095,10:20:30,5.08,0.01,310,157480,买盘
2096,10:20:24,5.07,-0.01,37,18759,卖盘
2097,10:20:21,5.08,0.01,204,103632,买盘
2098,10:20:18,5.07,-0.01,7,3549,卖盘
2099,10:20:12,5.08,0.01,123,62484,买盘
2100,10:20:09,5.07,-0.01,8,4056,卖盘
2101,10:20:00,5.08,--,300,152400,买盘
2102,10:19:57,5.08,0.01,4,2032,买盘
2103,10:19:54,5.07,--,30,15210,卖盘
2104,10:19:51,5.07,--,120,60840,卖盘
2105,10:19:48,5.07,--,10,5070,卖盘
2106,10:19:36,5.07,-0.01,220,111540,卖盘
2107,10:19:33,5.08,--,3,1524,买盘
2108,10:19:30,5.08,--,45,22860,买盘
2109,10:19:27,5.08,--,300,152400,买盘
2110,10:19:15,5.08,--,10,5080,买盘
2111,10:18:57,5.08,0.02,26,13208,买盘
2112,10:18:54,5.06,--,260,131560,卖盘
2113,10:18:51,5.06,-0.01,36,18216,卖盘
2114,10:18:48,5.07,--,20,10140,卖盘
2115,10:18:45,5.07,0.01,115,58305,买盘
2116,10:18:42,5.06,-0.01,10,5060,卖盘
2117,10:18:39,5.07,--,1,507,买盘
2118,10:18:36,5.07,0.01,500,253500,买盘
2119,10:18:33,5.06,-0.01,6,3035,卖盘
2120,10:18:30,5.07,0.01,2,1014,买盘
2121,10:18:24,5.06,-0.01,40,20240,卖盘
2122,10:18:21,5.07,--,10,5070,买盘
2123,10:18:18,5.07,--,152,77064,买盘
2124,10:18:15,5.07,--,52,26364,买盘
2125,10:18:12,5.07,0.01,54,27378,买盘
2126,10:18:09,5.06,-0.01,44,22264,卖盘
2127,10:18:06,5.07,0.01,60,30420,买盘
2128,10:18:03,5.06,--,54,27323,卖盘
2129,10:18:00,5.06,--,2,1011,卖盘
2130,10:17:51,5.06,-0.01,68,34408,卖盘
2131,10:17:48,5.07,0.02,38,19266,买盘
2132,10:17:45,5.05,-0.02,500,252500,卖盘
2133,10:17:42,5.07,--,24,12168,买盘
2134,10:17:39,5.07,--,1,507,买盘
2135,10:17:36,5.07,0.01,100,50700,买盘
2136,10:17:33,5.06,--,72,36432,买盘
2137,10:17:30,5.06,--,61,30865,卖盘
2138,10:17:27,5.06,--,15,7589,卖盘
2139,10:17:24,5.06,-0.01,341,172546,卖盘
2140,10:17:21,5.07,--,26,13182,买盘
2141,10:17:12,5.07,0.01,102,51714,买盘
2142,10:17:09,5.06,-0.01,100,50599,卖盘
2143,10:17:06,5.07,--,231,117117,卖盘
2144,10:17:03,5.07,0.02,3,1521,卖盘
2145,10:16:57,5.05,-0.02,3600,1818000,卖盘
2146,10:16:54,5.07,0.01,63,31941,买盘
2147,10:16:51,5.06,-0.01,30,15179,卖盘
2148,10:16:48,5.07,--,162,82134,买盘
2149,10:16:45,5.07,--,129,65403,卖盘
2150,10:16:39,5.07,-0.01,184,93288,卖盘
2151,10:16:33,5.08,--,10,5080,买盘
2152,10:16:30,5.08,0.01,19,9652,买盘
2153,10:16:27,5.07,--,1521,771147,卖盘
2154,10:16:24,5.07,-0.01,10,5070,卖盘
2155,10:16:21,5.08,--,34,17272,买盘
2156,10:16:18,5.08,0.01,11,5588,买盘
2157,10:16:15,5.07,-0.01,50,25350,卖盘
2158,10:16:06,5.08,--,40,20320,买盘
2159,10:16:03,5.08,-0.01,594,301752,卖盘
2160,10:15:51,5.09,--,109,55481,买盘
2161,10:15:45,5.09,--,5,2545,买盘
2162,10:15:39,5.09,--,58,29639,卖盘
2163,10:15:36,5.09,--,77,39193,卖盘
2164,10:15:33,5.09,-0.01,22,11198,卖盘
2165,10:15:27,5.1,--,14,7139,买盘
2166,10:15:18,5.1,--,200,102000,买盘
2167,10:15:15,5.1,0.01,589,300782,买盘
2168,10:15:12,5.09,--,13,6617,卖盘
2169,10:15:09,5.09,-0.01,19,9671,卖盘
2170,10:15:06,5.1,--,43,21930,买盘
2171,10:15:00,5.1,--,300,153000,买盘
2172,10:14:54,5.1,--,3,1530,买盘
2173,10:14:48,5.1,--,183,93330,买盘
2174,10:14:42,5.1,--,914,466445,卖盘
2175,10:14:39,5.1,--,406,207060,卖盘
2176,10:14:33,5.1,-0.01,50,25500,卖盘
2177,10:14:21,5.11,0.01,63,32193,买盘
2178,10:14:15,5.1,-0.01,3,1530,卖盘
2179,10:14:09,5.11,0.01,685,350035,买盘
2180,10:14:06,5.1,--,54,27539,卖盘
2181,10:14:00,5.1,--,1,509,卖盘
2182,10:13:57,5.1,-0.01,96,48960,卖盘
2183,10:13:54,5.11,--,2,1022,买盘
2184,10:13:51,5.11,--,144,73584,卖盘
2185,10:13:42,5.11,--,20,10220,卖盘
2186,10:13:39,5.11,--,2,1022,卖盘
2187,10:13:30,5.11,0.01,13,6643,买盘
2188,10:13:15,5.1,--,105,53549,卖盘
2189,10:13:09,5.1,--,6,3060,卖盘
2190,10:13:00,5.1,--,4,2039,卖盘
2191,10:12:48,5.1,-0.01,40,20400,卖盘
2192,10:12:45,5.11,--,77,39551,买盘
2193,10:12:42,5.11,--,4,2044,买盘
2194,10:12:33,5.11,0.01,10,5110,买盘
2195,10:12:15,5.1,-0.01,19,9690,卖盘
2196,10:12:09,5.11,0.01,100,51100,买盘
2197,10:12:06,5.1,-0.01,32,16319,卖盘
2198,10:12:00,5.11,0.01,30,15330,买盘
2199,10:11:57,5.1,-0.01,8,4079,卖盘
2200,10:11:54,5.11,--,4,2044,买盘
2201,10:11:45,5.11,--,20,10220,买盘
2202,10:11:42,5.11,0.01,33,16863,买盘
2203,10:11:39,5.1,--,1,509,卖盘
2204,10:11:30,5.1,-0.01,50,25500,卖盘
2205,10:11:27,5.11,0.01,150,76650,买盘
2206,10:11:18,5.1,--,39,19890,卖盘
2207,10:11:15,5.1,--,52,26519,卖盘
2208,10:11:12,5.1,-0.01,10,5100,卖盘
2209,10:11:09,5.11,--,58,29638,买盘
2210,10:11:03,5.11,--,20,10220,买盘
2211,10:11:00,5.11,0.01,220,112420,买盘
2212,10:10:51,5.1,--,7,3569,卖盘
2213,10:10:45,5.1,-0.01,30,15299,卖盘
2214,10:10:42,5.11,0.01,50,25550,买盘
2215,10:10:33,5.1,-0.01,20,10200,卖盘
2216,10:10:30,5.11,--,45,22995,买盘
2217,10:10:27,5.11,--,38,19418,买盘
2218,10:10:21,5.11,--,103,52633,买盘
2219,10:10:12,5.11,--,170,87176,卖盘
2220,10:10:09,5.11,--,1315,671965,卖盘
2221,10:10:03,5.11,--,18,9198,卖盘
2222,10:09:27,5.11,-0.01,15,7665,卖盘
2223,10:09:24,5.12,0.01,13,6656,买盘
2224,10:09:21,5.11,-0.01,1,511,卖盘
2225,10:09:18,5.12,--,40,20480,买盘
2226,10:09:15,5.12,0.01,152,77824,买盘
2227,10:09:12,5.11,--,4,2044,卖盘
2228,10:09:09,5.11,--,15,7665,卖盘
2229,10:09:00,5.11,-0.01,200,102200,卖盘
2230,10:08:57,5.12,0.01,300,153600,买盘
2231,10:08:45,5.11,--,3,1533,卖盘
2232,10:08:42,5.11,--,43,21973,卖盘
2233,10:08:36,5.11,--,10,5110,卖盘
2234,10:08:30,5.11,--,20,10220,卖盘
2235,10:07:57,5.11,-0.01,25,12775,卖盘
2236,10:07:45,5.12,--,3,1536,买盘
2237,10:07:42,5.12,--,300,153600,买盘
2238,10:07:39,5.12,0.01,5,2560,买盘
2239,10:07:36,5.11,--,5,2555,卖盘
2240,10:07:24,5.11,--,9,4599,卖盘
2241,10:07:21,5.11,--,2,1022,卖盘
2242,10:07:18,5.11,-0.01,3,1533,卖盘
2243,10:07:12,5.12,0.01,500,256000,买盘
2244,10:07:09,5.11,--,9,4599,卖盘
2245,10:07:06,5.11,--,50,25550,卖盘
2246,10:07:00,5.11,-0.01,2,1022,卖盘
2247,10:06:51,5.12,0.01,30,15360,买盘
2248,10:06:48,5.11,-0.01,17,8687,卖盘
2249,10:06:42,5.12,--,3,1536,买盘
2250,10:06:36,5.12,0.01,300,153600,买盘
2251,10:06:33,5.11,-0.01,1,511,卖盘
2252,10:06:18,5.12,--,4,2048,买盘
2253,10:06:15,5.12,--,1,512,买盘
2254,10:06:12,5.12,0.01,200,102400,中性盘
2255,10:06:00,5.11,-0.01,519,265209,卖盘
2256,10:05:51,5.12,0.01,2,1024,中性盘
2257,10:05:48,5.11,--,24,12264,卖盘
2258,10:05:45,5.11,-0.01,800,408800,卖盘
2259,10:05:42,5.12,--,17,8704,卖盘
2260,10:05:39,5.12,--,10,5120,卖盘
2261,10:05:36,5.12,-0.01,40,20480,卖盘
2262,10:05:33,5.13,0.01,271,139023,买盘
2263,10:05:27,5.12,--,805,412160,卖盘
2264,10:05:24,5.12,--,1,512,卖盘
2265,10:05:06,5.12,--,50,25600,卖盘
2266,10:05:03,5.12,-0.01,95,48640,卖盘
2267,10:05:00,5.13,--,3,1539,买盘
2268,10:04:54,5.13,--,102,52326,买盘
2269,10:04:45,5.13,--,20,10260,买盘
2270,10:04:30,5.13,0.01,30,15390,买盘
2271,10:04:21,5.12,-0.01,26,13312,卖盘
2272,10:04:12,5.13,0.01,500,256500,买盘
2273,10:04:03,5.12,--,191,97792,卖盘
2274,10:04:00,5.12,-0.01,40,20480,卖盘
2275,10:03:57,5.13,0.01,31,15903,买盘
2276,10:03:39,5.12,-0.01,30,15360,卖盘
2277,10:03:33,5.13,--,73,37449,买盘
2278,10:03:15,5.13,--,41,21033,卖盘
2279,10:03:12,5.13,--,40,20520,卖盘
2280,10:03:03,5.13,0.01,79,40527,买盘
2281,10:02:57,5.12,--,102,52224,卖盘
2282,10:02:48,5.12,-0.01,174,89088,卖盘
2283,10:02:42,5.13,--,10,5130,买盘
2284,10:02:36,5.13,0.01,4,2052,买盘
2285,10:02:30,5.12,-0.01,118,60416,卖盘
2286,10:02:24,5.13,--,116,59508,买盘
2287,10:02:15,5.13,--,10,5130,买盘
2288,10:02:12,5.13,0.01,18,9234,中性盘
2289,10:02:09,5.12,-0.01,40,20480,卖盘
2290,10:02:06,5.13,--,35,17955,卖盘
2291,10:01:57,5.13,--,354,181602,买盘
2292,10:01:51,5.13,--,194,99522,买盘
2293,10:01:42,5.13,--,8,4104,买盘
2294,10:01:36,5.13,0.01,8,4104,买盘
2295,10:01:33,5.12,--,62,31744,卖盘
2296,10:01:12,5.12,-0.01,1,512,卖盘
2297,10:01:09,5.13,0.01,670,343710,买盘
2298,10:01:06,5.12,--,6,3072,卖盘
2299,10:00:57,5.12,--,605,309760,卖盘
2300,10:00:42,5.12,-0.01,45,23040,卖盘
2301,10:00:39,5.13,0.01,500,256500,买盘
2302,10:00:36,5.12,-0.01,24,12288,卖盘
2303,09:59:51,5.13,0.01,10,5130,买盘
2304,09:59:45,5.12,--,51,26112,卖盘
2305,09:59:42,5.12,--,3,1740,买盘
2306,09:59:36,5.12,--,5,2560,买盘
2307,09:59:33,5.12,--,23,11776,买盘
2308,09:59:30,5.12,--,15,7680,买盘
2309,09:59:27,5.12,--,1,512,买盘
2310,09:59:24,5.12,0.01,60,30720,买盘
2311,09:59:21,5.11,-0.01,163,83293,卖盘
2312,09:59:06,5.12,--,61,31232,买盘
2313,09:59:03,5.12,--,16,8192,买盘
2314,09:58:57,5.12,--,15,7680,买盘
2315,09:58:51,5.12,--,1,512,买盘
2316,09:58:42,5.12,--,1648,844083,卖盘
2317,09:58:36,5.12,--,5,2560,卖盘
2318,09:58:30,5.12,-0.01,2,1024,卖盘
2319,09:58:24,5.13,0.01,4,2052,买盘
2320,09:58:21,5.12,-0.01,101,51712,卖盘
2321,09:58:15,5.13,0.01,3,1539,买盘
2322,09:58:12,5.12,--,100,51200,卖盘
2323,09:58:06,5.12,-0.01,18,9216,卖盘
2324,09:58:00,5.13,0.01,50,25650,买盘
2325,09:57:33,5.12,-0.01,71,36352,卖盘
2326,09:57:27,5.13,--,8,4104,买盘
2327,09:57:09,5.13,--,10,5130,买盘
2328,09:57:06,5.13,0.01,40,20520,买盘
2329,09:57:03,5.12,--,576,294912,卖盘
2330,09:57:00,5.12,--,5,2560,卖盘
2331,09:56:51,5.12,-0.01,3,1536,卖盘
2332,09:56:48,5.13,0.01,150,76950,买盘
2333,09:56:45,5.12,--,81,41472,卖盘
2334,09:56:36,5.12,--,3,1536,卖盘
2335,09:56:27,5.12,-0.01,12,6144,卖盘
2336,09:56:24,5.13,--,10,5130,买盘
2337,09:56:18,5.13,0.01,10,5130,买盘
2338,09:56:15,5.12,-0.01,1,512,卖盘
2339,09:55:48,5.13,0.01,10,5130,买盘
2340,09:55:45,5.12,--,50,25600,卖盘
2341,09:55:42,5.12,--,9,4608,卖盘
2342,09:55:21,5.12,-0.01,79,40448,卖盘
2343,09:55:15,5.13,--,20,10260,买盘
2344,09:55:09,5.13,--,50,25650,买盘
2345,09:55:06,5.13,--,41,21033,买盘
2346,09:54:57,5.13,--,20,10260,买盘
2347,09:54:48,5.13,--,2,1026,买盘
2348,09:54:42,5.13,0.01,10,5130,买盘
2349,09:54:33,5.12,--,20,10240,卖盘
2350,09:54:27,5.12,--,1,512,卖盘
2351,09:54:15,5.12,--,5,2560,卖盘
2352,09:54:09,5.12,--,95,48640,卖盘
2353,09:54:06,5.12,--,33,16896,卖盘
2354,09:53:48,5.12,-0.01,38,19456,卖盘
2355,09:53:45,5.13,0.01,2,1026,买盘
2356,09:53:42,5.12,-0.01,1,512,卖盘
2357,09:53:36,5.13,0.01,6,3078,买盘
2358,09:53:33,5.12,-0.01,10,5120,卖盘
2359,09:53:27,5.13,0.01,3,1539,买盘
2360,09:53:18,5.12,--,79,40448,卖盘
2361,09:53:12,5.12,--,20,10240,卖盘
2362,09:53:09,5.12,--,51,26112,卖盘
2363,09:52:54,5.12,--,3,1536,卖盘
2364,09:52:42,5.12,--,50,25600,卖盘
2365,09:52:33,5.12,--,38,19660,买盘
2366,09:52:30,5.12,0.01,114,58368,买盘
2367,09:52:27,5.11,-0.01,35,17885,卖盘
2368,09:52:24,5.12,--,6,3072,买盘
2369,09:52:21,5.12,--,50,25600,买盘
2370,09:52:15,5.12,--,24,12288,买盘
2371,09:52:12,5.12,--,11,5632,买盘
2372,09:51:57,5.12,--,2,1024,买盘
2373,09:51:54,5.12,--,6,3072,买盘
2374,09:51:48,5.12,--,26,13312,买盘
2375,09:51:42,5.12,0.01,8,4096,买盘
2376,09:51:39,5.11,--,8,4088,卖盘
2377,09:51:36,5.11,-0.01,8,4088,卖盘
2378,09:51:33,5.12,--,1,512,买盘
2379,09:51:30,5.12,--,53,27136,买盘
2380,09:51:27,5.12,0.01,20,10240,买盘
2381,09:51:24,5.11,-0.01,518,264698,卖盘
2382,09:51:21,5.12,--,48,24576,买盘
2383,09:51:18,5.12,--,29,14848,买盘
2384,09:51:12,5.12,0.01,607,310784,买盘
2385,09:51:09,5.11,--,12,6387,卖盘
2386,09:51:03,5.11,-0.01,50,25550,卖盘
2387,09:51:00,5.12,0.01,2,1024,买盘
2388,09:50:57,5.11,--,1,511,卖盘
2389,09:50:54,5.11,--,119,60809,卖盘
2390,09:50:48,5.11,-0.01,76,38836,卖盘
2391,09:50:45,5.12,--,50,25600,买盘
2392,09:50:42,5.12,0.01,257,131840,买盘
2393,09:50:39,5.11,--,8,4088,卖盘
2394,09:50:24,5.11,--,101,51611,卖盘
2395,09:50:15,5.11,--,90,45990,卖盘
2396,09:50:12,5.11,--,106,54166,卖盘
2397,09:50:06,5.11,-0.01,33,16863,卖盘
2398,09:50:03,5.12,0.01,2,1024,买盘
2399,09:49:54,5.11,-0.01,203,103733,卖盘
2400,09:49:51,5.12,--,26,13312,买盘
2401,09:49:48,5.12,0.01,200,102400,买盘
2402,09:49:45,5.11,-0.01,10,5110,卖盘
2403,09:49:42,5.12,0.01,15,7680,买盘
2404,09:49:39,5.11,-0.01,200,102200,卖盘
2405,09:49:33,5.12,--,2,1024,买盘
2406,09:49:21,5.12,--,15,7680,买盘
2407,09:49:06,5.12,-0.01,447,229171,卖盘
2408,09:49:03,5.13,--,112,57456,买盘
2409,09:48:48,5.13,0.01,84,43092,买盘
2410,09:48:45,5.12,-0.01,8,4096,卖盘
2411,09:48:42,5.13,0.01,30,15390,买盘
2412,09:48:39,5.12,--,14,7168,卖盘
2413,09:48:36,5.12,--,20,10240,卖盘
2414,09:48:33,5.12,--,423,216780,卖盘
2415,09:48:15,5.12,--,4,2048,卖盘
2416,09:48:09,5.12,-0.01,1,512,卖盘
2417,09:48:06,5.13,0.01,28,14364,买盘
2418,09:48:00,5.12,--,18,9216,卖盘
2419,09:47:51,5.12,--,38,19456,卖盘
2420,09:47:48,5.12,--,90,46080,卖盘
2421,09:47:45,5.12,--,1,512,卖盘
2422,09:47:39,5.12,--,20,10240,卖盘
2423,09:47:36,5.12,--,30,15360,卖盘
2424,09:47:27,5.12,--,18,9216,卖盘
2425,09:47:24,5.12,--,100,51200,卖盘
2426,09:47:21,5.12,-0.01,60,30720,卖盘
2427,09:47:15,5.13,0.01,58,29754,买盘
2428,09:47:09,5.12,-0.01,10,5120,卖盘
2429,09:47:03,5.13,--,9,4617,买盘
2430,09:46:51,5.13,--,16,8208,卖盘
2431,09:46:45,5.13,--,116,59508,卖盘
2432,09:46:42,5.13,-0.01,4,2052,卖盘
2433,09:46:39,5.14,0.01,60,30839,买盘
2434,09:46:33,5.13,-0.01,455,233415,卖盘
2435,09:46:30,5.14,--,8,4112,买盘
2436,09:46:21,5.14,0.01,11,5654,买盘
2437,09:46:15,5.13,-0.01,40,20520,卖盘
2438,09:46:12,5.14,-0.01,1,514,中性盘
2439,09:45:42,5.15,0.01,99,50985,买盘
2440,09:45:39,5.14,-0.01,97,49858,卖盘
2441,09:45:27,5.15,0.01,100,51500,买盘
2442,09:45:24,5.14,--,184,94576,卖盘
2443,09:45:21,5.14,--,60,30839,卖盘
2444,09:45:15,5.14,--,33,16962,卖盘
2445,09:45:06,5.14,--,16,8224,卖盘
2446,09:44:54,5.14,--,5,2570,卖盘
2447,09:44:45,5.14,--,2,1028,卖盘
2448,09:44:39,5.14,--,3,1542,买盘
2449,09:44:36,5.14,--,110,56540,卖盘
2450,09:44:30,5.14,--,1,514,卖盘
2451,09:44:27,5.14,--,212,108968,买盘
2452,09:44:24,5.14,--,13,6682,买盘
2453,09:44:21,5.14,--,8,4112,买盘
2454,09:44:06,5.14,--,4,2056,买盘
2455,09:44:03,5.14,-0.01,405,208170,卖盘
2456,09:43:57,5.15,--,11,5665,买盘
2457,09:43:45,5.15,--,20,10300,买盘
2458,09:43:24,5.15,0.01,2,1030,中性盘
2459,09:43:15,5.14,-0.01,40,20560,卖盘
2460,09:43:12,5.15,--,12,6180,卖盘
2461,09:43:06,5.15,--,554,285310,买盘
2462,09:43:03,5.15,0.01,10,5150,买盘
2463,09:43:00,5.14,-0.01,5,2570,卖盘
2464,09:42:54,5.15,--,57,29355,买盘
2465,09:42:36,5.15,--,53,27295,买盘
2466,09:42:27,5.15,--,2,1030,买盘
2467,09:42:21,5.15,--,12,6180,买盘
2468,09:42:18,5.15,--,4,2060,买盘
2469,09:42:15,5.15,--,29,14935,买盘
2470,09:42:06,5.15,0.01,3,1545,买盘
2471,09:42:03,5.14,--,1,514,卖盘
2472,09:41:54,5.14,-0.01,125,64249,卖盘
2473,09:41:51,5.15,0.01,20,10300,买盘
2474,09:41:48,5.14,-0.01,148,76072,卖盘
2475,09:41:45,5.15,--,20,10300,买盘
2476,09:41:36,5.15,--,37,19055,买盘
2477,09:41:33,5.15,0.01,5,2575,买盘
2478,09:41:30,5.14,-0.01,20,10280,卖盘
2479,09:41:18,5.15,0.01,3,1545,买盘
2480,09:41:12,5.14,-0.01,16,8224,卖盘
2481,09:41:03,5.15,0.01,10,5150,买盘
2482,09:41:00,5.14,--,11,5654,卖盘
2483,09:40:51,5.14,--,2,1028,卖盘
2484,09:40:45,5.14,--,9,4626,卖盘
2485,09:40:36,5.14,--,80,41120,买盘
2486,09:40:33,5.14,--,200,102800,买盘
2487,09:40:21,5.14,--,3,1542,买盘
2488,09:40:18,5.14,--,175,89950,买盘
2489,09:40:12,5.14,--,15,7709,买盘
2490,09:40:09,5.14,--,6,3084,买盘
2491,09:39:57,5.14,--,5,2570,买盘
2492,09:39:48,5.14,--,37,19018,买盘
2493,09:39:45,5.14,--,6,3084,买盘
2494,09:39:36,5.14,0.01,10,5140,买盘
2495,09:39:30,5.13,-0.01,3,1539,卖盘
2496,09:39:24,5.14,--,6,3084,买盘
2497,09:39:18,5.14,--,10,5140,买盘
2498,09:39:15,5.14,--,362,186068,卖盘
2499,09:39:09,5.14,-0.01,10,5140,卖盘
2500,09:39:06,5.15,0.01,510,262650,买盘
2501,09:38:57,5.14,--,4,2056,卖盘
2502,09:38:54,5.14,-0.01,50,25700,卖盘
2503,09:38:51,5.15,0.01,5,2575,买盘
2504,09:38:48,5.14,-0.01,10,5140,卖盘
2505,09:38:45,5.15,--,2,1030,买盘
2506,09:38:42,5.15,0.01,3,1545,买盘
2507,09:38:39,5.14,-0.01,50,25700,卖盘
2508,09:38:36,5.15,--,17,8755,买盘
2509,09:38:30,5.15,--,10,5150,买盘
2510,09:38:27,5.15,--,9,4635,买盘
2511,09:38:24,5.15,--,83,42745,买盘
2512,09:38:18,5.15,0.01,4,2060,买盘
2513,09:38:15,5.14,-0.01,200,102800,卖盘
2514,09:38:09,5.15,--,100,51500,买盘
2515,09:38:06,5.15,--,12,6180,卖盘
2516,09:38:03,5.15,--,245,126175,买盘
2517,09:38:00,5.15,--,1,515,买盘
2518,09:37:57,5.15,--,30,15450,买盘
2519,09:37:51,5.15,--,2,1030,买盘
2520,09:37:48,5.15,--,31,15965,买盘
2521,09:37:45,5.15,--,10,5150,买盘
2522,09:37:39,5.15,--,2,1030,买盘
2523,09:37:36,5.15,--,35,18025,买盘
2524,09:37:33,5.15,--,53,27295,买盘
2525,09:37:30,5.15,--,127,65405,买盘
2526,09:37:27,5.15,--,220,113300,买盘
2527,09:37:21,5.15,--,1,515,买盘
2528,09:37:12,5.15,-0.01,363,186945,卖盘
2529,09:37:09,5.16,--,5,2580,买盘
2530,09:37:06,5.16,--,13,6708,买盘
2531,09:37:03,5.16,--,2,1032,买盘
2532,09:37:00,5.16,--,11,5676,卖盘
2533,09:36:57,5.16,--,15,7740,买盘
2534,09:36:54,5.16,--,45,23220,卖盘
2535,09:36:51,5.16,-0.01,20,10320,卖盘
2536,09:36:48,5.17,--,27,13959,买盘
2537,09:36:45,5.17,0.01,5,2585,买盘
2538,09:36:42,5.16,-0.01,300,154800,卖盘
2539,09:36:39,5.17,--,12,6204,买盘
2540,09:36:36,5.17,0.01,22,11374,买盘
2541,09:36:33,5.16,-0.01,310,159960,卖盘
2542,09:36:27,5.17,0.01,105,54285,买盘
2543,09:36:24,5.16,-0.01,141,72756,卖盘
2544,09:36:18,5.17,--,10,5170,买盘
2545,09:36:12,5.17,--,12,6204,买盘
2546,09:36:06,5.17,--,14,7238,买盘
2547,09:36:03,5.17,--,4,2068,买盘
2548,09:36:00,5.17,0.01,53,27401,买盘
2549,09:35:54,5.16,-0.01,50,25800,卖盘
2550,09:35:51,5.17,--,19,9823,买盘
2551,09:35:45,5.17,--,27,13959,买盘
2552,09:35:42,5.17,--,99,51441,卖盘
2553,09:35:39,5.17,--,30,15510,卖盘
2554,09:35:36,5.17,--,3,1551,卖盘
2555,09:35:30,5.17,0.01,393,203439,买盘
2556,09:35:24,5.16,-0.01,8,4128,卖盘
2557,09:35:21,5.17,--,3,1551,买盘
2558,09:35:18,5.17,--,9,4653,买盘
2559,09:35:15,5.17,--,20,10340,买盘
2560,09:35:12,5.17,--,104,53768,买盘
2561,09:35:09,5.17,0.01,1,517,买盘
2562,09:34:54,5.16,--,107,55212,卖盘
2563,09:34:51,5.16,-0.01,43,22188,卖盘
2564,09:34:48,5.17,0.01,98,50666,买盘
2565,09:34:45,5.16,--,100,51600,卖盘
2566,09:34:42,5.16,--,22,11352,卖盘
2567,09:34:39,5.16,--,10,5160,卖盘
2568,09:34:33,5.16,--,158,81528,买盘
2569,09:34:30,5.16,--,100,51600,买盘
2570,09:34:27,5.16,--,106,54696,买盘
2571,09:34:24,5.16,0.01,8,4128,买盘
2572,09:34:18,5.15,-0.01,23,11845,卖盘
2573,09:34:12,5.16,--,1,516,买盘
2574,09:34:09,5.16,--,7,3612,买盘
2575,09:34:03,5.16,--,121,62436,买盘
2576,09:34:00,5.16,--,5,2580,买盘
2577,09:33:57,5.16,--,210,108360,买盘
2578,09:33:51,5.16,--,46,23736,买盘
2579,09:33:48,5.16,0.01,20,10320,买盘
2580,09:33:45,5.15,-0.01,382,196730,卖盘
2581,09:33:36,5.16,--,72,37152,买盘
2582,09:33:33,5.16,0.01,28,14448,买盘
2583,09:33:15,5.15,--,15,7725,卖盘
2584,09:33:06,5.15,--,586,301790,卖盘
2585,09:33:03,5.15,0.01,395,203425,买盘
2586,09:32:57,5.14,--,300,154200,卖盘
2587,09:32:54,5.14,-0.01,39,20046,卖盘
2588,09:32:51,5.15,0.01,220,113300,买盘
2589,09:32:48,5.14,--,7,3598,卖盘
2590,09:32:45,5.14,-0.01,6,3084,卖盘
2591,09:32:42,5.15,--,14,7210,买盘
2592,09:32:30,5.15,0.01,30,15450,买盘
2593,09:32:24,5.14,-0.01,86,44204,卖盘
2594,09:32:18,5.15,--,27,13905,买盘
2595,09:32:15,5.15,0.01,10,5150,买盘
2596,09:32:12,5.14,-0.01,30,15419,卖盘
2597,09:32:09,5.15,--,7,3605,买盘
2598,09:32:03,5.15,--,202,104030,买盘
2599,09:32:00,5.15,--,83,42745,卖盘
2600,09:31:57,5.15,-0.01,100,51500,卖盘
2601,09:31:51,5.16,0.01,158,81528,买盘
2602,09:31:48,5.15,-0.01,123,63345,卖盘
2603,09:31:45,5.16,--,45,23220,买盘
2604,09:31:36,5.16,--,10,5160,买盘
2605,09:31:33,5.16,-0.01,73,37668,卖盘
2606,09:31:30,5.17,--,40,20680,买盘
2607,09:31:27,5.17,--,92,47564,买盘
2608,09:31:24,5.17,--,71,36707,买盘
2609,09:31:21,5.17,--,28,14734,卖盘
2610,09:31:18,5.17,-0.01,18,9306,卖盘
2611,09:31:15,5.18,--,5,2590,买盘
2612,09:31:09,5.18,--,166,85988,买盘
2613,09:31:06,5.18,0.01,20,10360,买盘
2614,09:31:03,5.17,-0.01,58,29986,卖盘
2615,09:31:00,5.18,--,66,34188,买盘
2616,09:30:51,5.18,--,10,5180,买盘
2617,09:30:48,5.18,--,102,52836,买盘
2618,09:30:45,5.18,0.01,47,24346,买盘
2619,09:30:42,5.17,-0.01,30,15510,卖盘
2620,09:30:39,5.18,--,45,23310,买盘
2621,09:30:36,5.18,--,39,20202,买盘
2622,09:30:33,5.18,--,93,48174,买盘
2623,09:30:27,5.18,--,206,106708,买盘
2624,09:30:24,5.18,--,14,7252,买盘
2625,09:30:15,5.18,--,10,5180,买盘
2626,09:30:12,5.18,0.01,96,49728,买盘
2627,09:30:09,5.17,--,6,3102,卖盘
2628,09:30:06,5.17,--,186,96162,卖盘
2629,09:30:03,5.17,--,2014,1041496,买盘
2630,09:30:00,5.17,--,0,0,买盘
2631,09:25:03,5.17,5.17,652,337084,买盘
