,time,price,change,volume,amount,type
0,15:00:03,10.37,--,4277,4435259,买盘
1,14:57:00,10.37,--,1,1037,买盘
2,14:56:51,10.37,--,5,5185,买盘
3,14:56:48,10.37,0.01,1,1037,买盘
4,14:56:45,10.36,-0.01,300,310800,卖盘
5,14:56:42,10.37,--,24,24887,买盘
6,14:56:36,10.37,0.01,70,72590,买盘
7,14:56:33,10.36,-0.01,41,42476,卖盘
8,14:56:30,10.37,0.01,50,51849,买盘
9,14:56:27,10.36,-0.01,10,10360,卖盘
10,14:56:18,10.37,0.01,50,51849,买盘
11,14:56:15,10.36,--,20,20720,卖盘
12,14:56:12,10.36,0.01,285,295260,买盘
13,14:56:09,10.35,--,17,17595,卖盘
14,14:56:06,10.35,--,1,1035,卖盘
15,14:56:03,10.35,-0.01,46,47610,卖盘
16,14:56:00,10.36,--,696,721056,卖盘
17,14:55:57,10.36,-0.01,17,17612,卖盘
18,14:55:54,10.37,0.01,60,62219,买盘
19,14:55:51,10.36,--,35,36260,卖盘
20,14:55:45,10.36,--,10,10360,卖盘
21,14:55:42,10.36,-0.01,30,31080,卖盘
22,14:55:39,10.37,0.01,167,173179,买盘
23,14:55:36,10.36,--,549,568764,卖盘
24,14:55:33,10.36,--,40,41440,卖盘
25,14:55:27,10.36,--,8,8288,卖盘
26,14:55:24,10.36,--,42,43512,卖盘
27,14:55:18,10.36,--,62,64232,卖盘
28,14:55:06,10.36,--,30,31080,买盘
29,14:55:03,10.36,-0.02,10,10360,中性盘
30,14:55:00,10.38,0.02,781,810678,买盘
31,14:54:57,10.36,-0.01,2,2072,中性盘
32,14:54:48,10.37,0.01,782,810933,买盘
33,14:54:45,10.36,0.01,5,5180,买盘
34,14:54:42,10.35,-0.01,3,3105,卖盘
35,14:54:39,10.36,0.01,10,10360,买盘
36,14:54:36,10.35,--,1812,1875420,卖盘
37,14:54:33,10.35,--,24,24840,卖盘
38,14:54:24,10.35,--,100,103500,卖盘
39,14:54:21,10.35,--,81,83835,卖盘
40,14:54:18,10.35,--,90,93150,卖盘
41,14:54:15,10.35,--,164,169740,卖盘
42,14:54:12,10.35,--,68,70380,卖盘
43,14:54:09,10.35,-0.01,20,20700,卖盘
44,14:54:03,10.36,0.01,113,117068,买盘
45,14:54:00,10.35,--,191,197685,卖盘
46,14:53:57,10.35,--,52,53820,卖盘
47,14:53:54,10.35,--,186,192510,卖盘
48,14:53:48,10.35,--,5,5175,卖盘
49,14:53:42,10.35,-0.01,63,65205,卖盘
50,14:53:33,10.36,--,14,14504,买盘
51,14:53:30,10.36,--,61,63196,买盘
52,14:53:27,10.36,--,787,815901,卖盘
53,14:53:24,10.36,--,99,102564,卖盘
54,14:53:21,10.36,--,14,14504,卖盘
55,14:53:18,10.36,-0.01,8,8288,卖盘
56,14:53:15,10.37,0.01,20,20740,买盘
57,14:53:12,10.36,--,27,27972,卖盘
58,14:53:06,10.36,-0.01,10,11209,卖盘
59,14:53:03,10.37,0.01,9,9333,买盘
60,14:52:57,10.36,-0.01,50,51800,卖盘
61,14:52:54,10.37,--,5,5185,买盘
62,14:52:51,10.37,0.01,2,2074,买盘
63,14:52:48,10.36,--,310,321160,卖盘
64,14:52:42,10.36,--,100,103600,卖盘
65,14:52:36,10.36,-0.01,60,62160,卖盘
66,14:52:33,10.37,0.01,208,215695,买盘
67,14:52:30,10.36,-0.01,385,398860,卖盘
68,14:52:27,10.37,0.01,13,13480,买盘
69,14:52:24,10.36,-0.01,10,10360,卖盘
70,14:52:15,10.37,0.01,3,3110,买盘
71,14:52:12,10.36,-0.01,73,75628,卖盘
72,14:52:03,10.37,--,38,39406,买盘
73,14:52:00,10.37,--,6,6221,买盘
74,14:51:57,10.37,0.01,100,103699,买盘
75,14:51:54,10.36,-0.01,2201,2280236,卖盘
76,14:51:51,10.37,0.01,5,5185,买盘
77,14:51:45,10.36,--,7,7252,卖盘
78,14:51:42,10.36,--,73,75628,卖盘
79,14:51:39,10.36,-0.01,11,11396,卖盘
80,14:51:33,10.37,--,10,10370,买盘
81,14:51:30,10.37,0.01,7,7258,买盘
82,14:51:27,10.36,-0.01,2,2072,卖盘
83,14:51:24,10.37,0.01,8,8296,买盘
84,14:51:18,10.36,--,33,34188,卖盘
85,14:51:15,10.36,-0.01,69,71649,卖盘
86,14:51:12,10.37,--,11,11407,买盘
87,14:51:09,10.37,--,62,64293,买盘
88,14:51:06,10.37,--,359,372283,买盘
89,14:51:03,10.37,--,9,9333,买盘
90,14:51:00,10.37,-0.01,76,79517,卖盘
91,14:50:57,10.38,0.01,2,2076,买盘
92,14:50:54,10.37,--,50,51849,卖盘
93,14:50:48,10.37,--,25,25924,卖盘
94,14:50:42,10.37,--,5,5185,卖盘
95,14:50:39,10.37,--,148,153807,卖盘
96,14:50:36,10.37,-0.01,10,10370,卖盘
97,14:50:33,10.38,0.01,78,80964,买盘
98,14:50:30,10.37,--,166,172142,买盘
99,14:50:24,10.37,0.01,2,2074,买盘
100,14:50:21,10.36,-0.01,138,143299,卖盘
101,14:50:18,10.37,--,4,4148,买盘
102,14:50:15,10.37,0.01,21,21777,中性盘
103,14:50:12,10.36,-0.01,79,81844,卖盘
104,14:50:09,10.37,-0.01,1,1037,卖盘
105,14:50:06,10.38,--,12,12456,买盘
106,14:50:03,10.38,--,9,9342,买盘
107,14:50:00,10.38,--,3,3114,买盘
108,14:49:57,10.38,--,1,1038,买盘
109,14:49:54,10.38,0.01,1060,1100280,买盘
110,14:49:51,10.37,--,1000,1036999,卖盘
111,14:49:48,10.37,--,90,93330,卖盘
112,14:49:42,10.37,-0.01,4,4148,卖盘
113,14:49:39,10.38,--,6,6228,买盘
114,14:49:33,10.38,--,10,10380,买盘
115,14:49:27,10.38,--,10,10380,买盘
116,14:49:24,10.38,0.01,30,31140,买盘
117,14:49:18,10.37,--,13,13480,卖盘
118,14:49:15,10.37,--,2,2737,卖盘
119,14:49:06,10.37,-0.01,1,1037,卖盘
120,14:49:03,10.38,0.01,218,226284,买盘
121,14:49:00,10.37,--,6,6221,卖盘
122,14:48:57,10.37,--,177,183549,卖盘
123,14:48:54,10.37,-0.01,8,8296,卖盘
124,14:48:51,10.38,--,20,20760,买盘
125,14:48:36,10.38,--,15,15570,买盘
126,14:48:33,10.38,--,10,10380,买盘
127,14:48:30,10.38,0.01,370,384060,买盘
128,14:48:24,10.37,--,111,115469,买盘
129,14:48:21,10.37,--,291,301767,买盘
130,14:48:18,10.37,--,265,274805,买盘
131,14:48:15,10.37,--,465,482879,卖盘
132,14:48:09,10.37,--,57,59471,买盘
133,14:48:06,10.37,-0.01,0,321,卖盘
134,14:48:03,10.38,0.01,11,11418,买盘
135,14:48:00,10.37,--,33,34221,卖盘
136,14:47:57,10.37,-0.01,61,63256,卖盘
137,14:47:54,10.38,0.01,112,116256,买盘
138,14:47:48,10.37,-0.01,14,14517,卖盘
139,14:47:42,10.38,0.01,3,3114,买盘
140,14:47:39,10.37,--,8,8296,卖盘
141,14:47:36,10.37,-0.01,105,108884,卖盘
142,14:47:33,10.38,0.01,37,38406,买盘
143,14:47:30,10.37,--,100,103699,卖盘
144,14:47:27,10.37,--,10,10370,卖盘
145,14:47:18,10.37,--,51,53644,卖盘
146,14:47:15,10.37,--,83,86496,卖盘
147,14:47:12,10.37,0.01,199,206933,买盘
148,14:47:09,10.36,-0.01,1,1036,卖盘
149,14:47:03,10.37,0.01,9,9333,买盘
150,14:46:57,10.36,--,22,22792,卖盘
151,14:46:54,10.36,--,15,15540,卖盘
152,14:46:51,10.36,-0.01,3,3108,卖盘
153,14:46:48,10.37,--,57,59108,买盘
154,14:46:42,10.37,--,29,30072,买盘
155,14:46:39,10.37,--,9,9333,买盘
156,14:46:36,10.37,--,5,5185,买盘
157,14:46:33,10.37,--,10,10370,买盘
158,14:46:27,10.37,--,551,571853,卖盘
159,14:46:24,10.37,--,6,6221,卖盘
160,14:46:21,10.37,--,1,1037,卖盘
161,14:46:12,10.37,--,112,116143,卖盘
162,14:46:06,10.37,-0.01,10,10370,卖盘
163,14:46:03,10.38,0.01,10,10380,买盘
164,14:45:54,10.37,--,191,198066,卖盘
165,14:45:51,10.37,--,5,5185,卖盘
166,14:45:48,10.37,--,1004,1041147,卖盘
167,14:45:42,10.37,-0.01,20,20740,卖盘
168,14:45:39,10.38,--,87,90306,买盘
169,14:45:33,10.38,0.01,10,10380,买盘
170,14:45:18,10.37,-0.01,76,78812,卖盘
171,14:45:12,10.38,-0.01,417,432846,卖盘
172,14:45:09,10.39,--,5,5195,买盘
173,14:45:03,10.39,0.01,210,218190,买盘
174,14:45:00,10.38,--,8,8304,卖盘
175,14:44:57,10.38,-0.01,41,42558,卖盘
176,14:44:54,10.39,0.01,4,4156,买盘
177,14:44:51,10.38,--,21,21798,卖盘
178,14:44:48,10.38,--,1,1038,卖盘
179,14:44:45,10.38,--,40,41520,卖盘
180,14:44:42,10.38,--,20,20760,卖盘
181,14:44:36,10.38,--,5,5190,卖盘
182,14:44:33,10.38,-0.01,11,11418,卖盘
183,14:44:30,10.39,0.01,37,38443,买盘
184,14:44:27,10.38,--,23,23874,卖盘
185,14:44:21,10.38,--,33,34254,卖盘
186,14:44:18,10.38,--,3,3114,卖盘
187,14:44:09,10.38,-0.01,13,13494,卖盘
188,14:44:03,10.39,0.01,19,19741,买盘
189,14:43:57,10.38,--,13,13494,卖盘
190,14:43:45,10.38,--,10,10380,卖盘
191,14:43:42,10.38,0.01,670,695460,买盘
192,14:43:39,10.37,-0.01,50,51849,卖盘
193,14:43:36,10.38,--,633,657054,买盘
194,14:43:33,10.38,0.01,199,206562,买盘
195,14:43:30,10.37,--,188,194955,卖盘
196,14:43:27,10.37,--,30,31109,卖盘
197,14:43:24,10.37,--,10,10370,卖盘
198,14:43:12,10.37,-0.01,3,3110,卖盘
199,14:43:03,10.38,0.01,32,33216,买盘
200,14:43:00,10.37,-0.01,7,7258,卖盘
201,14:42:57,10.38,0.01,1,1038,买盘
202,14:42:54,10.37,--,68,70516,卖盘
203,14:42:45,10.37,--,96,99551,卖盘
204,14:42:42,10.37,-0.01,3,3110,卖盘
205,14:42:39,10.38,--,212,220056,买盘
206,14:42:33,10.38,0.01,11,11418,买盘
207,14:42:30,10.37,--,3,3110,卖盘
208,14:42:27,10.37,--,26,26961,卖盘
209,14:42:24,10.37,--,93,96441,卖盘
210,14:42:18,10.37,--,1,1037,卖盘
211,14:42:15,10.37,--,1,1037,卖盘
212,14:42:12,10.37,-0.01,43,44591,卖盘
213,14:42:09,10.38,--,10,10380,买盘
214,14:42:03,10.38,0.01,40,42101,买盘
215,14:42:00,10.37,--,3,3110,卖盘
216,14:41:57,10.37,--,27,27998,卖盘
217,14:41:54,10.37,--,15,15554,卖盘
218,14:41:51,10.37,--,45,46665,卖盘
219,14:41:42,10.37,-0.01,2,2074,卖盘
220,14:41:39,10.38,0.01,16,16608,买盘
221,14:41:36,10.37,-0.01,10,10370,卖盘
222,14:41:33,10.38,0.01,36,37368,买盘
223,14:41:30,10.37,--,93,96441,卖盘
224,14:41:27,10.37,-0.01,212,219843,卖盘
225,14:41:24,10.38,--,62,64356,买盘
226,14:41:12,10.38,0.01,47,48941,买盘
227,14:41:09,10.37,-0.01,28,29170,卖盘
228,14:41:03,10.38,0.01,9,9342,买盘
229,14:41:00,10.37,-0.01,13,13480,卖盘
230,14:40:57,10.38,--,20,20760,买盘
231,14:40:54,10.38,--,10,10380,买盘
232,14:40:48,10.38,0.01,20,20760,买盘
233,14:40:45,10.37,-0.01,38,39406,卖盘
234,14:40:42,10.38,0.01,73,75774,买盘
235,14:40:39,10.37,-0.01,133,137921,卖盘
236,14:40:33,10.38,0.01,138,143244,买盘
237,14:40:30,10.37,--,2,2074,卖盘
238,14:40:21,10.37,--,1164,1207068,卖盘
239,14:40:18,10.37,-0.01,31,32738,卖盘
240,14:40:15,10.38,0.01,1,1038,买盘
241,14:40:12,10.37,-0.01,8,8296,卖盘
242,14:40:03,10.38,--,9,9342,买盘
243,14:40:00,10.38,0.01,26,26988,买盘
244,14:39:57,10.37,--,1,1037,卖盘
245,14:39:54,10.37,--,527,546499,卖盘
246,14:39:51,10.37,--,41,42517,卖盘
247,14:39:48,10.37,--,83,86071,卖盘
248,14:39:42,10.37,--,5,5185,卖盘
249,14:39:39,10.37,--,1,1037,卖盘
250,14:39:36,10.37,--,13,13480,卖盘
251,14:39:33,10.37,--,41,42517,卖盘
252,14:39:30,10.37,--,129,133773,卖盘
253,14:39:27,10.37,--,43,44591,卖盘
254,14:39:24,10.37,--,36,37923,卖盘
255,14:39:15,10.37,--,67,69479,卖盘
256,14:39:12,10.37,--,26,26961,卖盘
257,14:39:09,10.37,-0.01,88,91256,卖盘
258,14:39:03,10.38,0.01,158,164004,买盘
259,14:38:57,10.37,--,2,2074,卖盘
260,14:38:54,10.37,--,23,23851,卖盘
261,14:38:51,10.37,--,7,7258,卖盘
262,14:38:48,10.37,-0.01,24,24887,卖盘
263,14:38:45,10.38,--,245,254310,买盘
264,14:38:42,10.38,--,5,5190,买盘
265,14:38:39,10.38,0.01,63,65394,买盘
266,14:38:36,10.37,-0.01,67,69479,卖盘
267,14:38:33,10.38,--,45,47166,买盘
268,14:38:30,10.38,--,41,42692,买盘
269,14:38:27,10.38,--,12,12456,买盘
270,14:38:24,10.38,--,10,10380,买盘
271,14:38:21,10.38,--,505,524190,买盘
272,14:38:15,10.38,0.01,7,7266,买盘
273,14:38:12,10.37,-0.01,78,80886,卖盘
274,14:38:09,10.38,0.01,41,42558,买盘
275,14:38:06,10.37,-0.01,10,10370,中性盘
276,14:38:03,10.38,0.02,87,90306,买盘
277,14:38:00,10.36,-0.02,6,6216,卖盘
278,14:37:57,10.38,0.01,64,66432,买盘
279,14:37:51,10.37,0.01,3,3110,中性盘
280,14:37:42,10.36,--,82,84952,卖盘
281,14:37:39,10.36,--,18,19414,卖盘
282,14:37:36,10.36,-0.02,39,41263,卖盘
283,14:37:33,10.38,0.02,19,19722,买盘
284,14:37:30,10.36,--,3,3108,卖盘
285,14:37:21,10.36,-0.02,1250,1295000,卖盘
286,14:37:09,10.38,--,55,57090,买盘
287,14:37:03,10.38,0.01,9,9342,买盘
288,14:37:00,10.37,--,25,25924,卖盘
289,14:36:57,10.37,--,3,3110,卖盘
290,14:36:45,10.37,--,81,84588,卖盘
291,14:36:42,10.37,--,82,85034,卖盘
292,14:36:39,10.37,--,68,70516,卖盘
293,14:36:36,10.37,--,20,20740,卖盘
294,14:36:33,10.37,--,84,87108,卖盘
295,14:36:30,10.37,--,2,2074,卖盘
296,14:36:27,10.37,--,3,3110,卖盘
297,14:36:24,10.37,--,84,87108,卖盘
298,14:36:21,10.37,--,28,29035,卖盘
299,14:36:12,10.37,--,29,30072,卖盘
300,14:36:09,10.37,-0.01,1,1037,卖盘
301,14:36:03,10.38,0.01,15,15570,买盘
302,14:36:00,10.37,--,23,23851,卖盘
303,14:35:57,10.37,--,12,12443,卖盘
304,14:35:51,10.37,--,32,33775,卖盘
305,14:35:48,10.37,--,78,80886,卖盘
306,14:35:39,10.37,-0.01,61,63256,卖盘
307,14:35:36,10.38,--,110,114180,买盘
308,14:35:33,10.38,--,10,10380,买盘
309,14:35:30,10.38,0.01,9,9342,买盘
310,14:35:24,10.37,--,72,74664,卖盘
311,14:35:21,10.37,--,25,25924,卖盘
312,14:35:18,10.37,--,15,15554,卖盘
313,14:35:09,10.37,-0.01,14,14517,卖盘
314,14:35:03,10.38,0.01,9,9342,买盘
315,14:34:57,10.37,--,32,33775,卖盘
316,14:34:54,10.37,-0.01,28,29035,卖盘
317,14:34:51,10.38,0.01,30,31140,买盘
318,14:34:48,10.37,-0.01,30,31109,卖盘
319,14:34:45,10.38,0.01,49,50862,买盘
320,14:34:42,10.37,--,32,33184,卖盘
321,14:34:39,10.37,-0.01,1,1037,卖盘
322,14:34:36,10.38,--,30,31140,买盘
323,14:34:33,10.38,0.01,10,10380,买盘
324,14:34:30,10.37,--,2,2074,卖盘
325,14:34:27,10.37,--,170,176290,卖盘
326,14:34:21,10.37,--,10,10370,卖盘
327,14:34:18,10.37,--,4,4148,卖盘
328,14:34:15,10.37,--,5,5185,卖盘
329,14:34:12,10.37,--,23,23851,卖盘
330,14:34:06,10.37,--,135,140596,卖盘
331,14:34:03,10.37,--,126,130661,买盘
332,14:34:00,10.37,--,3,3110,卖盘
333,14:33:57,10.37,--,67,69479,买盘
334,14:33:54,10.37,--,94,97477,买盘
335,14:33:48,10.37,-0.01,49,50812,卖盘
336,14:33:45,10.38,0.02,247,256386,买盘
337,14:33:42,10.36,-0.01,6,6216,卖盘
338,14:33:39,10.37,0.01,2,2074,中性盘
339,14:33:36,10.36,-0.02,1,1036,卖盘
340,14:33:33,10.38,0.02,15,15570,买盘
341,14:33:30,10.36,--,3,3108,卖盘
342,14:33:27,10.36,--,81,83916,卖盘
343,14:33:21,10.36,-0.02,1,1036,卖盘
344,14:33:18,10.38,0.02,47,48786,买盘
345,14:33:12,10.36,-0.01,93,96928,卖盘
346,14:33:09,10.37,--,230,238509,买盘
347,14:33:06,10.37,--,1,1037,买盘
348,14:33:03,10.37,-0.01,9,9333,买盘
349,14:33:00,10.38,0.02,143,148434,买盘
350,14:32:57,10.36,--,24,24864,卖盘
351,14:32:54,10.36,-0.01,81,83916,卖盘
352,14:32:51,10.37,--,45,46665,卖盘
353,14:32:48,10.37,--,12,12443,卖盘
354,14:32:45,10.37,--,7,7258,卖盘
355,14:32:42,10.37,--,47,48738,卖盘
356,14:32:36,10.37,--,23,23851,卖盘
357,14:32:33,10.37,--,61,63256,卖盘
358,14:32:30,10.37,--,12,12443,卖盘
359,14:32:24,10.37,--,102,105773,卖盘
360,14:32:18,10.37,--,183,190362,卖盘
361,14:32:15,10.37,-0.01,266,275842,卖盘
362,14:32:09,10.38,0.01,4,4152,买盘
363,14:32:06,10.37,-0.01,25,25924,卖盘
364,14:32:03,10.38,0.01,43,44634,买盘
365,14:32:00,10.37,--,2,2074,卖盘
366,14:31:54,10.37,-0.01,23,23851,卖盘
367,14:31:45,10.38,0.01,8,8304,买盘
368,14:31:42,10.37,-0.01,23,23851,卖盘
369,14:31:39,10.38,--,334,346692,卖盘
370,14:31:33,10.38,--,102,105876,卖盘
371,14:31:30,10.38,--,7,7266,卖盘
372,14:31:27,10.38,--,18,18684,卖盘
373,14:31:24,10.38,--,32,33797,卖盘
374,14:31:21,10.38,--,504,523152,卖盘
375,14:31:18,10.38,-0.01,114,118332,卖盘
376,14:31:09,10.39,0.01,521,541319,买盘
377,14:31:06,10.38,-0.01,18,18684,卖盘
378,14:31:03,10.39,0.01,9,9351,买盘
379,14:30:57,10.38,--,1,1038,卖盘
380,14:30:54,10.38,--,22,22836,卖盘
381,14:30:51,10.38,-0.01,112,116256,卖盘
382,14:30:48,10.39,0.01,6,6234,买盘
383,14:30:42,10.38,-0.01,232,240816,卖盘
384,14:30:36,10.39,--,10,10390,买盘
385,14:30:33,10.39,0.01,103,107754,买盘
386,14:30:30,10.38,--,18,19576,卖盘
387,14:30:27,10.38,--,3,3114,卖盘
388,14:30:24,10.38,--,21,21798,卖盘
389,14:30:21,10.38,--,6,6228,卖盘
390,14:30:15,10.38,--,6,6228,卖盘
391,14:30:12,10.38,--,1,1038,卖盘
392,14:30:09,10.38,--,5,5190,卖盘
393,14:30:06,10.38,-0.01,32,33216,卖盘
394,14:30:03,10.39,0.01,9,9351,买盘
395,14:30:00,10.38,--,83,86154,卖盘
396,14:29:57,10.38,--,14,14532,卖盘
397,14:29:51,10.38,--,26,26988,卖盘
398,14:29:48,10.38,--,7,7266,卖盘
399,14:29:45,10.38,-0.01,5,5190,卖盘
400,14:29:42,10.39,0.01,31,32209,买盘
401,14:29:39,10.38,--,33,34856,卖盘
402,14:29:36,10.38,--,34,35769,卖盘
403,14:29:33,10.38,--,1,1038,卖盘
404,14:29:30,10.38,--,3,3114,卖盘
405,14:29:24,10.38,--,3,3114,卖盘
406,14:29:18,10.38,--,10,10380,卖盘
407,14:29:12,10.38,-0.01,1,1038,卖盘
408,14:29:09,10.39,0.01,18,18702,买盘
409,14:29:06,10.38,--,12,12757,卖盘
410,14:28:57,10.38,--,3,3114,卖盘
411,14:28:54,10.38,--,2,2906,卖盘
412,14:28:45,10.38,--,32,33797,卖盘
413,14:28:42,10.38,-0.01,600,622800,卖盘
414,14:28:39,10.39,--,10,10390,买盘
415,14:28:36,10.39,0.01,21,22120,买盘
416,14:28:33,10.38,--,1,1038,卖盘
417,14:28:30,10.38,--,510,529380,卖盘
418,14:28:27,10.38,--,1,1038,卖盘
419,14:28:21,10.38,--,2,2076,卖盘
420,14:28:18,10.38,--,146,151714,卖盘
421,14:28:12,10.38,--,201,208638,卖盘
422,14:28:06,10.38,-0.01,19,20023,卖盘
423,14:28:03,10.39,--,29,30131,买盘
424,14:27:57,10.39,0.01,3,3117,买盘
425,14:27:54,10.38,--,5,5190,卖盘
426,14:27:51,10.38,-0.01,31,32769,卖盘
427,14:27:48,10.39,--,44,45716,买盘
428,14:27:42,10.39,--,88,91432,买盘
429,14:27:39,10.39,0.01,11,11429,买盘
430,14:27:36,10.38,-0.01,22,23438,卖盘
431,14:27:30,10.39,0.01,79,82081,买盘
432,14:27:24,10.38,-0.01,225,233550,卖盘
433,14:27:21,10.39,0.01,10,10390,买盘
434,14:27:18,10.38,-0.01,1,1038,卖盘
435,14:27:15,10.39,0.01,100,103900,买盘
436,14:27:06,10.38,--,11,11719,卖盘
437,14:27:00,10.38,-0.01,32,33797,卖盘
438,14:26:57,10.39,0.01,154,160338,买盘
439,14:26:51,10.38,-0.01,35,36330,卖盘
440,14:26:45,10.39,0.01,100,103900,买盘
441,14:26:42,10.38,--,1,1038,卖盘
442,14:26:39,10.38,--,16,16608,卖盘
443,14:26:36,10.38,-0.01,11,11719,卖盘
444,14:26:33,10.39,0.01,3,3117,买盘
445,14:26:30,10.38,-0.01,52,53976,卖盘
446,14:26:27,10.39,--,16,16624,买盘
447,14:26:24,10.39,0.01,1,1039,买盘
448,14:26:21,10.38,-0.01,5,5190,卖盘
449,14:26:09,10.39,0.01,12,12468,买盘
450,14:26:06,10.38,--,31,32780,卖盘
451,14:26:03,10.38,--,11,11418,卖盘
452,14:26:00,10.38,-0.01,1,1038,卖盘
453,14:25:57,10.39,--,84,87276,卖盘
454,14:25:48,10.39,--,10,10390,卖盘
455,14:25:45,10.39,--,5,5195,卖盘
456,14:25:42,10.39,--,3,3117,卖盘
457,14:25:39,10.39,-0.01,1,1039,卖盘
458,14:25:36,10.4,--,31,32541,买盘
459,14:25:33,10.4,0.02,502,522080,买盘
460,14:25:30,10.38,-0.01,10,10380,卖盘
461,14:25:27,10.39,--,11,11429,买盘
462,14:25:18,10.39,--,485,504766,卖盘
463,14:25:12,10.39,--,32,33840,卖盘
464,14:25:06,10.39,-0.01,13,13808,卖盘
465,14:25:00,10.4,0.01,23,23920,买盘
466,14:24:57,10.39,--,1,1039,卖盘
467,14:24:54,10.39,--,1,1039,卖盘
468,14:24:51,10.39,--,45,46755,卖盘
469,14:24:36,10.39,-0.01,11,11730,卖盘
470,14:24:33,10.4,0.01,4,4160,买盘
471,14:24:30,10.39,--,22,22858,卖盘
472,14:24:27,10.39,-0.01,2,2078,卖盘
473,14:24:24,10.4,0.01,10,10400,买盘
474,14:24:21,10.39,-0.01,1,1039,卖盘
475,14:24:18,10.4,0.01,93,97302,买盘
476,14:24:15,10.39,--,2,2078,卖盘
477,14:24:12,10.39,-0.01,20,20780,卖盘
478,14:24:09,10.4,0.01,16,16640,买盘
479,14:24:06,10.39,--,11,11730,卖盘
480,14:24:03,10.39,--,333,345987,卖盘
481,14:24:00,10.39,--,13,13507,卖盘
482,14:23:48,10.39,--,31,32209,卖盘
483,14:23:42,10.39,--,47,48833,卖盘
484,14:23:36,10.39,--,12,12769,卖盘
485,14:23:27,10.39,--,27,28053,卖盘
486,14:23:24,10.39,--,34,35918,卖盘
487,14:23:21,10.39,--,20,20780,卖盘
488,14:23:15,10.39,-0.01,34,35326,卖盘
489,14:23:12,10.4,0.01,10,10400,买盘
490,14:23:09,10.39,--,1000,1039000,卖盘
491,14:23:06,10.39,-0.01,12,12769,卖盘
492,14:23:00,10.4,--,42,43680,买盘
493,14:22:54,10.4,0.01,20,20800,买盘
494,14:22:42,10.39,--,1,1039,卖盘
495,14:22:39,10.39,--,10,10390,卖盘
496,14:22:36,10.39,--,11,11730,卖盘
497,14:22:33,10.39,--,31,32790,卖盘
498,14:22:30,10.39,--,1,1039,卖盘
499,14:22:27,10.39,--,10,10390,卖盘
500,14:22:15,10.39,-0.01,178,185690,卖盘
501,14:22:12,10.4,--,73,75920,买盘
502,14:22:09,10.4,0.01,4,4160,买盘
503,14:22:06,10.39,--,28,29393,卖盘
504,14:21:57,10.39,-0.01,1,1039,卖盘
505,14:21:54,10.4,--,50,52000,买盘
506,14:21:48,10.4,--,25,26000,买盘
507,14:21:42,10.4,0.01,38,39520,买盘
508,14:21:39,10.39,--,31,32822,卖盘
509,14:21:36,10.39,-0.01,12,12769,卖盘
510,14:21:30,10.4,0.01,4,4160,买盘
511,14:21:27,10.39,--,1,1039,卖盘
512,14:21:15,10.39,--,20,20780,卖盘
513,14:21:12,10.39,--,1,1039,卖盘
514,14:21:06,10.39,--,11,11730,卖盘
515,14:21:03,10.39,-0.01,3,3117,卖盘
516,14:21:00,10.4,0.01,200,208000,买盘
517,14:20:54,10.39,-0.01,1,1039,卖盘
518,14:20:51,10.4,0.01,37,38480,买盘
519,14:20:48,10.39,-0.01,31,32946,卖盘
520,14:20:42,10.4,--,151,157040,卖盘
521,14:20:39,10.4,--,24,24960,卖盘
522,14:20:36,10.4,--,11,11741,卖盘
523,14:20:30,10.4,-0.01,6,6240,卖盘
524,14:20:27,10.41,0.01,23,23943,买盘
525,14:20:24,10.4,0.01,484,503360,买盘
526,14:20:21,10.39,-0.01,1,1039,卖盘
527,14:20:18,10.4,0.01,549,570960,买盘
528,14:20:09,10.39,-0.01,161,167279,卖盘
529,14:20:06,10.4,--,11,11741,卖盘
530,14:20:03,10.4,--,74,76960,卖盘
531,14:20:00,10.4,--,30,31200,卖盘
532,14:19:57,10.4,-0.01,25,26000,卖盘
533,14:19:54,10.41,0.01,22,23037,买盘
534,14:19:51,10.4,--,30,31657,卖盘
535,14:19:45,10.4,--,585,608400,卖盘
536,14:19:42,10.4,--,23,23920,卖盘
537,14:19:39,10.4,--,35,36400,卖盘
538,14:19:36,10.4,--,60,62701,卖盘
539,14:19:33,10.4,--,22,22880,卖盘
540,14:19:30,10.4,-0.01,80,83200,卖盘
541,14:19:27,10.41,0.01,15,15615,买盘
542,14:19:24,10.4,--,8,8320,卖盘
543,14:19:18,10.4,--,520,540800,卖盘
544,14:19:12,10.4,--,352,366080,卖盘
545,14:19:06,10.4,--,39,40560,卖盘
546,14:19:03,10.4,--,7,7280,卖盘
547,14:19:00,10.4,--,67,70272,卖盘
548,14:18:54,10.4,--,49,50960,卖盘
549,14:18:51,10.4,-0.01,1,1040,卖盘
550,14:18:48,10.41,0.01,411,427851,买盘
551,14:18:45,10.4,-0.01,30,31200,卖盘
552,14:18:42,10.41,0.01,130,135330,买盘
553,14:18:39,10.4,-0.01,7,7280,卖盘
554,14:18:36,10.41,0.01,10,10410,买盘
555,14:18:33,10.4,--,14,14560,卖盘
556,14:18:30,10.4,--,305,317200,卖盘
557,14:18:27,10.4,--,50,52000,卖盘
558,14:18:24,10.4,-0.01,180,187200,卖盘
559,14:18:18,10.41,0.01,64,66624,买盘
560,14:18:15,10.4,--,29,30160,卖盘
561,14:18:12,10.4,--,104,108160,卖盘
562,14:18:09,10.4,--,10,10400,卖盘
563,14:18:06,10.4,--,33,34912,卖盘
564,14:18:03,10.4,-0.01,25,26000,卖盘
565,14:17:54,10.41,0.01,5,5205,买盘
566,14:17:51,10.4,--,81,84240,卖盘
567,14:17:45,10.4,--,1,1040,卖盘
568,14:17:42,10.4,--,20,20800,卖盘
569,14:17:39,10.4,--,7,7280,卖盘
570,14:17:30,10.4,--,17,17680,卖盘
571,14:17:24,10.4,--,19,19760,卖盘
572,14:17:21,10.4,-0.01,5,5200,卖盘
573,14:17:15,10.41,0.01,25,26764,买盘
574,14:17:12,10.4,-0.01,17,18574,卖盘
575,14:17:09,10.41,0.01,2,2082,买盘
576,14:17:06,10.4,--,100,104000,卖盘
577,14:17:03,10.4,--,50,52000,卖盘
578,14:17:00,10.4,--,20,20800,卖盘
579,14:16:57,10.4,--,17,17680,卖盘
580,14:16:51,10.4,--,1,1040,卖盘
581,14:16:45,10.4,--,10,10400,卖盘
582,14:16:42,10.4,--,1,1040,卖盘
583,14:16:39,10.4,--,2,2080,卖盘
584,14:16:36,10.4,--,171,177840,卖盘
585,14:16:33,10.4,--,1,1040,卖盘
586,14:16:27,10.4,--,1,1040,卖盘
587,14:16:24,10.4,--,2,2080,卖盘
588,14:16:21,10.4,--,85,88992,卖盘
589,14:16:18,10.4,--,30,31200,卖盘
590,14:16:15,10.4,--,58,60320,卖盘
591,14:16:12,10.4,--,20,20800,卖盘
592,14:16:09,10.4,-0.01,50,52000,卖盘
593,14:16:06,10.41,0.01,52,54537,买盘
594,14:16:00,10.4,--,49,50960,卖盘
595,14:15:57,10.4,--,9,9360,卖盘
596,14:15:54,10.4,-0.01,49,50960,卖盘
597,14:15:48,10.41,0.01,60,62460,买盘
598,14:15:45,10.4,-0.01,34,35360,卖盘
599,14:15:42,10.41,0.01,7,7287,买盘
600,14:15:39,10.4,--,65,67600,卖盘
601,14:15:36,10.4,-0.01,20,20800,卖盘
602,14:15:33,10.41,--,57,59337,卖盘
603,14:15:30,10.41,0.01,76,79698,买盘
604,14:15:27,10.4,-0.01,49,50960,卖盘
605,14:15:24,10.41,--,411,427851,卖盘
606,14:15:21,10.41,--,217,225897,卖盘
607,14:15:18,10.41,--,68,70788,卖盘
608,14:15:15,10.41,--,11,11451,卖盘
609,14:15:06,10.41,--,467,486438,买盘
610,14:15:03,10.41,0.01,17,17697,买盘
611,14:15:00,10.4,--,40,41600,卖盘
612,14:14:54,10.4,--,49,50960,卖盘
613,14:14:51,10.4,--,109,113360,卖盘
614,14:14:48,10.4,--,80,83200,卖盘
615,14:14:42,10.4,-0.01,1,1040,卖盘
616,14:14:36,10.41,0.01,40,42118,买盘
617,14:14:33,10.4,--,3,3234,卖盘
618,14:14:27,10.4,-0.01,46,47840,卖盘
619,14:14:24,10.41,0.01,50,52050,买盘
620,14:14:21,10.4,-0.01,58,60320,卖盘
621,14:14:15,10.41,0.01,680,707880,买盘
622,14:14:09,10.4,--,1,1040,卖盘
623,14:14:06,10.4,--,42,43680,卖盘
624,14:14:00,10.4,-0.01,1,1040,卖盘
625,14:13:57,10.41,--,20,20820,买盘
626,14:13:54,10.41,0.01,4,4164,买盘
627,14:13:51,10.4,-0.01,1026,1067040,卖盘
628,14:13:48,10.41,0.01,10,10410,买盘
629,14:13:45,10.4,--,10,10400,卖盘
630,14:13:42,10.4,--,41,43232,卖盘
631,14:13:36,10.4,--,1,1040,卖盘
632,14:13:30,10.4,-0.01,45,46800,卖盘
633,14:13:27,10.41,0.01,70,72870,买盘
634,14:13:24,10.4,--,2,2080,卖盘
635,14:13:18,10.4,--,58,60320,卖盘
636,14:13:15,10.4,--,66,68640,卖盘
637,14:13:12,10.4,-0.01,42,43680,卖盘
638,14:13:03,10.41,--,45,46845,买盘
639,14:12:57,10.41,--,2,2082,买盘
640,14:12:51,10.41,--,103,107972,卖盘
641,14:12:48,10.41,--,58,60971,卖盘
642,14:12:39,10.41,--,210,218610,卖盘
643,14:12:36,10.41,--,71,73911,卖盘
644,14:12:33,10.41,--,104,108264,卖盘
645,14:12:30,10.41,--,8,8328,卖盘
646,14:12:27,10.41,--,11,11451,卖盘
647,14:12:24,10.41,--,39,40599,卖盘
648,14:12:21,10.41,--,10,10410,卖盘
649,14:12:18,10.41,--,1,1041,卖盘
650,14:12:09,10.41,-0.01,7,7287,卖盘
651,14:12:06,10.42,0.01,66,68772,买盘
652,14:11:57,10.41,--,4,4164,卖盘
653,14:11:54,10.41,-0.01,14,15313,卖盘
654,14:11:51,10.42,--,61,64020,卖盘
655,14:11:48,10.42,0.01,368,384039,买盘
656,14:11:45,10.41,--,29,30189,卖盘
657,14:11:42,10.41,-0.01,30,31230,卖盘
658,14:11:39,10.42,0.01,20,20840,买盘
659,14:11:36,10.41,--,63,65583,卖盘
660,14:11:33,10.41,-0.01,59,61419,卖盘
661,14:11:30,10.42,--,7,7294,买盘
662,14:11:27,10.42,--,394,411006,卖盘
663,14:11:24,10.42,--,30,31260,卖盘
664,14:11:21,10.42,-0.01,51,53142,卖盘
665,14:11:18,10.43,0.01,290,302470,买盘
666,14:11:15,10.42,-0.01,18,18756,卖盘
667,14:11:12,10.43,--,111,115773,买盘
668,14:11:06,10.43,0.01,1,1043,买盘
669,14:11:03,10.42,--,22,23382,卖盘
670,14:11:00,10.42,--,31,32427,卖盘
671,14:10:57,10.42,--,29,30218,卖盘
672,14:10:54,10.42,--,76,79192,买盘
673,14:10:51,10.42,0.01,84,87528,买盘
674,14:10:48,10.41,-0.01,185,192585,卖盘
675,14:10:45,10.42,--,35,36470,买盘
676,14:10:42,10.42,--,21,21882,买盘
677,14:10:39,10.42,--,3244,3380248,买盘
678,14:10:36,10.42,--,10,10420,买盘
679,14:10:33,10.42,--,11,11462,买盘
680,14:10:30,10.42,--,71,73982,卖盘
681,14:10:27,10.42,--,4,4168,买盘
682,14:10:24,10.42,-0.01,16,16672,卖盘
683,14:10:21,10.43,0.01,2100,2190300,买盘
684,14:10:18,10.42,--,139,144848,卖盘
685,14:10:15,10.42,--,181,189633,买盘
686,14:10:12,10.42,0.01,414,431388,买盘
687,14:10:09,10.41,-0.01,71,74514,卖盘
688,14:10:06,10.42,0.01,597,622074,买盘
689,14:10:03,10.41,-0.01,95,98895,卖盘
690,14:10:00,10.42,--,501,522042,买盘
691,14:09:57,10.42,--,133,138586,买盘
692,14:09:54,10.42,--,631,657502,买盘
693,14:09:51,10.42,0.01,504,525168,买盘
694,14:09:48,10.41,-0.01,84,87444,卖盘
695,14:09:45,10.42,0.01,41,42722,买盘
696,14:09:39,10.41,--,1537,1600017,买盘
697,14:09:36,10.41,--,200,208200,买盘
698,14:09:33,10.41,--,22,22902,买盘
699,14:09:30,10.41,--,1,1041,买盘
700,14:09:27,10.41,--,57,59337,买盘
701,14:09:24,10.41,0.01,207,215487,买盘
702,14:09:21,10.4,-0.01,21,21840,卖盘
703,14:09:18,10.41,0.01,9,9369,买盘
704,14:09:15,10.4,--,954,992950,买盘
705,14:09:12,10.4,--,700,728000,买盘
706,14:09:09,10.4,--,81,84240,买盘
707,14:09:06,10.4,--,442,459680,买盘
708,14:09:03,10.4,--,1166,1212640,买盘
709,14:09:00,10.4,0.01,1059,1101360,买盘
710,14:08:57,10.39,-0.01,945,981855,卖盘
711,14:08:54,10.4,--,501,521040,买盘
712,14:08:51,10.4,0.01,51,53040,买盘
713,14:08:48,10.39,-0.01,41,42599,卖盘
714,14:08:45,10.4,0.01,1,1040,买盘
715,14:08:42,10.39,--,375,390144,买盘
716,14:08:39,10.39,--,82,85198,买盘
717,14:08:33,10.39,0.01,3004,3121156,买盘
718,14:08:30,10.38,-0.01,16,16608,卖盘
719,14:08:27,10.39,--,64,66496,买盘
720,14:08:24,10.39,0.01,21,21819,买盘
721,14:08:21,10.38,-0.01,33,34845,卖盘
722,14:08:18,10.39,0.01,1,1039,买盘
723,14:08:15,10.38,-0.01,3,3114,卖盘
724,14:08:12,10.39,--,21,21819,买盘
725,14:08:09,10.39,--,6,6234,买盘
726,14:08:06,10.39,0.01,161,167279,买盘
727,14:08:03,10.38,-0.01,2,2076,卖盘
728,14:08:00,10.39,--,1,1039,买盘
729,14:07:57,10.39,--,1,1039,买盘
730,14:07:51,10.39,0.01,280,290920,买盘
731,14:07:48,10.38,--,140,145320,买盘
732,14:07:45,10.38,0.01,205,212790,买盘
733,14:07:42,10.37,-0.01,84,87108,卖盘
734,14:07:39,10.38,--,1,1038,买盘
735,14:07:36,10.38,0.01,22,22836,买盘
736,14:07:33,10.37,-0.01,41,42517,卖盘
737,14:07:30,10.38,--,32,33807,买盘
738,14:07:27,10.38,0.01,535,555330,买盘
739,14:07:24,10.37,--,12,12443,卖盘
740,14:07:21,10.37,-0.01,11,11407,卖盘
741,14:07:15,10.38,0.01,1,1038,买盘
742,14:07:12,10.37,--,1,1037,卖盘
743,14:07:06,10.37,--,4,4148,卖盘
744,14:07:00,10.37,-0.01,79,81923,卖盘
745,14:06:57,10.38,0.01,30,31140,买盘
746,14:06:54,10.37,--,50,51849,卖盘
747,14:06:45,10.37,--,74,76738,卖盘
748,14:06:42,10.37,--,20,20740,卖盘
749,14:06:39,10.37,0.01,714,741423,买盘
750,14:06:36,10.36,--,32,33742,卖盘
751,14:06:27,10.36,-0.01,1,1036,卖盘
752,14:06:18,10.37,0.01,2,2074,买盘
753,14:06:12,10.36,-0.01,117,121212,卖盘
754,14:06:09,10.37,--,13,13480,买盘
755,14:06:06,10.37,--,95,98960,卖盘
756,14:05:57,10.37,--,1,1037,卖盘
757,14:05:54,10.37,-0.01,60,62219,卖盘
758,14:05:45,10.38,0.01,50,51900,买盘
759,14:05:42,10.37,--,32,33775,卖盘
760,14:05:39,10.37,-0.01,45,46665,卖盘
761,14:05:33,10.38,0.01,54,56052,买盘
762,14:05:18,10.37,0.01,68,70516,买盘
763,14:05:12,10.36,-0.01,446,462056,卖盘
764,14:05:09,10.37,0.01,183,189771,买盘
765,14:05:06,10.36,--,53,54908,卖盘
766,14:05:03,10.36,-0.01,1,1036,卖盘
767,14:05:00,10.37,--,8,8296,卖盘
768,14:04:57,10.37,0.01,16,16592,卖盘
769,14:04:54,10.36,-0.01,49,50764,卖盘
770,14:04:51,10.37,--,24,24898,卖盘
771,14:04:48,10.37,0.01,140,145750,买盘
772,14:04:42,10.36,--,5,5180,卖盘
773,14:04:36,10.36,-0.01,1,1036,卖盘
774,14:04:33,10.37,--,8,8296,买盘
775,14:04:30,10.37,0.01,59,61182,买盘
776,14:04:18,10.36,--,45,46620,卖盘
777,14:04:15,10.36,-0.01,50,51800,卖盘
778,14:04:12,10.37,--,14,14517,买盘
779,14:04:09,10.37,0.01,2,2074,买盘
780,14:04:06,10.36,--,10,10360,卖盘
781,14:04:03,10.36,--,1,1036,卖盘
782,14:04:00,10.36,--,3,3108,卖盘
783,14:03:57,10.36,--,31,32716,卖盘
784,14:03:51,10.36,--,2,2072,卖盘
785,14:03:48,10.36,--,9,9324,卖盘
786,14:03:45,10.36,-0.01,49,50764,卖盘
787,14:03:36,10.37,0.01,75,77775,买盘
788,14:03:33,10.36,-0.01,11,11396,卖盘
789,14:03:27,10.37,0.01,72,74664,买盘
790,14:03:21,10.36,--,50,51800,卖盘
791,14:03:18,10.36,--,45,46620,卖盘
792,14:03:03,10.36,-0.01,31,32706,卖盘
793,14:03:00,10.37,--,6,6221,买盘
794,14:02:57,10.37,0.01,129,133773,买盘
795,14:02:54,10.36,-0.01,42,43512,卖盘
796,14:02:48,10.37,0.01,10,10370,买盘
797,14:02:45,10.36,-0.01,44,45584,卖盘
798,14:02:33,10.37,-0.01,839,870042,卖盘
799,14:02:30,10.38,0.01,10,10380,买盘
800,14:02:27,10.37,--,109,113032,卖盘
801,14:02:24,10.37,--,6,6221,卖盘
802,14:02:21,10.37,-0.01,145,150365,卖盘
803,14:02:18,10.38,0.01,15,15570,买盘
804,14:02:15,10.37,--,11,11407,卖盘
805,14:02:09,10.37,--,42,44155,卖盘
806,14:02:06,10.37,--,42,43554,卖盘
807,14:02:03,10.37,--,28,29035,卖盘
808,14:02:00,10.37,--,90,93330,卖盘
809,14:01:57,10.37,-0.01,14,14517,卖盘
810,14:01:54,10.38,--,27,28088,卖盘
811,14:01:51,10.38,--,17,17646,卖盘
812,14:01:45,10.38,--,252,261576,卖盘
813,14:01:39,10.38,--,2,2076,卖盘
814,14:01:36,10.38,--,118,122484,卖盘
815,14:01:33,10.38,-0.01,1,1038,卖盘
816,14:01:27,10.39,--,9,9351,买盘
817,14:01:24,10.39,0.01,45,46755,买盘
818,14:01:21,10.38,--,103,106914,卖盘
819,14:01:18,10.38,--,45,47561,卖盘
820,14:01:15,10.38,--,15,16338,卖盘
821,14:01:12,10.38,--,1,1038,卖盘
822,14:01:06,10.38,--,220,228360,卖盘
823,14:01:03,10.38,--,9,9342,卖盘
824,14:01:00,10.38,-0.01,13,13494,卖盘
825,14:00:57,10.39,0.01,3,3117,买盘
826,14:00:54,10.38,-0.01,1,1038,卖盘
827,14:00:51,10.39,0.01,3,3117,买盘
828,14:00:48,10.38,--,50,51900,卖盘
829,14:00:45,10.38,--,1,1038,卖盘
830,14:00:39,10.38,--,54,56052,卖盘
831,14:00:36,10.38,--,10,10380,卖盘
832,14:00:24,10.38,--,44,46139,卖盘
833,14:00:21,10.38,--,1,1152,卖盘
834,14:00:18,10.38,-0.01,60,62280,卖盘
835,14:00:15,10.39,0.01,3,3117,买盘
836,14:00:12,10.38,-0.01,1,1038,卖盘
837,14:00:09,10.39,0.01,325,337675,买盘
838,14:00:06,10.38,--,5,5190,卖盘
839,14:00:03,10.38,--,3,4131,卖盘
840,14:00:00,10.38,--,1,1038,卖盘
841,13:59:48,10.38,--,17,17646,卖盘
842,13:59:45,10.38,--,41,42558,卖盘
843,13:59:42,10.38,-0.01,2,2076,卖盘
844,13:59:39,10.39,--,3,3117,买盘
845,13:59:36,10.39,0.01,51,52989,买盘
846,13:59:33,10.38,--,12,12456,卖盘
847,13:59:30,10.38,--,34,35883,卖盘
848,13:59:27,10.38,--,23,23874,卖盘
849,13:59:24,10.38,--,71,73698,卖盘
850,13:59:18,10.38,-0.01,4,4152,卖盘
851,13:59:15,10.39,--,65,67535,买盘
852,13:59:12,10.39,--,1,1039,买盘
853,13:59:09,10.39,0.01,408,423912,买盘
854,13:59:06,10.38,-0.01,1,1038,卖盘
855,13:59:03,10.39,0.01,112,116368,买盘
856,13:58:57,10.38,-0.01,1,1038,卖盘
857,13:58:54,10.39,--,20,20780,买盘
858,13:58:45,10.39,--,503,522617,买盘
859,13:58:42,10.39,0.01,24,24936,买盘
860,13:58:39,10.38,--,38,39444,卖盘
861,13:58:36,10.38,-0.01,42,44198,卖盘
862,13:58:33,10.39,--,38,39482,买盘
863,13:58:30,10.39,--,2,2078,买盘
864,13:58:27,10.39,0.01,17,17663,买盘
865,13:58:21,10.38,-0.01,18,18684,卖盘
866,13:58:18,10.39,0.01,10,10390,买盘
867,13:58:15,10.38,--,1,1038,卖盘
868,13:58:12,10.38,--,5,5190,卖盘
869,13:58:09,10.38,0.01,40,42236,买盘
870,13:58:06,10.37,-0.01,45,46665,卖盘
871,13:58:03,10.38,--,238,247044,买盘
872,13:58:00,10.38,--,293,304134,买盘
873,13:57:51,10.38,0.01,1100,1141800,买盘
874,13:57:48,10.37,--,10,10370,卖盘
875,13:57:45,10.37,--,15,16405,卖盘
876,13:57:42,10.37,-0.01,16,17369,卖盘
877,13:57:39,10.38,0.01,250,259500,买盘
878,13:57:30,10.37,--,300,311100,卖盘
879,13:57:03,10.37,--,4,4521,买盘
880,13:57:00,10.37,--,18,18666,买盘
881,13:56:51,10.37,--,52,54504,买盘
882,13:56:42,10.37,--,320,331840,买盘
883,13:56:39,10.37,0.01,17,17629,买盘
884,13:56:36,10.36,-0.01,8,8288,卖盘
885,13:56:33,10.37,--,15,15554,买盘
886,13:56:30,10.37,--,27,27998,买盘
887,13:56:21,10.37,--,71,73627,买盘
888,13:56:18,10.37,--,16,16592,买盘
889,13:56:15,10.37,--,40,41480,买盘
890,13:56:03,10.37,--,2,2074,买盘
891,13:56:00,10.37,0.01,30,31109,买盘
892,13:55:51,10.36,--,64,66718,卖盘
893,13:55:48,10.36,-0.01,20,21331,卖盘
894,13:55:45,10.37,--,18,18666,买盘
895,13:55:42,10.37,0.01,32,33184,买盘
896,13:55:39,10.36,--,15,15540,卖盘
897,13:55:36,10.36,--,5,5180,卖盘
898,13:55:30,10.36,-0.01,1,1036,卖盘
899,13:55:27,10.37,--,1265,1311805,买盘
900,13:55:21,10.37,--,8,8296,买盘
901,13:55:18,10.37,0.01,153,158661,买盘
902,13:55:09,10.36,--,1,1036,卖盘
903,13:55:06,10.36,-0.01,14,14504,卖盘
904,13:55:03,10.37,--,42,43554,买盘
905,13:55:00,10.37,0.01,200,207399,买盘
906,13:54:57,10.36,-0.01,55,56980,卖盘
907,13:54:54,10.37,0.01,38,39406,买盘
908,13:54:42,10.36,--,7,7252,卖盘
909,13:54:39,10.36,--,4,4144,卖盘
910,13:54:36,10.36,--,6,6216,卖盘
911,13:54:33,10.36,-0.01,1,1036,卖盘
912,13:54:30,10.37,0.01,2,2074,买盘
913,13:54:24,10.36,--,2,2072,卖盘
914,13:54:21,10.36,--,1,1036,卖盘
915,13:54:18,10.36,--,10,10360,卖盘
916,13:54:09,10.36,--,10,10360,卖盘
917,13:54:03,10.36,--,45,47645,卖盘
918,13:54:00,10.36,--,57,59052,卖盘
919,13:53:57,10.36,--,10,10360,卖盘
920,13:53:51,10.36,--,1,1036,卖盘
921,13:53:45,10.36,--,10,10360,卖盘
922,13:53:42,10.36,--,100,103600,卖盘
923,13:53:39,10.36,--,6,6216,卖盘
924,13:53:36,10.36,--,20,20720,卖盘
925,13:53:30,10.36,-0.01,1,1036,卖盘
926,13:53:27,10.37,0.01,15,15554,买盘
927,13:53:18,10.36,-0.01,1,1036,卖盘
928,13:53:12,10.37,0.01,2,2074,买盘
929,13:53:09,10.36,--,42,43512,卖盘
930,13:53:06,10.36,--,1,1036,卖盘
931,13:53:03,10.36,--,38,40072,卖盘
932,13:53:00,10.36,--,7,7252,买盘
933,13:52:54,10.36,0.01,5,5180,买盘
934,13:52:51,10.35,--,4,4140,卖盘
935,13:52:45,10.35,-0.01,1,1035,卖盘
936,13:52:42,10.36,0.01,1,1036,买盘
937,13:52:39,10.35,--,5,5175,卖盘
938,13:52:33,10.35,--,1,1035,卖盘
939,13:52:24,10.35,-0.01,49,50715,卖盘
940,13:52:21,10.36,0.01,9,9324,中性盘
941,13:52:18,10.35,-0.01,12,12616,卖盘
942,13:52:15,10.36,--,33,35006,卖盘
943,13:52:12,10.36,--,1,1036,卖盘
944,13:52:06,10.36,0.01,2,2072,中性盘
945,13:52:00,10.35,-0.01,9,10256,卖盘
946,13:51:54,10.36,0.01,2,2072,买盘
947,13:51:51,10.35,--,100,103500,卖盘
948,13:51:48,10.35,--,1,1035,卖盘
949,13:51:42,10.35,--,500,517500,卖盘
950,13:51:36,10.35,-0.01,1,1035,卖盘
951,13:51:33,10.36,--,24,24864,买盘
952,13:51:27,10.36,0.01,36,37296,买盘
953,13:51:24,10.35,--,34,35190,卖盘
954,13:51:21,10.35,--,10,10350,卖盘
955,13:51:18,10.35,-0.01,6,6210,卖盘
956,13:51:15,10.36,0.01,4,4144,买盘
957,13:51:12,10.35,--,35,36225,卖盘
958,13:51:00,10.35,-0.01,55,56925,卖盘
959,13:50:57,10.36,--,109,112924,买盘
960,13:50:54,10.36,--,26,26936,买盘
961,13:50:51,10.36,0.01,44,45584,买盘
962,13:50:39,10.35,--,5,5175,卖盘
963,13:50:36,10.35,--,21,21735,卖盘
964,13:50:33,10.35,--,8,8280,卖盘
965,13:50:30,10.35,--,34,36214,卖盘
966,13:50:27,10.35,--,2,2070,卖盘
967,13:50:21,10.35,-0.01,1,1035,卖盘
968,13:50:18,10.36,0.01,142,147112,买盘
969,13:50:12,10.35,--,1,1035,卖盘
970,13:49:48,10.35,--,17,17595,卖盘
971,13:49:45,10.35,-0.01,7,7245,卖盘
972,13:49:39,10.36,0.01,8,8288,买盘
973,13:49:36,10.35,-0.01,285,294975,卖盘
974,13:49:30,10.36,--,1,1036,买盘
975,13:49:21,10.36,0.01,17,17612,买盘
976,13:49:15,10.35,--,1,1035,卖盘
977,13:49:03,10.35,-0.01,11,11385,卖盘
978,13:49:00,10.36,0.01,1,1036,买盘
979,13:48:54,10.35,--,40,41400,卖盘
980,13:48:51,10.35,--,9,9315,卖盘
981,13:48:45,10.35,--,33,35169,卖盘
982,13:48:42,10.35,--,2,2070,卖盘
983,13:48:39,10.35,-0.01,203,210105,卖盘
984,13:48:36,10.36,0.01,9,9324,买盘
985,13:48:33,10.35,-0.01,1,1035,卖盘
986,13:48:24,10.36,0.01,6,6216,买盘
987,13:48:09,10.35,-0.01,1,1035,卖盘
988,13:48:03,10.36,0.01,196,203056,买盘
989,13:47:57,10.35,--,1,1035,卖盘
990,13:47:51,10.35,--,17,17636,卖盘
991,13:47:48,10.35,-0.01,16,17543,卖盘
992,13:47:45,10.36,--,30,31080,买盘
993,13:47:36,10.36,0.01,64,66304,买盘
994,13:47:24,10.35,-0.01,1,1035,卖盘
995,13:47:21,10.36,--,200,207200,买盘
996,13:47:15,10.36,0.01,15,15540,买盘
997,13:47:12,10.35,--,301,311535,卖盘
998,13:46:57,10.35,--,35,36225,卖盘
999,13:46:54,10.35,-0.01,1,1035,卖盘
1000,13:46:48,10.36,0.01,120,124320,买盘
1001,13:46:45,10.35,-0.01,69,71415,卖盘
1002,13:46:42,10.36,0.01,43,44548,买盘
1003,13:46:39,10.35,--,1,1035,卖盘
1004,13:46:33,10.35,--,1,1035,卖盘
1005,13:46:27,10.35,-0.01,28,28980,卖盘
1006,13:46:24,10.36,0.01,62,64232,买盘
1007,13:46:18,10.35,--,1,1035,卖盘
1008,13:46:15,10.35,--,0,207,卖盘
1009,13:46:06,10.35,-0.01,1,1035,卖盘
1010,13:45:57,10.36,0.01,3,3108,买盘
1011,13:45:51,10.35,--,62,64170,卖盘
1012,13:45:45,10.35,--,1,1035,卖盘
1013,13:45:42,10.35,--,6,6210,卖盘
1014,13:45:36,10.35,--,1,1035,卖盘
1015,13:45:30,10.35,--,3,3105,卖盘
1016,13:45:27,10.35,--,29,30015,卖盘
1017,13:45:24,10.35,-0.01,101,104535,卖盘
1018,13:45:21,10.36,0.01,31,32116,买盘
1019,13:45:12,10.35,-0.01,3,3105,卖盘
1020,13:45:09,10.36,--,155,160590,卖盘
1021,13:45:03,10.36,--,64,66304,卖盘
1022,13:44:57,10.36,--,17,17612,卖盘
1023,13:44:54,10.36,-0.01,2,2072,卖盘
1024,13:44:51,10.37,--,56,58071,买盘
1025,13:44:48,10.37,0.01,18,18666,买盘
1026,13:44:45,10.36,--,4,4144,卖盘
1027,13:44:42,10.36,-0.01,40,41440,卖盘
1028,13:44:39,10.37,--,12,12443,买盘
1029,13:44:36,10.37,0.01,26,26961,买盘
1030,13:44:33,10.36,--,12,12432,卖盘
1031,13:44:30,10.36,--,28,30033,卖盘
1032,13:44:18,10.36,--,1,1036,卖盘
1033,13:44:15,10.36,-0.01,10,10360,卖盘
1034,13:44:09,10.37,0.01,67,69479,买盘
1035,13:44:03,10.36,-0.01,7,7252,卖盘
1036,13:44:00,10.37,0.01,13,13480,买盘
1037,13:43:57,10.36,--,6,6216,卖盘
1038,13:43:54,10.36,--,6,6216,卖盘
1039,13:43:51,10.36,--,230,238280,卖盘
1040,13:43:48,10.36,--,21,21756,卖盘
1041,13:43:45,10.36,-0.01,19,19684,卖盘
1042,13:43:33,10.37,0.01,46,48728,买盘
1043,13:43:30,10.36,--,49,50764,卖盘
1044,13:43:24,10.36,-0.01,1,1036,卖盘
1045,13:43:18,10.37,--,12,12443,买盘
1046,13:43:12,10.37,0.01,33,34221,买盘
1047,13:43:03,10.36,--,50,51800,卖盘
1048,13:43:00,10.36,--,5,5180,卖盘
1049,13:42:57,10.36,--,17,17612,卖盘
1050,13:42:51,10.36,--,10,10360,卖盘
1051,13:42:42,10.36,--,12,12432,卖盘
1052,13:42:39,10.36,--,1,1036,卖盘
1053,13:42:36,10.36,--,1,1036,卖盘
1054,13:42:33,10.36,--,35,37285,卖盘
1055,13:42:27,10.36,--,1,1036,卖盘
1056,13:42:18,10.36,--,19,19684,卖盘
1057,13:42:15,10.36,--,3,3108,卖盘
1058,13:42:12,10.36,--,331,342916,卖盘
1059,13:42:06,10.36,--,1,1036,卖盘
1060,13:42:00,10.36,-0.01,3,3108,卖盘
1061,13:41:54,10.37,--,51,52886,买盘
1062,13:41:45,10.37,0.01,32,33184,买盘
1063,13:41:39,10.36,--,8,8288,卖盘
1064,13:41:36,10.36,--,38,40383,卖盘
1065,13:41:33,10.36,--,21,21756,卖盘
1066,13:41:27,10.36,--,6,6216,卖盘
1067,13:41:21,10.36,-0.01,29,30044,卖盘
1068,13:41:15,10.37,0.01,8,8296,买盘
1069,13:41:09,10.36,--,39,40404,卖盘
1070,13:41:00,10.36,-0.01,10,10360,卖盘
1071,13:40:57,10.37,0.01,5,5185,买盘
1072,13:40:54,10.36,--,100,103600,卖盘
1073,13:40:48,10.36,--,2,2072,卖盘
1074,13:40:45,10.36,-0.01,12,12432,卖盘
1075,13:40:42,10.37,0.01,8,8296,买盘
1076,13:40:39,10.36,--,1,1036,卖盘
1077,13:40:36,10.36,--,29,30044,卖盘
1078,13:40:33,10.36,--,10,10360,卖盘
1079,13:40:30,10.36,--,13,13468,卖盘
1080,13:40:21,10.36,--,29,30044,卖盘
1081,13:40:18,10.36,--,10,10360,卖盘
1082,13:40:15,10.36,--,1,1036,卖盘
1083,13:40:12,10.36,--,3,3108,卖盘
1084,13:40:09,10.36,--,83,85988,卖盘
1085,13:40:06,10.36,--,20,20720,卖盘
1086,13:39:54,10.36,-0.01,1,1036,卖盘
1087,13:39:48,10.37,0.01,8,8296,买盘
1088,13:39:45,10.36,--,1,1036,卖盘
1089,13:39:42,10.36,--,31,32116,卖盘
1090,13:39:39,10.36,--,28,29008,卖盘
1091,13:39:33,10.36,--,20,20720,卖盘
1092,13:39:30,10.36,--,14,14504,卖盘
1093,13:39:27,10.36,--,102,105672,卖盘
1094,13:39:21,10.36,-0.01,6,6216,卖盘
1095,13:39:18,10.37,0.01,4,4148,买盘
1096,13:39:15,10.36,--,20,20720,卖盘
1097,13:39:09,10.36,--,4,4144,卖盘
1098,13:39:06,10.36,--,35,36260,卖盘
1099,13:38:57,10.36,--,74,76664,卖盘
1100,13:38:54,10.36,-0.01,10,10360,卖盘
1101,13:38:48,10.37,0.01,19,19703,买盘
1102,13:38:45,10.36,--,12,12432,卖盘
1103,13:38:42,10.36,--,35,37275,卖盘
1104,13:38:39,10.36,--,21,21756,卖盘
1105,13:38:36,10.36,--,1,1036,卖盘
1106,13:38:33,10.36,--,51,52836,卖盘
1107,13:38:24,10.36,-0.01,33,34188,卖盘
1108,13:38:21,10.37,--,6,6221,买盘
1109,13:38:18,10.37,0.01,16,16592,买盘
1110,13:38:15,10.36,--,1,1036,卖盘
1111,13:38:12,10.36,--,120,124320,卖盘
1112,13:38:09,10.36,--,5,5180,卖盘
1113,13:38:06,10.36,--,16,16576,卖盘
1114,13:38:03,10.36,-0.01,89,92204,卖盘
1115,13:37:57,10.37,0.01,41,42517,买盘
1116,13:37:51,10.36,--,90,93240,卖盘
1117,13:37:45,10.36,--,21,21756,卖盘
1118,13:37:42,10.36,-0.01,30,31080,卖盘
1119,13:37:39,10.37,0.01,91,94367,买盘
1120,13:37:27,10.36,-0.01,29,30044,卖盘
1121,13:37:24,10.37,--,2,2074,买盘
1122,13:37:21,10.37,0.01,36,37332,买盘
1123,13:37:18,10.36,-0.01,1,1036,卖盘
1124,13:37:15,10.37,0.01,1,1037,买盘
1125,13:37:09,10.36,--,11,11396,卖盘
1126,13:37:06,10.36,--,17,17612,卖盘
1127,13:37:00,10.36,--,100,103600,卖盘
1128,13:36:57,10.36,--,6,6216,卖盘
1129,13:36:51,10.36,--,65,67340,卖盘
1130,13:36:48,10.36,--,26,26936,卖盘
1131,13:36:45,10.36,--,59,62139,卖盘
1132,13:36:42,10.36,-0.01,70,72520,卖盘
1133,13:36:30,10.37,--,60,62219,买盘
1134,13:36:21,10.37,0.01,5,5185,买盘
1135,13:36:18,10.36,--,273,282828,卖盘
1136,13:36:09,10.36,--,10,10360,卖盘
1137,13:36:03,10.36,--,66,68376,卖盘
1138,13:36:00,10.36,--,32,33152,卖盘
1139,13:35:57,10.36,-0.01,135,139860,卖盘
1140,13:35:51,10.37,0.01,112,116143,买盘
1141,13:35:48,10.36,-0.01,59,62149,卖盘
1142,13:35:42,10.37,--,1,1037,买盘
1143,13:35:33,10.37,0.01,94,97477,买盘
1144,13:35:30,10.36,-0.01,63,65268,卖盘
1145,13:35:27,10.37,0.01,47,48738,买盘
1146,13:35:24,10.36,--,32,33152,卖盘
1147,13:35:18,10.36,-0.01,42,43512,卖盘
1148,13:35:12,10.37,--,213,220891,卖盘
1149,13:35:09,10.37,--,10,10370,卖盘
1150,13:35:06,10.37,--,89,92293,卖盘
1151,13:35:03,10.37,--,42,43554,卖盘
1152,13:35:00,10.37,--,62,64293,卖盘
1153,13:34:57,10.37,--,2,2074,卖盘
1154,13:34:54,10.37,--,20,20740,卖盘
1155,13:34:51,10.37,--,6,6221,卖盘
1156,13:34:48,10.37,-0.01,37,39395,卖盘
1157,13:34:42,10.38,0.01,4,4152,买盘
1158,13:34:33,10.37,--,10,10370,卖盘
1159,13:34:30,10.37,0.01,705,731085,卖盘
1160,13:34:24,10.36,--,21,21756,卖盘
1161,13:34:21,10.36,-0.01,52,53872,卖盘
1162,13:34:18,10.37,0.01,5,5185,中性盘
1163,13:34:03,10.36,--,5,5180,卖盘
1164,13:34:00,10.36,-0.02,41,42476,卖盘
1165,13:33:54,10.38,0.02,4,4152,买盘
1166,13:33:51,10.36,-0.01,28,29008,卖盘
1167,13:33:45,10.37,--,8,8296,买盘
1168,13:33:42,10.37,-0.01,57,59108,卖盘
1169,13:33:39,10.38,--,134,139092,卖盘
1170,13:33:36,10.38,--,630,653940,卖盘
1171,13:33:33,10.38,--,1154,1197852,卖盘
1172,13:33:30,10.38,--,212,220056,卖盘
1173,13:33:24,10.38,--,106,110028,卖盘
1174,13:33:21,10.38,--,10,10380,卖盘
1175,13:33:18,10.38,--,6,6228,卖盘
1176,13:33:15,10.38,--,20,20760,卖盘
1177,13:33:12,10.38,--,1378,1430364,卖盘
1178,13:33:09,10.38,-0.01,138,143244,卖盘
1179,13:33:06,10.39,--,20,20780,买盘
1180,13:33:00,10.39,--,500,519500,买盘
1181,13:32:54,10.39,0.01,58,60262,买盘
1182,13:32:51,10.38,--,28,29064,卖盘
1183,13:32:48,10.38,--,14,14532,卖盘
1184,13:32:42,10.38,--,31,32178,卖盘
1185,13:32:39,10.38,--,2,2076,卖盘
1186,13:32:36,10.38,--,27,28026,卖盘
1187,13:32:33,10.38,0.01,1138,1181244,买盘
1188,13:32:30,10.37,--,5,5185,卖盘
1189,13:32:27,10.37,-0.01,9,9333,卖盘
1190,13:32:21,10.38,0.01,119,123522,买盘
1191,13:32:18,10.37,-0.01,62,64293,卖盘
1192,13:32:12,10.38,--,176,182688,买盘
1193,13:32:09,10.38,--,5,5190,买盘
1194,13:32:06,10.38,--,152,157776,买盘
1195,13:31:57,10.38,0.01,4,4152,买盘
1196,13:31:54,10.37,--,42,43554,卖盘
1197,13:31:51,10.37,--,62,64293,卖盘
1198,13:31:48,10.37,--,7,7258,卖盘
1199,13:31:45,10.37,--,23,23851,卖盘
1200,13:31:39,10.37,--,7,7258,卖盘
1201,13:31:36,10.37,--,292,302804,卖盘
1202,13:31:33,10.37,--,3,3110,卖盘
1203,13:31:27,10.37,--,1,1037,卖盘
1204,13:31:21,10.37,--,47,48738,买盘
1205,13:31:18,10.37,--,57,59108,买盘
1206,13:31:15,10.37,--,6,6221,买盘
1207,13:31:12,10.37,--,24,24887,买盘
1208,13:31:09,10.37,--,1,1037,买盘
1209,13:31:06,10.37,0.01,20,20740,买盘
1210,13:31:03,10.36,--,6,6216,卖盘
1211,13:30:57,10.36,--,29,30044,卖盘
1212,13:30:54,10.36,--,1,1036,卖盘
1213,13:30:51,10.36,--,29,30044,卖盘
1214,13:30:48,10.36,0.01,1209,1253166,买盘
1215,13:30:45,10.35,--,1,1035,卖盘
1216,13:30:42,10.35,-0.01,89,92115,卖盘
1217,13:30:39,10.36,--,7,7252,买盘
1218,13:30:36,10.36,0.01,5,5180,买盘
1219,13:30:33,10.35,-0.01,94,97290,卖盘
1220,13:30:24,10.36,--,31,32116,买盘
1221,13:30:21,10.36,0.01,3,3108,买盘
1222,13:30:18,10.35,--,4,4140,卖盘
1223,13:30:12,10.35,-0.01,1,1035,卖盘
1224,13:30:06,10.36,0.01,5,5180,买盘
1225,13:30:03,10.35,--,37,38295,卖盘
1226,13:30:00,10.35,--,215,222525,卖盘
1227,13:29:57,10.35,-0.01,34,35190,卖盘
1228,13:29:51,10.36,0.01,181,187516,买盘
1229,13:29:48,10.35,--,40,41400,卖盘
1230,13:29:45,10.35,-0.01,59,61065,卖盘
1231,13:29:39,10.36,--,38,39368,买盘
1232,13:29:33,10.36,0.01,10,10360,买盘
1233,13:29:27,10.35,-0.01,1,1035,卖盘
1234,13:29:21,10.36,0.01,50,51800,买盘
1235,13:29:15,10.35,-0.01,18,18630,卖盘
1236,13:29:09,10.36,0.01,13,13468,买盘
1237,13:29:03,10.35,--,1,1035,卖盘
1238,13:29:00,10.35,--,51,53747,卖盘
1239,13:28:57,10.35,--,26,26982,卖盘
1240,13:28:54,10.35,--,5,5175,卖盘
1241,13:28:51,10.35,--,12,12420,卖盘
1242,13:28:45,10.35,--,20,20700,卖盘
1243,13:28:42,10.35,-0.01,1,1035,卖盘
1244,13:28:39,10.36,0.01,16,16576,买盘
1245,13:28:36,10.35,--,22,22770,卖盘
1246,13:28:33,10.35,--,1,1035,卖盘
1247,13:28:30,10.35,--,17,17595,卖盘
1248,13:28:21,10.35,--,7,7245,卖盘
1249,13:28:18,10.35,--,50,51750,卖盘
1250,13:28:12,10.35,--,8,8280,卖盘
1251,13:28:09,10.35,--,1,1035,卖盘
1252,13:28:06,10.35,--,10,10350,卖盘
1253,13:28:00,10.35,--,27,28969,卖盘
1254,13:27:48,10.35,--,1,1035,卖盘
1255,13:27:42,10.35,--,3,3105,卖盘
1256,13:27:39,10.35,-0.01,39,40365,卖盘
1257,13:27:36,10.36,--,14,14504,买盘
1258,13:27:33,10.36,0.01,51,52836,买盘
1259,13:27:27,10.35,-0.01,62,64170,卖盘
1260,13:27:18,10.36,0.01,3,3108,买盘
1261,13:27:15,10.35,--,11,11385,卖盘
1262,13:27:09,10.35,-0.01,1,1035,卖盘
1263,13:27:06,10.36,0.01,1,1036,买盘
1264,13:27:03,10.35,--,92,95220,卖盘
1265,13:27:00,10.35,-0.01,63,65205,卖盘
1266,13:26:48,10.36,--,31,32116,买盘
1267,13:26:45,10.36,0.01,10,10360,买盘
1268,13:26:42,10.35,--,1,1035,卖盘
1269,13:26:39,10.35,--,151,156285,卖盘
1270,13:26:30,10.35,-0.01,23,23805,卖盘
1271,13:26:24,10.36,--,12,12432,买盘
1272,13:26:21,10.36,0.01,16,16576,买盘
1273,13:26:18,10.35,--,727,753469,卖盘
1274,13:26:09,10.35,-0.01,500,517500,卖盘
1275,13:26:06,10.36,0.01,124,128629,买盘
1276,13:26:03,10.35,--,29,30015,卖盘
1277,13:25:57,10.35,-0.01,1,1035,卖盘
1278,13:25:51,10.36,--,23,23828,买盘
1279,13:25:48,10.36,0.01,104,107744,买盘
1280,13:25:45,10.35,-0.01,8,8280,卖盘
1281,13:25:42,10.36,0.01,301,311836,买盘
1282,13:25:36,10.35,-0.01,14,14490,卖盘
1283,13:25:27,10.36,--,20,20720,买盘
1284,13:25:24,10.36,--,20,20720,买盘
1285,13:25:21,10.36,0.01,19,19684,买盘
1286,13:25:18,10.35,-0.01,6,6210,卖盘
1287,13:25:15,10.36,0.01,24,24864,买盘
1288,13:25:12,10.35,-0.01,8,8280,卖盘
1289,13:25:06,10.36,0.01,34,35224,买盘
1290,13:25:03,10.35,--,1,1035,卖盘
1291,13:25:00,10.35,--,50,51750,卖盘
1292,13:24:45,10.35,--,6,6210,卖盘
1293,13:24:39,10.35,--,21,21735,卖盘
1294,13:24:36,10.35,-0.01,22,22770,卖盘
1295,13:24:30,10.36,0.01,31,32116,买盘
1296,13:24:15,10.35,--,20,20700,卖盘
1297,13:24:06,10.35,--,30,31050,卖盘
1298,13:23:57,10.35,--,1,1035,卖盘
1299,13:23:45,10.35,--,10,10350,卖盘
1300,13:23:39,10.35,--,22,22770,卖盘
1301,13:23:33,10.35,--,11,11385,卖盘
1302,13:23:24,10.35,-0.01,1,1035,卖盘
1303,13:23:12,10.36,0.01,4,4144,买盘
1304,13:23:09,10.35,--,27,28969,卖盘
1305,13:23:03,10.35,-0.01,1,1035,卖盘
1306,13:22:57,10.36,0.01,8,8288,买盘
1307,13:22:51,10.35,-0.01,1,1035,卖盘
1308,13:22:48,10.36,0.01,4,4144,买盘
1309,13:22:45,10.35,--,4,4140,卖盘
1310,13:22:42,10.35,--,28,28980,卖盘
1311,13:22:39,10.35,-0.01,5,5175,卖盘
1312,13:22:36,10.36,0.01,1,1036,买盘
1313,13:22:30,10.35,--,1,1035,卖盘
1314,13:22:21,10.35,--,250,258750,卖盘
1315,13:22:18,10.35,-0.01,1,1035,卖盘
1316,13:22:12,10.36,0.01,3,3108,买盘
1317,13:22:09,10.35,--,38,39340,卖盘
1318,13:22:06,10.35,--,11,11385,卖盘
1319,13:22:03,10.35,--,69,71415,卖盘
1320,13:21:57,10.35,-0.01,10,10350,卖盘
1321,13:21:54,10.36,--,10,10360,买盘
1322,13:21:45,10.36,--,88,91178,卖盘
1323,13:21:36,10.36,--,12,12432,卖盘
1324,13:21:33,10.36,-0.01,1,1036,卖盘
1325,13:21:24,10.37,--,6,6221,买盘
1326,13:21:21,10.37,0.01,10,10370,买盘
1327,13:21:12,10.36,--,29,31069,卖盘
1328,13:21:09,10.36,--,20,20720,卖盘
1329,13:21:06,10.36,--,13,13468,卖盘
1330,13:21:00,10.36,--,1,1036,卖盘
1331,13:20:54,10.36,--,65,67340,卖盘
1332,13:20:48,10.36,--,19,19684,卖盘
1333,13:20:45,10.36,--,30,31080,卖盘
1334,13:20:42,10.36,0.01,398,412328,买盘
1335,13:20:39,10.35,-0.01,5,5175,卖盘
1336,13:20:36,10.36,--,18,18648,买盘
1337,13:20:33,10.36,0.01,28,29008,买盘
1338,13:20:27,10.35,--,22,22770,卖盘
1339,13:20:24,10.35,--,181,187335,卖盘
1340,13:20:15,10.35,--,28,28980,卖盘
1341,13:20:12,10.35,-0.01,62,64170,卖盘
1342,13:20:09,10.36,0.01,2,2072,买盘
1343,13:20:06,10.35,-0.01,5,5175,卖盘
1344,13:20:03,10.36,0.01,20,20720,买盘
1345,13:19:54,10.35,--,16,16560,卖盘
1346,13:19:51,10.35,-0.01,28,28980,卖盘
1347,13:19:45,10.36,0.01,10,10360,中性盘
1348,13:19:42,10.35,-0.01,10,11374,卖盘
1349,13:19:39,10.36,--,85,88070,卖盘
1350,13:19:36,10.36,--,236,244496,卖盘
1351,13:19:30,10.36,-0.01,21,21756,卖盘
1352,13:19:27,10.37,0.01,8,8296,买盘
1353,13:19:21,10.36,--,1,1036,卖盘
1354,13:19:15,10.36,--,30,32105,卖盘
1355,13:19:09,10.36,--,1,1036,卖盘
1356,13:19:06,10.36,-0.01,1,1036,卖盘
1357,13:19:03,10.37,0.01,7,7258,买盘
1358,13:18:57,10.36,-0.01,5,5180,卖盘
1359,13:18:54,10.37,0.01,14,14517,买盘
1360,13:18:48,10.36,--,22,22792,卖盘
1361,13:18:45,10.36,--,18,18648,买盘
1362,13:18:42,10.36,--,14,14504,买盘
1363,13:18:39,10.36,--,237,245532,买盘
1364,13:18:27,10.36,0.01,46,47656,买盘
1365,13:18:21,10.35,--,13,13455,卖盘
1366,13:18:18,10.35,--,28,28980,卖盘
1367,13:18:15,10.35,-0.01,17,17595,卖盘
1368,13:18:12,10.36,0.01,7,7252,买盘
1369,13:18:03,10.35,-0.01,1,1035,卖盘
1370,13:18:00,10.36,--,23,23828,买盘
1371,13:17:51,10.36,--,10,10360,买盘
1372,13:17:48,10.36,--,7,7252,买盘
1373,13:17:45,10.36,--,85,88060,买盘
1374,13:17:42,10.36,--,8,8288,买盘
1375,13:17:36,10.36,0.01,153,158508,买盘
1376,13:17:30,10.35,-0.01,1,1035,卖盘
1377,13:17:24,10.36,0.01,2,2072,买盘
1378,13:17:18,10.35,-0.01,35,36225,卖盘
1379,13:17:15,10.36,--,12,12432,买盘
1380,13:17:12,10.36,--,1,1036,买盘
1381,13:17:09,10.36,--,484,501424,买盘
1382,13:17:06,10.36,--,8,8288,买盘
1383,13:17:00,10.36,0.01,127,131572,买盘
1384,13:16:57,10.35,--,3,3105,卖盘
1385,13:16:54,10.35,-0.01,4,4140,卖盘
1386,13:16:48,10.36,0.01,8,8288,买盘
1387,13:16:42,10.35,0.01,202,209070,卖盘
1388,13:16:33,10.34,-0.02,205,211970,卖盘
1389,13:16:30,10.36,0.02,10,10360,买盘
1390,13:16:24,10.34,-0.01,203,209902,卖盘
1391,13:16:21,10.35,-0.01,28,29994,卖盘
1392,13:16:18,10.36,0.01,3,3108,买盘
1393,13:16:15,10.35,-0.01,265,274275,卖盘
1394,13:16:09,10.36,0.01,20,20720,买盘
1395,13:16:06,10.35,-0.01,202,209070,卖盘
1396,13:16:00,10.36,0.01,1,1036,买盘
1397,13:15:57,10.35,--,16,16560,卖盘
1398,13:15:54,10.35,--,202,209070,卖盘
1399,13:15:51,10.35,-0.01,1,1035,卖盘
1400,13:15:45,10.36,0.01,20,20720,买盘
1401,13:15:42,10.35,--,201,208035,卖盘
1402,13:15:39,10.35,-0.01,179,185265,卖盘
1403,13:15:36,10.36,0.01,51,52836,中性盘
1404,13:15:33,10.35,-0.01,224,231840,卖盘
1405,13:15:30,10.36,--,1,1036,卖盘
1406,13:15:27,10.36,0.01,28,29008,买盘
1407,13:15:24,10.35,--,201,208035,卖盘
1408,13:15:18,10.35,-0.01,131,135585,卖盘
1409,13:15:12,10.36,0.01,256,265216,买盘
1410,13:15:09,10.35,-0.01,11,11385,卖盘
1411,13:15:06,10.36,--,14,14504,买盘
1412,13:15:03,10.36,--,2,2072,卖盘
1413,13:15:00,10.36,0.01,205,212380,买盘
1414,13:14:57,10.35,-0.01,358,370530,卖盘
1415,13:14:54,10.36,0.01,6,6216,买盘
1416,13:14:51,10.35,--,201,208035,卖盘
1417,13:14:45,10.35,-0.01,212,219420,卖盘
1418,13:14:42,10.36,--,24,24864,买盘
1419,13:14:39,10.36,0.01,10,10360,买盘
1420,13:14:33,10.35,--,14,14490,卖盘
1421,13:14:30,10.35,--,201,208035,卖盘
1422,13:14:27,10.35,--,6,6210,卖盘
1423,13:14:24,10.35,-0.01,84,86940,卖盘
1424,13:14:21,10.36,0.01,12,12432,买盘
1425,13:14:18,10.35,-0.01,202,209070,卖盘
1426,13:14:15,10.36,0.01,4,4144,买盘
1427,13:14:09,10.35,--,202,209070,卖盘
1428,13:14:00,10.35,-0.01,203,210105,卖盘
1429,13:13:54,10.36,0.01,47,48692,买盘
1430,13:13:51,10.35,--,1,1035,卖盘
1431,13:13:48,10.35,-0.01,202,209070,卖盘
1432,13:13:42,10.36,--,51,52836,买盘
1433,13:13:39,10.36,--,208,215488,买盘
1434,13:13:36,10.36,0.01,10,10360,买盘
1435,13:13:33,10.35,--,206,213210,卖盘
1436,13:13:30,10.35,-0.01,1,1035,卖盘
1437,13:13:27,10.36,--,13,13468,买盘
1438,13:13:24,10.36,0.01,36,37296,买盘
1439,13:13:18,10.35,--,203,210105,卖盘
1440,13:13:06,10.35,--,233,241155,卖盘
1441,13:13:00,10.35,-0.01,202,209070,卖盘
1442,13:12:54,10.36,0.01,21,21756,买盘
1443,13:12:48,10.35,--,217,224595,卖盘
1444,13:12:45,10.35,-0.01,1,1035,卖盘
1445,13:12:42,10.36,0.01,29,30044,买盘
1446,13:12:39,10.35,--,202,209070,卖盘
1447,13:12:36,10.35,-0.01,1,1035,卖盘
1448,13:12:33,10.36,0.01,16,16576,买盘
1449,13:12:27,10.35,--,230,238050,卖盘
1450,13:12:24,10.35,--,11,11385,卖盘
1451,13:12:18,10.35,-0.02,201,208035,卖盘
1452,13:12:09,10.37,0.01,7,7258,买盘
1453,13:12:06,10.36,--,269,278684,卖盘
1454,13:12:00,10.36,-0.01,20,20720,卖盘
1455,13:11:57,10.37,--,225,233324,买盘
1456,13:11:54,10.37,--,6,6221,买盘
1457,13:11:51,10.37,0.01,4,4148,买盘
1458,13:11:48,10.36,--,406,420616,卖盘
1459,13:11:42,10.36,--,202,209272,卖盘
1460,13:11:39,10.36,--,20,20720,卖盘
1461,13:11:33,10.36,--,178,184408,卖盘
1462,13:11:27,10.36,-0.02,201,208236,卖盘
1463,13:11:21,10.38,0.01,65,67470,买盘
1464,13:11:18,10.37,--,395,409614,卖盘
1465,13:11:15,10.37,-0.01,6,6221,卖盘
1466,13:11:12,10.38,0.01,17,17646,买盘
1467,13:11:09,10.37,--,201,208436,卖盘
1468,13:11:00,10.37,-0.01,62,64293,卖盘
1469,13:10:57,10.38,--,4,4152,买盘
1470,13:10:54,10.38,0.01,20,20760,买盘
1471,13:10:51,10.37,-0.01,207,214658,卖盘
1472,13:10:48,10.38,0.01,20,20760,买盘
1473,13:10:45,10.37,--,150,155550,卖盘
1474,13:10:39,10.37,-0.01,205,212584,卖盘
1475,13:10:33,10.38,0.01,50,51900,买盘
1476,13:10:30,10.37,--,229,237472,卖盘
1477,13:10:27,10.37,-0.01,16,16592,卖盘
1478,13:10:24,10.38,0.01,24,24912,买盘
1479,13:10:18,10.37,--,202,209473,卖盘
1480,13:10:15,10.37,--,6,6221,卖盘
1481,13:10:12,10.37,--,19,19703,卖盘
1482,13:10:09,10.37,--,221,229176,卖盘
1483,13:10:00,10.37,-0.01,202,209473,卖盘
1484,13:09:51,10.38,0.01,796,826248,中性盘
1485,13:09:48,10.37,--,179,185623,卖盘
1486,13:09:42,10.37,--,15,15554,卖盘
1487,13:09:39,10.37,-0.01,201,208436,卖盘
1488,13:09:36,10.38,-0.01,10,10380,卖盘
1489,13:09:33,10.39,0.01,20,20780,买盘
1490,13:09:30,10.38,-0.01,256,266755,卖盘
1491,13:09:27,10.39,0.01,142,147538,买盘
1492,13:09:24,10.38,0.01,62,64356,买盘
1493,13:09:21,10.37,-0.01,351,363987,卖盘
1494,13:09:18,10.38,--,45,46710,卖盘
1495,13:09:15,10.38,--,2,2076,卖盘
1496,13:09:12,10.38,--,20,20760,卖盘
1497,13:09:09,10.38,--,222,230436,卖盘
1498,13:09:06,10.38,-0.01,20,20760,卖盘
1499,13:09:03,10.39,--,84,87276,买盘
1500,13:09:00,10.39,0.01,222,230658,买盘
1501,13:08:48,10.38,-0.01,209,216942,卖盘
1502,13:08:42,10.39,--,13,13507,买盘
1503,13:08:39,10.39,--,206,214034,买盘
1504,13:08:36,10.39,0.01,3,3117,买盘
1505,13:08:33,10.38,--,40,41520,卖盘
1506,13:08:30,10.38,--,201,208638,卖盘
1507,13:08:27,10.38,--,32,33216,卖盘
1508,13:08:21,10.38,-0.01,202,209676,卖盘
1509,13:08:18,10.39,--,8,8312,买盘
1510,13:08:12,10.39,--,12,12468,买盘
1511,13:08:09,10.39,--,10,10390,买盘
1512,13:08:06,10.39,0.01,10,10390,买盘
1513,13:08:03,10.38,--,6,6228,卖盘
1514,13:07:51,10.38,-0.01,7,7266,卖盘
1515,13:07:45,10.39,0.01,14,14546,买盘
1516,13:07:33,10.38,-0.01,28,30091,卖盘
1517,13:07:30,10.39,0.01,26,27014,买盘
1518,13:07:24,10.38,--,108,112104,卖盘
1519,13:07:21,10.38,-0.01,10,10380,卖盘
1520,13:07:15,10.39,--,12,12468,买盘
1521,13:07:12,10.39,0.01,55,57145,买盘
1522,13:07:09,10.38,-0.01,138,143244,卖盘
1523,13:07:06,10.39,--,16,16624,买盘
1524,13:07:03,10.39,--,12,12468,买盘
1525,13:07:00,10.39,--,9,9351,买盘
1526,13:06:57,10.39,0.01,7,7273,买盘
1527,13:06:54,10.38,-0.01,5,5190,卖盘
1528,13:06:48,10.39,0.01,4,4156,买盘
1529,13:06:36,10.38,--,44,45672,卖盘
1530,13:06:30,10.38,-0.01,3,3114,卖盘
1531,13:06:21,10.39,0.01,400,415600,买盘
1532,13:06:15,10.38,--,18,18684,卖盘
1533,13:06:09,10.38,-0.01,10,10380,卖盘
1534,13:06:03,10.39,--,2,2078,买盘
1535,13:06:00,10.39,0.01,50,51950,买盘
1536,13:05:54,10.38,-0.01,10,10380,卖盘
1537,13:05:51,10.39,0.01,71,73769,买盘
1538,13:05:45,10.38,--,15,15570,卖盘
1539,13:05:39,10.38,--,31,32178,卖盘
1540,13:05:15,10.38,-0.01,16,16608,卖盘
1541,13:05:12,10.39,0.01,7,7273,买盘
1542,13:05:03,10.38,-0.01,29,30102,卖盘
1543,13:04:57,10.39,0.01,5,5195,买盘
1544,13:04:39,10.38,-0.01,27,29053,卖盘
1545,13:04:24,10.39,0.01,31,32209,买盘
1546,13:04:12,10.38,-0.01,18,18684,卖盘
1547,13:04:03,10.39,--,1,1039,买盘
1548,13:03:54,10.39,0.01,5,5195,买盘
1549,13:03:51,10.38,-0.01,33,34254,卖盘
1550,13:03:48,10.39,--,160,166240,买盘
1551,13:03:45,10.39,0.01,2,2078,买盘
1552,13:03:42,10.38,--,168,174384,卖盘
1553,13:03:39,10.38,-0.01,72,75763,卖盘
1554,13:03:36,10.39,--,16,16624,买盘
1555,13:03:33,10.39,--,86,89354,买盘
1556,13:03:27,10.39,--,28,29092,买盘
1557,13:03:24,10.39,--,16,16624,买盘
1558,13:03:21,10.39,--,11,11429,买盘
1559,13:03:12,10.39,--,7,7273,买盘
1560,13:03:09,10.39,--,26,27128,卖盘
1561,13:03:06,10.39,-0.01,26,27014,卖盘
1562,13:03:00,10.4,--,3,3120,买盘
1563,13:02:54,10.4,0.01,77,80080,买盘
1564,13:02:51,10.39,0.01,47,49757,买盘
1565,13:02:42,10.38,-0.01,125,129853,卖盘
1566,13:02:39,10.39,-0.01,6,6234,卖盘
1567,13:02:33,10.4,0.01,64,66560,买盘
1568,13:02:30,10.39,0.01,371,386404,买盘
1569,13:02:21,10.38,--,16,16608,卖盘
1570,13:02:09,10.38,-0.01,10,10380,卖盘
1571,13:02:03,10.39,--,4,4156,买盘
1572,13:01:57,10.39,--,8,8312,买盘
1573,13:01:54,10.39,--,195,202605,买盘
1574,13:01:51,10.39,0.01,5,5195,买盘
1575,13:01:45,10.38,-0.01,29,30102,卖盘
1576,13:01:42,10.39,--,64,66496,买盘
1577,13:01:36,10.39,--,20,20780,买盘
1578,13:01:33,10.39,--,10,10390,买盘
1579,13:01:24,10.39,--,10,10390,买盘
1580,13:01:21,10.39,--,8,8312,买盘
1581,13:01:18,10.39,--,23,23897,买盘
1582,13:01:15,10.39,--,1,1039,买盘
1583,13:01:12,10.39,--,150,155850,买盘
1584,13:01:09,10.39,--,300,311700,买盘
1585,13:01:06,10.39,--,17,17663,买盘
1586,13:01:00,10.39,--,10,10390,买盘
1587,13:00:54,10.39,--,6,6234,买盘
1588,13:00:51,10.39,0.01,7,7273,买盘
1589,13:00:48,10.38,-0.01,100,103800,卖盘
1590,13:00:45,10.39,--,404,419756,买盘
1591,13:00:42,10.39,--,16,16624,买盘
1592,13:00:39,10.39,--,4,4156,买盘
1593,13:00:36,10.39,0.01,20,20780,买盘
1594,13:00:33,10.38,-0.01,14,14532,卖盘
1595,13:00:27,10.39,0.01,200,207800,买盘
1596,13:00:24,10.38,-0.01,50,51900,卖盘
1597,13:00:18,10.39,--,19,19741,买盘
1598,13:00:15,10.39,--,4,4156,买盘
1599,13:00:09,10.39,--,121,125719,买盘
1600,13:00:06,10.39,--,137,142343,买盘
1601,13:00:03,10.39,--,1358,1410962,买盘
1602,13:00:00,10.39,--,0,0,买盘
1603,11:30:00,10.39,--,0,0,买盘
1604,11:29:57,10.39,--,71,73769,买盘
1605,11:29:54,10.39,--,10,10390,买盘
1606,11:29:51,10.39,0.01,2,2078,买盘
1607,11:29:48,10.38,--,21,21798,卖盘
1608,11:29:45,10.38,-0.01,34,35593,卖盘
1609,11:29:42,10.39,0.01,10,10390,买盘
1610,11:29:36,10.38,-0.01,30,31140,卖盘
1611,11:29:27,10.39,--,53,55067,买盘
1612,11:29:12,10.39,--,30,31170,买盘
1613,11:29:09,10.39,0.01,14,14546,买盘
1614,11:29:06,10.38,--,18,18684,买盘
1615,11:29:03,10.38,-0.01,12,12456,卖盘
1616,11:28:57,10.39,0.01,22,22858,买盘
1617,11:28:48,10.38,-0.01,28,29064,卖盘
1618,11:28:33,10.39,0.01,85,88315,买盘
1619,11:28:24,10.38,--,42,43596,卖盘
1620,11:28:21,10.38,--,48,49824,卖盘
1621,11:28:18,10.38,-0.01,42,43596,卖盘
1622,11:28:12,10.39,0.01,11,11429,买盘
1623,11:28:00,10.38,--,277,287526,卖盘
1624,11:27:54,10.38,--,100,103800,卖盘
1625,11:27:48,10.38,-0.01,28,29946,卖盘
1626,11:27:45,10.39,--,22,22858,买盘
1627,11:27:42,10.39,--,9,9351,买盘
1628,11:27:30,10.39,0.01,1,1039,买盘
1629,11:27:27,10.38,--,2,2076,卖盘
1630,11:27:12,10.38,--,5,5190,卖盘
1631,11:27:09,10.38,-0.01,303,314514,卖盘
1632,11:27:03,10.39,0.01,18,18702,买盘
1633,11:27:00,10.38,--,2631,2731642,买盘
1634,11:26:57,10.38,--,7,7266,买盘
1635,11:26:54,10.38,0.01,81,84078,买盘
1636,11:26:51,10.37,-0.01,52,53923,卖盘
1637,11:26:45,10.38,--,20,20760,买盘
1638,11:26:39,10.38,0.01,13,13494,买盘
1639,11:26:36,10.37,-0.01,5,5185,卖盘
1640,11:26:15,10.38,0.01,31,32178,买盘
1641,11:26:12,10.37,--,46,47702,买盘
1642,11:26:09,10.37,-0.01,88,91256,卖盘
1643,11:26:06,10.38,--,13,13494,买盘
1644,11:26:00,10.38,0.01,20,20760,买盘
1645,11:25:51,10.37,-0.01,29,30072,卖盘
1646,11:25:48,10.38,0.01,63,65394,买盘
1647,11:25:27,10.37,--,3,3110,卖盘
1648,11:25:24,10.37,0.01,1,1037,买盘
1649,11:25:21,10.36,-0.01,55,56980,卖盘
1650,11:25:15,10.37,0.01,95,98514,买盘
1651,11:25:12,10.36,-0.01,15,15540,卖盘
1652,11:25:06,10.37,--,1,1037,买盘
1653,11:25:03,10.37,0.01,32,33184,买盘
1654,11:24:54,10.36,-0.01,28,30033,卖盘
1655,11:24:42,10.37,--,2,2074,买盘
1656,11:24:30,10.37,--,7,7258,卖盘
1657,11:24:24,10.37,-0.01,6,6221,卖盘
1658,11:24:15,10.38,0.01,20,20760,买盘
1659,11:24:06,10.37,-0.01,3,3110,中性盘
1660,11:24:00,10.38,--,300,311400,买盘
1661,11:23:54,10.38,--,340,352920,买盘
1662,11:23:51,10.38,--,811,841818,买盘
1663,11:23:48,10.38,--,18,18684,买盘
1664,11:23:39,10.38,--,5,5190,买盘
1665,11:23:36,10.38,0.01,6,6228,买盘
1666,11:23:24,10.37,--,355,368135,卖盘
1667,11:23:18,10.37,-0.01,8,8296,卖盘
1668,11:23:03,10.38,0.01,19,19722,买盘
1669,11:22:57,10.37,-0.01,28,30062,卖盘
1670,11:22:42,10.38,0.02,3,3114,买盘
1671,11:22:39,10.36,-0.01,1000,1036000,卖盘
1672,11:22:24,10.37,--,105,108884,买盘
1673,11:22:18,10.37,0.01,550,570350,买盘
1674,11:22:15,10.36,-0.01,3,3108,卖盘
1675,11:22:09,10.37,--,18,18666,买盘
1676,11:22:03,10.37,0.01,500,518499,买盘
1677,11:22:00,10.36,--,27,28997,卖盘
1678,11:21:57,10.36,-0.01,1,1036,卖盘
1679,11:21:54,10.37,--,51,52886,买盘
1680,11:21:39,10.37,0.01,116,120291,买盘
1681,11:21:12,10.36,-0.01,125,129500,卖盘
1682,11:21:09,10.37,--,15,15554,买盘
1683,11:21:03,10.37,0.01,61,63256,买盘
1684,11:21:00,10.36,--,28,29008,卖盘
1685,11:20:45,10.36,-0.01,217,224812,卖盘
1686,11:20:24,10.37,--,15,15554,买盘
1687,11:20:06,10.37,0.01,90,93330,买盘
1688,11:20:03,10.36,--,29,30044,卖盘
1689,11:20:00,10.36,--,6,6216,卖盘
1690,11:19:57,10.36,--,3,3108,卖盘
1691,11:19:54,10.36,-0.01,7,7252,卖盘
1692,11:19:51,10.37,--,17,17629,买盘
1693,11:19:48,10.37,0.01,1,1037,买盘
1694,11:19:42,10.36,-0.01,13,13468,卖盘
1695,11:19:39,10.37,0.01,125,129624,买盘
1696,11:19:33,10.36,--,16,17083,卖盘
1697,11:19:18,10.36,--,4,4144,卖盘
1698,11:19:15,10.36,-0.01,9,9324,卖盘
1699,11:19:12,10.37,0.01,188,194955,买盘
1700,11:19:09,10.36,--,43,44548,卖盘
1701,11:19:03,10.36,--,44,46019,卖盘
1702,11:19:00,10.36,--,21,21756,卖盘
1703,11:18:42,10.36,--,26,26936,卖盘
1704,11:18:33,10.36,--,16,17011,卖盘
1705,11:18:30,10.36,-0.01,220,227920,卖盘
1706,11:18:24,10.37,0.01,2,2074,买盘
1707,11:18:21,10.36,-0.01,3,3108,卖盘
1708,11:18:06,10.37,0.01,43,45617,买盘
1709,11:18:03,10.36,-0.01,16,17011,卖盘
1710,11:17:54,10.37,0.01,8,8296,买盘
1711,11:17:33,10.36,-0.01,16,17011,卖盘
1712,11:17:27,10.37,0.01,36,37332,买盘
1713,11:17:24,10.36,--,26,26936,卖盘
1714,11:17:21,10.36,-0.01,44,45584,卖盘
1715,11:17:12,10.37,--,26,26961,买盘
1716,11:17:09,10.37,0.01,106,109921,买盘
1717,11:17:06,10.36,--,50,52815,卖盘
1718,11:17:03,10.36,--,67,69847,卖盘
1719,11:16:54,10.36,-0.01,50,51800,卖盘
1720,11:16:45,10.37,0.01,48,49775,买盘
1721,11:16:42,10.36,-0.01,1000,1036000,卖盘
1722,11:16:39,10.37,0.01,4,4148,买盘
1723,11:16:33,10.36,-0.01,16,17011,卖盘
1724,11:16:24,10.37,0.01,30,31109,买盘
1725,11:16:15,10.36,--,18,18648,卖盘
1726,11:16:09,10.36,--,158,163688,卖盘
1727,11:16:06,10.36,-0.01,8,8288,卖盘
1728,11:16:03,10.37,--,31,32582,买盘
1729,11:15:57,10.37,--,13,13480,买盘
1730,11:15:54,10.37,0.01,153,158661,买盘
1731,11:15:36,10.36,--,19,19684,卖盘
1732,11:15:33,10.36,-0.01,96,99891,卖盘
1733,11:15:27,10.37,0.01,4,4148,买盘
1734,11:15:21,10.36,-0.01,92,95312,卖盘
1735,11:15:18,10.37,-0.01,485,502944,卖盘
1736,11:15:15,10.38,0.01,7,7266,买盘
1737,11:15:12,10.37,--,18,18666,卖盘
1738,11:15:09,10.37,--,29,30072,卖盘
1739,11:15:03,10.37,--,334,346793,买盘
1740,11:14:57,10.37,--,33,34221,买盘
1741,11:14:48,10.37,--,270,279990,买盘
1742,11:14:36,10.37,0.01,2,2074,买盘
1743,11:14:33,10.36,-0.01,19,20119,卖盘
1744,11:14:30,10.37,--,7,7258,买盘
1745,11:14:24,10.37,0.01,30,31109,买盘
1746,11:14:12,10.36,-0.01,28,29008,卖盘
1747,11:14:09,10.37,0.01,75,77775,买盘
1748,11:14:03,10.36,--,36,37731,卖盘
1749,11:14:00,10.36,--,20,20720,卖盘
1750,11:13:57,10.36,-0.01,16,16576,卖盘
1751,11:13:48,10.37,0.01,285,295545,买盘
1752,11:13:33,10.36,--,16,17011,卖盘
1753,11:13:24,10.36,--,22,22792,卖盘
1754,11:13:15,10.36,--,28,30033,卖盘
1755,11:13:12,10.36,-0.01,18,18648,卖盘
1756,11:13:06,10.37,--,20,20740,买盘
1757,11:12:57,10.37,0.01,15,15554,买盘
1758,11:12:51,10.36,-0.01,3,3108,卖盘
1759,11:12:42,10.37,0.01,25,25924,买盘
1760,11:12:39,10.36,--,63,65268,卖盘
1761,11:12:36,10.36,--,3,3108,卖盘
1762,11:12:15,10.36,--,45,46620,卖盘
1763,11:12:09,10.36,-0.01,23,24584,卖盘
1764,11:12:00,10.37,0.01,35,36295,买盘
1765,11:11:54,10.36,--,135,139860,卖盘
1766,11:11:36,10.36,-0.01,22,22792,卖盘
1767,11:11:30,10.37,--,37,38369,卖盘
1768,11:11:27,10.37,--,11,11407,卖盘
1769,11:11:24,10.37,-0.01,13,13480,卖盘
1770,11:11:21,10.38,0.01,22,22836,买盘
1771,11:11:18,10.37,--,46,47702,卖盘
1772,11:11:06,10.37,-0.01,107,110958,卖盘
1773,11:11:00,10.38,--,83,86154,买盘
1774,11:10:57,10.38,--,2,2076,买盘
1775,11:10:39,10.38,0.01,42,43596,买盘
1776,11:10:36,10.37,-0.01,35,36295,卖盘
1777,11:10:33,10.38,--,2,2076,买盘
1778,11:10:30,10.38,0.01,10,10380,买盘
1779,11:10:27,10.37,-0.01,21,21777,卖盘
1780,11:10:21,10.38,0.01,32,33216,买盘
1781,11:10:18,10.37,-0.01,79,81923,卖盘
1782,11:10:00,10.38,0.01,15,15570,买盘
1783,11:09:54,10.37,--,2,2074,卖盘
1784,11:09:51,10.37,-0.01,3,3110,卖盘
1785,11:09:48,10.38,--,4,4152,买盘
1786,11:09:45,10.38,0.02,24,24912,买盘
1787,11:09:33,10.36,-0.01,42,43512,卖盘
1788,11:09:27,10.37,0.01,62,64293,买盘
1789,11:09:21,10.36,--,28,29008,卖盘
1790,11:09:18,10.36,-0.01,10,10360,卖盘
1791,11:08:54,10.37,0.01,10,10370,中性盘
1792,11:08:48,10.36,-0.01,265,274540,卖盘
1793,11:08:45,10.37,--,3,3110,卖盘
1794,11:08:42,10.37,--,14,14517,买盘
1795,11:08:39,10.37,--,15,15554,买盘
1796,11:08:36,10.37,--,10,10370,买盘
1797,11:08:24,10.37,0.01,30,31109,买盘
1798,11:08:21,10.36,--,28,30033,卖盘
1799,11:08:15,10.36,--,45,46620,卖盘
1800,11:08:09,10.36,--,43,44548,卖盘
1801,11:08:03,10.36,--,19,19684,卖盘
1802,11:07:57,10.36,-0.01,70,72520,卖盘
1803,11:07:54,10.37,0.01,1,1037,买盘
1804,11:07:51,10.36,-0.01,71,73556,卖盘
1805,11:07:48,10.37,0.01,8,8296,买盘
1806,11:07:45,10.36,-0.01,60,62160,卖盘
1807,11:07:42,10.37,--,6,6221,卖盘
1808,11:07:39,10.37,0.01,9,9333,买盘
1809,11:07:33,10.36,-0.01,163,168868,卖盘
1810,11:07:27,10.37,0.01,1,1037,买盘
1811,11:07:24,10.36,--,48,49728,卖盘
1812,11:07:21,10.36,--,325,336700,卖盘
1813,11:07:18,10.36,-0.01,78,80808,卖盘
1814,11:07:12,10.37,-0.01,27,27998,卖盘
1815,11:06:57,10.38,0.01,7,7266,买盘
1816,11:06:54,10.37,-0.01,4,4148,卖盘
1817,11:06:51,10.38,--,72,74736,买盘
1818,11:06:48,10.38,0.02,15,15570,买盘
1819,11:06:45,10.36,-0.01,57,59052,卖盘
1820,11:06:30,10.37,-0.01,2,2074,卖盘
1821,11:06:27,10.38,0.01,3,3114,买盘
1822,11:06:24,10.37,-0.01,28,29046,卖盘
1823,11:06:21,10.38,--,12,12456,买盘
1824,11:06:18,10.38,--,125,129750,买盘
1825,11:06:15,10.38,--,8,8304,买盘
1826,11:06:12,10.38,0.01,2,2076,买盘
1827,11:05:51,10.37,--,15,15886,买盘
1828,11:05:48,10.37,--,5,5185,买盘
1829,11:05:45,10.37,--,48,49775,买盘
1830,11:05:42,10.37,--,5,5185,买盘
1831,11:05:39,10.37,--,8,8296,买盘
1832,11:05:36,10.37,0.01,8,8296,买盘
1833,11:05:27,10.36,-0.01,10,11064,卖盘
1834,11:05:21,10.37,0.01,4,4479,买盘
1835,11:05:15,10.36,-0.01,1,1036,卖盘
1836,11:05:12,10.37,0.01,7,7258,买盘
1837,11:05:06,10.36,--,4,4144,卖盘
1838,11:04:54,10.36,--,120,124910,买盘
1839,11:04:45,10.36,0.01,107,110852,买盘
1840,11:04:39,10.35,-0.01,357,369495,卖盘
1841,11:04:36,10.36,--,4,4144,买盘
1842,11:04:33,10.36,--,10,10360,买盘
1843,11:04:30,10.36,--,54,55944,买盘
1844,11:04:27,10.36,--,1,1036,买盘
1845,11:04:24,10.36,--,20,20720,买盘
1846,11:04:21,10.36,--,5,5180,买盘
1847,11:04:15,10.36,0.01,10,10360,买盘
1848,11:04:09,10.35,-0.01,88,91080,卖盘
1849,11:03:57,10.36,--,1,1036,买盘
1850,11:03:54,10.36,0.01,14,14504,买盘
1851,11:03:51,10.35,--,10,10350,卖盘
1852,11:03:48,10.35,-0.01,87,90045,卖盘
1853,11:03:45,10.36,--,23,23828,买盘
1854,11:03:39,10.36,0.01,30,31080,买盘
1855,11:03:36,10.35,--,101,104535,卖盘
1856,11:03:33,10.35,--,33,34155,卖盘
1857,11:03:30,10.35,-0.01,70,72450,卖盘
1858,11:03:24,10.36,--,5,5180,买盘
1859,11:03:21,10.36,0.01,19,19684,买盘
1860,11:03:18,10.35,--,43,44505,卖盘
1861,11:03:15,10.35,-0.01,129,133515,卖盘
1862,11:03:12,10.36,--,30,31080,买盘
1863,11:03:06,10.36,0.01,18,18648,买盘
1864,11:03:03,10.35,-0.01,23,23805,卖盘
1865,11:03:00,10.36,0.01,71,73556,买盘
1866,11:02:54,10.35,--,53,54855,卖盘
1867,11:02:51,10.35,-0.01,127,131445,卖盘
1868,11:02:45,10.36,--,1519,1574129,卖盘
1869,11:02:42,10.36,--,530,549080,卖盘
1870,11:02:39,10.36,-0.01,16,16576,卖盘
1871,11:02:33,10.37,--,104,107847,卖盘
1872,11:02:21,10.37,--,89,92293,卖盘
1873,11:02:09,10.37,--,89,92293,卖盘
1874,11:02:03,10.37,--,45,46665,买盘
1875,11:01:57,10.37,--,15,15554,买盘
1876,11:01:54,10.37,0.01,2,2074,买盘
1877,11:01:48,10.36,-0.01,1,1036,卖盘
1878,11:01:45,10.37,0.01,50,51849,买盘
1879,11:01:36,10.36,--,20,20720,卖盘
1880,11:01:33,10.36,-0.01,51,52836,卖盘
1881,11:01:30,10.37,--,100,103699,买盘
1882,11:01:15,10.37,--,2,2074,买盘
1883,11:01:09,10.37,--,6,6221,买盘
1884,11:00:54,10.37,--,15,15554,买盘
1885,11:00:45,10.37,--,2,2074,买盘
1886,11:00:42,10.37,0.01,4,4148,买盘
1887,11:00:39,10.36,-0.01,78,80808,卖盘
1888,11:00:33,10.37,-0.01,35,36295,卖盘
1889,11:00:30,10.38,--,281,291678,买盘
1890,11:00:27,10.38,0.01,39,40482,买盘
1891,11:00:21,10.37,--,34,35258,卖盘
1892,11:00:15,10.37,-0.01,19,19703,卖盘
1893,11:00:09,10.38,--,4,4152,卖盘
1894,11:00:06,10.38,-0.01,1,1038,卖盘
1895,11:00:03,10.39,0.02,279,289881,买盘
1896,10:59:57,10.37,-0.01,1706,1769121,卖盘
1897,10:59:54,10.38,-0.01,25,25950,卖盘
1898,10:59:48,10.39,0.01,119,123641,买盘
1899,10:59:42,10.38,--,18,18684,卖盘
1900,10:59:39,10.38,--,25,26022,卖盘
1901,10:59:36,10.38,-0.01,112,117221,卖盘
1902,10:59:27,10.39,--,1,1039,买盘
1903,10:59:21,10.39,0.01,5,5195,买盘
1904,10:59:15,10.38,--,10,10380,卖盘
1905,10:59:12,10.38,-0.01,3,3114,卖盘
1906,10:59:09,10.39,0.01,5,5195,买盘
1907,10:59:06,10.38,-0.01,97,100686,卖盘
1908,10:59:00,10.39,0.01,1,1039,买盘
1909,10:58:57,10.38,-0.02,2,2076,中性盘
1910,10:58:48,10.4,0.01,240,249600,买盘
1911,10:58:45,10.39,0.02,3600,3740400,买盘
1912,10:58:39,10.37,0.01,587,608719,买盘
1913,10:58:30,10.36,-0.01,51,52836,卖盘
1914,10:58:27,10.37,0.01,22,22814,买盘
1915,10:58:24,10.36,--,63,65268,卖盘
1916,10:58:21,10.36,--,94,97384,卖盘
1917,10:58:18,10.36,--,1,1036,卖盘
1918,10:58:12,10.36,--,87,90132,卖盘
1919,10:58:09,10.36,--,89,92204,卖盘
1920,10:58:03,10.36,--,94,97384,卖盘
1921,10:58:00,10.36,--,6,6216,卖盘
1922,10:57:57,10.36,-0.01,56,58016,卖盘
1923,10:57:54,10.37,--,66,68442,买盘
1924,10:57:51,10.37,0.01,49,50812,买盘
1925,10:57:48,10.36,-0.01,195,202020,卖盘
1926,10:57:45,10.37,--,15,15554,卖盘
1927,10:57:42,10.37,--,63,65330,卖盘
1928,10:57:39,10.37,-0.01,11,11407,卖盘
1929,10:57:36,10.38,0.01,15,15570,买盘
1930,10:57:33,10.37,--,20,20740,卖盘
1931,10:57:27,10.37,--,63,65330,卖盘
1932,10:57:24,10.37,--,1,1037,卖盘
1933,10:57:18,10.37,--,12,12443,卖盘
1934,10:57:15,10.37,-0.01,3,3110,卖盘
1935,10:57:09,10.38,0.01,20,20760,买盘
1936,10:56:54,10.37,-0.01,9,9333,买盘
1937,10:56:51,10.38,0.01,189,196182,买盘
1938,10:56:48,10.37,0.01,1,1037,买盘
1939,10:56:45,10.36,-0.01,78,80808,卖盘
1940,10:56:42,10.37,--,20,20740,买盘
1941,10:56:39,10.37,--,237,245768,卖盘
1942,10:56:33,10.37,-0.01,91,94367,卖盘
1943,10:56:27,10.38,--,21,21798,买盘
1944,10:56:24,10.38,0.01,3,3114,买盘
1945,10:56:21,10.37,-0.01,114,118217,卖盘
1946,10:56:18,10.38,0.01,4,4152,买盘
1947,10:56:12,10.37,-0.01,20,20740,卖盘
1948,10:56:06,10.38,0.01,1,1038,买盘
1949,10:55:57,10.37,--,2,2074,卖盘
1950,10:55:54,10.37,-0.01,1,1037,卖盘
1951,10:55:45,10.38,--,38,39444,买盘
1952,10:55:39,10.38,--,7,7266,买盘
1953,10:55:36,10.38,--,5,5190,买盘
1954,10:55:33,10.38,0.01,1,1038,买盘
1955,10:55:30,10.37,-0.01,5,5185,卖盘
1956,10:55:27,10.38,0.01,7,7266,买盘
1957,10:55:24,10.37,-0.01,1,1037,卖盘
1958,10:55:12,10.38,--,10,10380,买盘
1959,10:55:03,10.38,0.01,25,25950,买盘
1960,10:54:57,10.37,--,20,20740,卖盘
1961,10:54:54,10.37,-0.01,5,5185,卖盘
1962,10:54:48,10.38,0.01,14,14532,买盘
1963,10:54:45,10.37,-0.01,28,29035,卖盘
1964,10:54:42,10.38,0.01,11,11418,买盘
1965,10:54:39,10.37,--,8,8296,买盘
1966,10:54:36,10.37,--,7,7258,买盘
1967,10:54:30,10.37,--,51,52886,买盘
1968,10:54:27,10.37,--,13,13480,买盘
1969,10:54:24,10.37,--,224,232287,买盘
1970,10:54:15,10.37,0.01,6,6221,中性盘
1971,10:54:09,10.36,-0.02,111,114996,卖盘
1972,10:54:06,10.38,0.01,1,1038,买盘
1973,10:53:57,10.37,--,356,369172,买盘
1974,10:53:54,10.37,--,18,18666,买盘
1975,10:53:51,10.37,0.01,165,171105,买盘
1976,10:53:48,10.36,--,28,29018,卖盘
1977,10:53:45,10.36,-0.01,25,25900,卖盘
1978,10:53:39,10.37,--,6,6221,买盘
1979,10:53:27,10.37,0.01,336,348432,买盘
1980,10:53:24,10.36,--,320,331520,卖盘
1981,10:53:21,10.36,-0.01,13,13468,卖盘
1982,10:53:12,10.37,0.01,6,6221,买盘
1983,10:53:09,10.36,--,7,7252,卖盘
1984,10:53:03,10.36,--,10,10360,卖盘
1985,10:53:00,10.36,--,30,31080,卖盘
1986,10:52:57,10.36,--,340,352820,买盘
1987,10:52:51,10.36,0.01,66,68376,买盘
1988,10:52:48,10.35,--,30,31050,卖盘
1989,10:52:39,10.35,-0.01,5,5175,卖盘
1990,10:52:36,10.36,--,1,1036,买盘
1991,10:52:27,10.36,--,54,55944,买盘
1992,10:52:24,10.36,--,56,58016,买盘
1993,10:52:18,10.36,--,5,5180,买盘
1994,10:52:12,10.36,--,1,1036,买盘
1995,10:52:09,10.36,--,30,31080,买盘
1996,10:52:06,10.36,--,12,12432,买盘
1997,10:51:57,10.36,0.01,40,41440,买盘
1998,10:51:54,10.35,--,23,23805,卖盘
1999,10:51:51,10.35,--,85,88999,卖盘
2000,10:51:45,10.35,--,1,1035,卖盘
2001,10:51:42,10.35,-0.01,22,22770,卖盘
2002,10:51:39,10.36,0.01,6,6216,买盘
2003,10:51:30,10.35,-0.01,5,5175,卖盘
2004,10:51:27,10.36,0.01,10,10360,买盘
2005,10:51:24,10.35,-0.01,23,23805,卖盘
2006,10:51:21,10.36,--,20,20720,买盘
2007,10:51:18,10.36,0.01,2,2072,买盘
2008,10:51:15,10.35,--,8,8280,卖盘
2009,10:51:00,10.35,-0.01,63,65205,卖盘
2010,10:50:57,10.36,--,51,52836,买盘
2011,10:50:54,10.36,--,1,1036,买盘
2012,10:50:51,10.36,--,70,72520,卖盘
2013,10:50:45,10.36,--,123,127428,卖盘
2014,10:50:39,10.36,--,57,59052,卖盘
2015,10:50:36,10.36,-0.01,4,4144,卖盘
2016,10:50:33,10.37,--,1,1037,买盘
2017,10:50:30,10.37,--,5,5185,买盘
2018,10:50:27,10.37,--,5,5185,买盘
2019,10:50:18,10.37,--,1,1037,买盘
2020,10:50:15,10.37,--,53,54960,买盘
2021,10:50:06,10.37,--,11,11407,买盘
2022,10:50:00,10.37,--,15,15554,买盘
2023,10:49:57,10.37,--,10,10370,买盘
2024,10:49:54,10.37,--,197,204288,买盘
2025,10:49:51,10.37,--,55,57034,卖盘
2026,10:49:48,10.37,--,38,39406,卖盘
2027,10:49:45,10.37,--,59,61182,买盘
2028,10:49:42,10.37,0.01,70,72590,买盘
2029,10:49:39,10.36,-0.02,62,64232,卖盘
2030,10:49:33,10.38,0.01,211,219018,买盘
2031,10:49:30,10.37,-0.01,10,10370,买盘
2032,10:49:27,10.38,0.02,22,22836,买盘
2033,10:49:21,10.36,-0.02,10,10360,卖盘
2034,10:49:18,10.38,0.01,378,392364,买盘
2035,10:49:15,10.37,--,3,3110,卖盘
2036,10:49:12,10.37,0.01,250,259249,买盘
2037,10:49:09,10.36,--,66,68376,卖盘
2038,10:49:06,10.36,0.01,1037,1075305,买盘
2039,10:48:57,10.35,--,63,65960,卖盘
2040,10:48:51,10.35,--,9,9315,卖盘
2041,10:48:48,10.35,--,254,263293,买盘
2042,10:48:45,10.35,--,163,168705,买盘
2043,10:48:42,10.35,--,11,11385,买盘
2044,10:48:36,10.35,--,10,10350,买盘
2045,10:48:33,10.35,--,4,4140,买盘
2046,10:48:30,10.35,--,418,433261,卖盘
2047,10:48:24,10.35,-0.01,225,232875,卖盘
2048,10:48:21,10.36,--,33,34188,买盘
2049,10:48:09,10.36,--,22,22792,买盘
2050,10:48:06,10.36,--,1,1036,买盘
2051,10:48:03,10.36,0.01,47,48692,买盘
2052,10:47:57,10.35,-0.01,43,45529,卖盘
2053,10:47:54,10.36,0.01,1,1036,买盘
2054,10:47:51,10.35,--,100,103500,卖盘
2055,10:47:48,10.35,-0.01,10,10764,卖盘
2056,10:47:45,10.36,--,68,70448,买盘
2057,10:47:42,10.36,--,23,23828,买盘
2058,10:47:39,10.36,--,5,5180,买盘
2059,10:47:27,10.36,--,180,186480,买盘
2060,10:47:24,10.36,--,24,24864,买盘
2061,10:47:12,10.36,--,20,20720,买盘
2062,10:47:06,10.36,--,10,10360,买盘
2063,10:47:00,10.36,--,29,30044,买盘
2064,10:46:51,10.36,--,15,15540,买盘
2065,10:46:48,10.36,0.01,252,261072,买盘
2066,10:46:45,10.35,-0.01,6,6210,卖盘
2067,10:46:42,10.36,--,88,91168,买盘
2068,10:46:33,10.36,-0.01,143,148148,卖盘
2069,10:46:30,10.37,--,32,33184,买盘
2070,10:46:27,10.37,--,176,182512,买盘
2071,10:46:15,10.37,--,310,321470,买盘
2072,10:46:12,10.37,--,37,38369,买盘
2073,10:46:09,10.37,--,33,34221,买盘
2074,10:46:06,10.37,0.01,1,1037,买盘
2075,10:46:03,10.36,--,15,16544,卖盘
2076,10:46:00,10.36,-0.01,13,13499,卖盘
2077,10:45:54,10.37,-0.01,424,440206,卖盘
2078,10:45:48,10.38,0.01,15,15570,买盘
2079,10:45:45,10.37,--,68,70516,卖盘
2080,10:45:42,10.37,--,15,15554,卖盘
2081,10:45:33,10.37,--,336,348711,卖盘
2082,10:45:30,10.37,-0.01,7,7258,卖盘
2083,10:45:27,10.38,0.01,10,10380,买盘
2084,10:45:24,10.37,-0.01,5,5185,卖盘
2085,10:45:21,10.38,--,12,12456,买盘
2086,10:45:15,10.38,--,9,9342,买盘
2087,10:45:12,10.38,0.01,67,69546,买盘
2088,10:45:09,10.37,--,56,58071,卖盘
2089,10:45:06,10.37,--,42,43554,卖盘
2090,10:45:03,10.37,-0.01,85,89171,卖盘
2091,10:45:00,10.38,--,12,12456,买盘
2092,10:44:57,10.38,--,36,37368,买盘
2093,10:44:54,10.38,--,82,85375,买盘
2094,10:44:45,10.38,0.01,11,11418,买盘
2095,10:44:42,10.37,--,45,46665,卖盘
2096,10:44:39,10.37,--,2,2074,卖盘
2097,10:44:21,10.37,--,6,6221,卖盘
2098,10:44:18,10.37,-0.01,15,15554,卖盘
2099,10:44:15,10.38,0.01,274,284412,买盘
2100,10:44:06,10.37,--,467,485305,买盘
2101,10:44:03,10.37,--,225,233324,买盘
2102,10:44:00,10.37,--,183,189771,买盘
2103,10:43:54,10.37,--,348,360876,买盘
2104,10:43:51,10.37,--,2,2074,买盘
2105,10:43:48,10.37,0.01,24,24887,买盘
2106,10:43:42,10.36,-0.01,23,23828,卖盘
2107,10:43:30,10.37,--,2,2074,买盘
2108,10:43:21,10.37,0.01,288,298656,买盘
2109,10:43:12,10.36,--,5,5791,买盘
2110,10:43:09,10.36,0.01,102,105672,买盘
2111,10:43:06,10.35,--,70,73474,卖盘
2112,10:43:03,10.35,-0.01,9,9315,中性盘
2113,10:42:57,10.36,--,200,207200,买盘
2114,10:42:54,10.36,--,181,187516,买盘
2115,10:42:51,10.36,0.01,115,119140,买盘
2116,10:42:48,10.35,--,105,108675,买盘
2117,10:42:45,10.35,-0.01,93,96255,卖盘
2118,10:42:42,10.36,--,231,239316,买盘
2119,10:42:36,10.36,0.01,100,103600,买盘
2120,10:42:30,10.35,--,10,10350,卖盘
2121,10:42:21,10.35,--,12,12420,卖盘
2122,10:42:18,10.35,0.01,25,25875,买盘
2123,10:42:15,10.34,-0.02,135,139590,卖盘
2124,10:42:12,10.36,0.01,379,392644,买盘
2125,10:42:09,10.35,-0.01,20,20700,卖盘
2126,10:42:06,10.36,--,79,81844,买盘
2127,10:42:03,10.36,--,9,9324,买盘
2128,10:41:51,10.36,0.01,15,15540,买盘
2129,10:41:48,10.35,-0.01,10,10350,卖盘
2130,10:41:45,10.36,0.01,3,3108,买盘
2131,10:41:33,10.35,-0.01,52,53820,卖盘
2132,10:41:30,10.36,0.01,20,20720,买盘
2133,10:41:27,10.35,--,83,85905,卖盘
2134,10:41:24,10.35,--,35,36225,卖盘
2135,10:41:18,10.35,--,30,31050,卖盘
2136,10:41:15,10.35,0.01,64,66240,买盘
2137,10:41:09,10.34,-0.01,58,60995,卖盘
2138,10:41:03,10.35,0.01,33,34155,买盘
2139,10:41:00,10.34,-0.01,86,88924,卖盘
2140,10:40:57,10.35,--,83,85905,买盘
2141,10:40:51,10.35,--,115,119025,买盘
2142,10:40:48,10.35,--,308,318780,买盘
2143,10:40:42,10.35,0.01,22,22770,买盘
2144,10:40:30,10.34,--,1,1034,卖盘
2145,10:40:27,10.34,-0.01,180,186120,卖盘
2146,10:40:24,10.35,-0.01,10,10350,卖盘
2147,10:40:21,10.36,0.01,134,138824,买盘
2148,10:40:15,10.35,--,18,18630,卖盘
2149,10:40:12,10.35,--,37,39319,卖盘
2150,10:40:09,10.35,--,122,126270,买盘
2151,10:40:06,10.35,--,11,11385,买盘
2152,10:40:03,10.35,--,26,26910,买盘
2153,10:40:00,10.35,--,25,25875,买盘
2154,10:39:57,10.35,--,8,8280,买盘
2155,10:39:54,10.35,--,15,15525,买盘
2156,10:39:51,10.35,0.01,46,47610,买盘
2157,10:39:48,10.34,-0.01,121,125114,卖盘
2158,10:39:42,10.35,--,15,15525,买盘
2159,10:39:39,10.35,--,25,25875,卖盘
2160,10:39:36,10.35,-0.01,71,73485,卖盘
2161,10:39:30,10.36,0.01,2,2072,买盘
2162,10:39:24,10.35,-0.01,10,10350,卖盘
2163,10:39:18,10.36,0.01,331,342916,买盘
2164,10:39:15,10.35,--,55,56925,卖盘
2165,10:39:12,10.35,--,38,39330,卖盘
2166,10:39:09,10.35,-0.01,86,89010,卖盘
2167,10:39:06,10.36,0.01,48,49728,买盘
2168,10:39:03,10.35,-0.01,508,525780,卖盘
2169,10:39:00,10.36,0.01,535,554260,买盘
2170,10:38:57,10.35,--,40,41400,卖盘
2171,10:38:54,10.35,--,25,25875,卖盘
2172,10:38:51,10.35,-0.01,39,40365,卖盘
2173,10:38:48,10.36,0.01,121,125356,买盘
2174,10:38:42,10.35,--,202,209070,卖盘
2175,10:38:36,10.35,-0.01,45,46575,卖盘
2176,10:38:33,10.36,0.01,323,334628,买盘
2177,10:38:27,10.35,--,8,8280,卖盘
2178,10:38:24,10.35,--,586,606924,买盘
2179,10:38:18,10.35,0.01,2,2070,买盘
2180,10:38:15,10.34,-0.01,29,29986,卖盘
2181,10:38:03,10.35,0.01,6,6210,买盘
2182,10:37:57,10.34,-0.01,48,49632,卖盘
2183,10:37:51,10.35,--,11,11385,买盘
2184,10:37:48,10.35,--,51,52785,买盘
2185,10:37:42,10.35,0.01,100,103500,买盘
2186,10:37:39,10.34,--,10,10340,卖盘
2187,10:37:36,10.34,--,3,3102,卖盘
2188,10:37:27,10.34,--,6,6204,卖盘
2189,10:37:18,10.34,--,99,102366,卖盘
2190,10:37:15,10.34,--,28,29975,卖盘
2191,10:37:09,10.34,--,13,14465,买盘
2192,10:37:06,10.34,0.01,10,10340,买盘
2193,10:37:03,10.33,-0.01,79,81617,卖盘
2194,10:37:00,10.34,--,107,111661,买盘
2195,10:36:57,10.34,--,6,6204,买盘
2196,10:36:54,10.34,--,2,2068,买盘
2197,10:36:51,10.34,--,16,16544,买盘
2198,10:36:45,10.34,--,14,14476,买盘
2199,10:36:42,10.34,--,22,22748,买盘
2200,10:36:36,10.34,--,10,10340,买盘
2201,10:36:33,10.34,--,24,24816,买盘
2202,10:36:30,10.34,--,8,8272,买盘
2203,10:36:21,10.34,--,102,105468,买盘
2204,10:36:18,10.34,-0.01,117,120978,卖盘
2205,10:36:15,10.35,0.01,22,22770,买盘
2206,10:36:06,10.34,--,1,1034,买盘
2207,10:36:03,10.34,--,19,19646,买盘
2208,10:35:57,10.34,--,36,37224,买盘
2209,10:35:48,10.34,--,4,4136,买盘
2210,10:35:45,10.34,0.01,217,224378,买盘
2211,10:35:42,10.33,--,51,52683,卖盘
2212,10:35:39,10.33,--,5,5165,卖盘
2213,10:35:36,10.33,-0.01,20,20660,卖盘
2214,10:35:33,10.34,0.01,21,21714,买盘
2215,10:35:30,10.33,--,5,5165,卖盘
2216,10:35:27,10.33,--,1,1033,卖盘
2217,10:35:24,10.33,-0.01,31,32023,卖盘
2218,10:35:21,10.34,0.01,24,24857,买盘
2219,10:35:18,10.33,-0.01,14,15453,卖盘
2220,10:35:15,10.34,0.01,76,78584,买盘
2221,10:35:12,10.33,--,12,12396,卖盘
2222,10:35:09,10.33,--,7,7231,卖盘
2223,10:35:06,10.33,-0.01,76,78828,卖盘
2224,10:35:03,10.34,0.01,204,211070,买盘
2225,10:34:54,10.33,--,20,20660,买盘
2226,10:34:48,10.33,0.01,15,15495,买盘
2227,10:34:45,10.32,--,11,11352,卖盘
2228,10:34:42,10.32,-0.01,118,121776,卖盘
2229,10:34:39,10.33,0.01,10,10330,买盘
2230,10:34:33,10.32,--,39,40248,卖盘
2231,10:34:24,10.32,--,29,29928,卖盘
2232,10:34:21,10.32,-0.01,27,28885,卖盘
2233,10:34:18,10.33,0.01,20,20660,买盘
2234,10:34:12,10.32,--,7,7224,卖盘
2235,10:34:09,10.32,-0.01,10,10320,卖盘
2236,10:34:06,10.33,--,21,21693,卖盘
2237,10:33:57,10.33,--,1,1033,卖盘
2238,10:33:54,10.33,-0.01,198,204534,买盘
2239,10:33:51,10.34,0.01,58,59972,买盘
2240,10:33:48,10.33,0.01,2,2066,买盘
2241,10:33:45,10.32,-0.01,635,656331,卖盘
2242,10:33:39,10.33,--,2,2066,买盘
2243,10:33:36,10.33,--,7,7231,买盘
2244,10:33:33,10.33,-0.01,413,426649,卖盘
2245,10:33:30,10.34,0.01,155,160270,买盘
2246,10:33:27,10.33,--,1069,1104277,卖盘
2247,10:33:24,10.33,-0.01,49,51639,卖盘
2248,10:33:15,10.34,0.01,20,20680,买盘
2249,10:33:12,10.33,-0.01,5,5165,卖盘
2250,10:33:06,10.34,--,33,34122,买盘
2251,10:33:03,10.34,0.01,2,2068,买盘
2252,10:33:00,10.33,--,550,568150,卖盘
2253,10:32:51,10.33,-0.01,1,1033,卖盘
2254,10:32:42,10.34,0.01,25,25850,中性盘
2255,10:32:30,10.33,-0.01,862,890446,卖盘
2256,10:32:27,10.34,--,27,28941,卖盘
2257,10:32:18,10.34,--,28,28952,卖盘
2258,10:32:15,10.34,--,17,17578,卖盘
2259,10:32:12,10.34,--,40,41360,卖盘
2260,10:32:06,10.34,--,101,104434,卖盘
2261,10:31:57,10.34,--,20,20680,卖盘
2262,10:31:54,10.34,--,50,51700,卖盘
2263,10:31:51,10.34,-0.01,20,20680,卖盘
2264,10:31:48,10.35,--,15,15525,买盘
2265,10:31:45,10.35,--,11,11385,买盘
2266,10:31:42,10.35,--,16,16560,买盘
2267,10:31:36,10.35,0.01,40,41400,买盘
2268,10:31:33,10.34,--,200,206800,卖盘
2269,10:31:30,10.34,--,10,10340,卖盘
2270,10:31:27,10.34,--,39,40326,卖盘
2271,10:31:24,10.34,-0.01,200,206800,卖盘
2272,10:31:15,10.35,0.01,22,22770,买盘
2273,10:31:09,10.34,-0.01,89,92026,卖盘
2274,10:31:06,10.35,0.01,1,1035,买盘
2275,10:31:03,10.34,--,200,206800,卖盘
2276,10:31:00,10.34,-0.01,57,58938,卖盘
2277,10:30:54,10.35,--,20,20700,卖盘
2278,10:30:51,10.35,--,44,45540,卖盘
2279,10:30:48,10.35,-0.01,26,26910,卖盘
2280,10:30:45,10.36,0.01,54,55944,买盘
2281,10:30:42,10.35,-0.01,97,100395,卖盘
2282,10:30:39,10.36,--,22,22792,买盘
2283,10:30:33,10.36,--,10,10360,买盘
2284,10:30:27,10.36,0.01,3,3108,买盘
2285,10:30:24,10.35,-0.01,5,5175,卖盘
2286,10:30:15,10.36,0.01,51,52836,买盘
2287,10:30:12,10.35,--,180,186300,卖盘
2288,10:30:00,10.35,-0.01,7,7762,卖盘
2289,10:29:54,10.36,--,71,73556,买盘
2290,10:29:51,10.36,--,15,15540,买盘
2291,10:29:48,10.36,--,20,20720,买盘
2292,10:29:45,10.36,0.01,3,3108,买盘
2293,10:29:39,10.35,--,10,10350,卖盘
2294,10:29:30,10.35,--,20,21217,卖盘
2295,10:29:24,10.35,-0.01,15,15525,卖盘
2296,10:29:18,10.36,0.01,136,140896,买盘
2297,10:29:15,10.35,-0.01,8,8280,卖盘
2298,10:29:12,10.36,--,305,316757,买盘
2299,10:29:09,10.36,0.01,6,6216,买盘
2300,10:29:06,10.35,-0.01,50,51750,卖盘
2301,10:29:00,10.36,0.01,248,256928,买盘
2302,10:28:48,10.35,-0.01,162,167670,卖盘
2303,10:28:45,10.36,0.01,214,221704,买盘
2304,10:28:36,10.35,-0.01,49,50715,卖盘
2305,10:28:33,10.36,0.01,10,10360,买盘
2306,10:28:30,10.35,--,24,25243,卖盘
2307,10:28:24,10.35,-0.01,53,54855,卖盘
2308,10:28:21,10.36,--,3,3108,买盘
2309,10:28:18,10.36,--,58,60088,买盘
2310,10:28:09,10.36,--,37,38332,买盘
2311,10:28:06,10.36,0.01,105,108780,买盘
2312,10:28:00,10.35,-0.01,105,108675,卖盘
2313,10:27:57,10.36,--,27,27972,买盘
2314,10:27:54,10.36,0.01,10,10360,买盘
2315,10:27:45,10.35,-0.01,38,39330,卖盘
2316,10:27:42,10.36,--,25,25900,买盘
2317,10:27:39,10.36,--,30,31080,买盘
2318,10:27:36,10.36,--,22,22792,买盘
2319,10:27:33,10.36,--,30,31960,买盘
2320,10:27:30,10.36,--,10,10360,买盘
2321,10:27:27,10.36,0.01,10,10360,买盘
2322,10:27:24,10.35,-0.01,13,13455,卖盘
2323,10:27:21,10.36,--,82,84952,买盘
2324,10:27:15,10.36,0.01,54,55944,买盘
2325,10:27:12,10.35,--,105,108675,卖盘
2326,10:27:09,10.35,-0.01,3,3105,卖盘
2327,10:27:03,10.36,0.01,1,1036,买盘
2328,10:27:00,10.35,--,22,22770,卖盘
2329,10:26:54,10.35,-0.01,66,68310,卖盘
2330,10:26:51,10.36,0.01,152,157472,买盘
2331,10:26:48,10.35,--,14,14490,卖盘
2332,10:26:45,10.35,--,64,66240,卖盘
2333,10:26:42,10.35,--,117,121353,卖盘
2334,10:26:36,10.35,-0.01,27,28969,卖盘
2335,10:26:33,10.36,0.01,33,34188,买盘
2336,10:26:30,10.35,-0.01,15,15525,卖盘
2337,10:26:27,10.36,0.01,119,123284,买盘
2338,10:26:24,10.35,--,194,200790,卖盘
2339,10:26:21,10.35,-0.01,10,10350,卖盘
2340,10:26:09,10.36,--,1,1036,买盘
2341,10:26:06,10.36,0.01,20,20720,买盘
2342,10:25:57,10.35,-0.01,9,9315,卖盘
2343,10:25:45,10.36,0.01,25,25900,买盘
2344,10:25:39,10.35,-0.01,50,51750,卖盘
2345,10:25:36,10.36,-0.01,22,23734,卖盘
2346,10:25:33,10.37,0.01,125,129624,买盘
2347,10:25:30,10.36,--,13,13468,卖盘
2348,10:25:27,10.36,--,496,513856,卖盘
2349,10:25:21,10.36,--,15,15540,卖盘
2350,10:25:18,10.36,--,20,20720,卖盘
2351,10:25:15,10.36,-0.01,504,522144,卖盘
2352,10:25:09,10.37,0.01,9,9333,买盘
2353,10:25:03,10.36,-0.01,105,108780,卖盘
2354,10:25:00,10.37,--,35,36295,买盘
2355,10:24:54,10.37,--,2,2074,买盘
2356,10:24:45,10.37,--,15,15554,买盘
2357,10:24:39,10.37,0.01,29,31089,买盘
2358,10:24:36,10.36,-0.01,5,5180,卖盘
2359,10:24:33,10.37,--,47,48738,买盘
2360,10:24:30,10.37,--,114,118228,卖盘
2361,10:24:27,10.37,--,18,18666,卖盘
2362,10:24:24,10.37,--,126,130661,卖盘
2363,10:24:21,10.37,--,450,466649,卖盘
2364,10:24:18,10.37,--,40,41480,卖盘
2365,10:24:15,10.37,-0.01,50,51849,卖盘
2366,10:24:09,10.38,0.01,20,20760,买盘
2367,10:24:06,10.37,--,32,33184,卖盘
2368,10:24:03,10.37,-0.01,83,86071,卖盘
2369,10:23:57,10.38,0.01,6,6228,买盘
2370,10:23:51,10.37,--,14,14517,卖盘
2371,10:23:48,10.37,-0.01,18,18666,卖盘
2372,10:23:42,10.38,0.01,1005,1043190,买盘
2373,10:23:39,10.37,--,27,29025,卖盘
2374,10:23:36,10.37,--,14,14517,买盘
2375,10:23:33,10.37,-0.01,119,123402,卖盘
2376,10:23:30,10.38,0.01,66,68508,买盘
2377,10:23:27,10.37,--,22,22814,买盘
2378,10:23:18,10.37,--,21,21777,买盘
2379,10:23:15,10.37,-0.01,1,1037,中性盘
2380,10:23:12,10.38,--,55,57505,买盘
2381,10:23:09,10.38,--,7,7266,买盘
2382,10:23:06,10.38,--,163,169194,买盘
2383,10:23:03,10.38,0.01,850,882300,买盘
2384,10:22:57,10.37,-0.01,15,16550,卖盘
2385,10:22:54,10.38,0.01,20,20760,买盘
2386,10:22:51,10.37,-0.01,429,444872,卖盘
2387,10:22:48,10.38,--,43,44634,买盘
2388,10:22:45,10.38,0.01,15,15570,买盘
2389,10:22:42,10.37,--,28,29035,卖盘
2390,10:22:39,10.37,-0.01,500,518499,卖盘
2391,10:22:33,10.38,--,84,87192,买盘
2392,10:22:27,10.38,--,113,118072,卖盘
2393,10:22:24,10.38,--,230,238740,卖盘
2394,10:22:21,10.38,0.01,156,162187,买盘
2395,10:22:18,10.37,--,15,16218,卖盘
2396,10:22:15,10.37,-0.01,90,93330,卖盘
2397,10:22:12,10.38,--,194,202150,卖盘
2398,10:22:09,10.38,--,238,247303,买盘
2399,10:22:06,10.38,0.01,1,1038,买盘
2400,10:22:03,10.37,--,14,14517,卖盘
2401,10:22:00,10.37,-0.01,310,321470,卖盘
2402,10:21:57,10.38,--,115,119370,买盘
2403,10:21:54,10.38,0.01,20,20760,买盘
2404,10:21:51,10.37,-0.01,500,518499,卖盘
2405,10:21:48,10.38,--,60,62280,买盘
2406,10:21:45,10.38,--,33,34254,买盘
2407,10:21:42,10.38,--,19,19722,买盘
2408,10:21:39,10.38,--,30,31140,买盘
2409,10:21:36,10.38,0.01,15,15570,买盘
2410,10:21:33,10.37,--,126,130661,卖盘
2411,10:21:30,10.37,-0.01,32,33184,卖盘
2412,10:21:24,10.38,--,321,333717,卖盘
2413,10:21:21,10.38,-0.01,6,6228,卖盘
2414,10:21:18,10.39,-0.01,161,167279,中性盘
2415,10:21:12,10.4,0.02,485,504920,买盘
2416,10:21:06,10.38,--,226,234588,买盘
2417,10:21:03,10.38,-0.02,50,51900,买盘
2418,10:21:00,10.4,--,30,31200,买盘
2419,10:20:57,10.4,--,988,1028258,卖盘
2420,10:20:54,10.4,0.01,476,495341,买盘
2421,10:20:51,10.39,-0.01,382,397313,卖盘
2422,10:20:48,10.4,--,474,493968,卖盘
2423,10:20:45,10.4,--,1753,1823775,买盘
2424,10:20:42,10.4,0.01,500,520665,买盘
2425,10:20:39,10.39,--,85,88315,买盘
2426,10:20:36,10.39,-0.01,66,68574,买盘
2427,10:20:33,10.4,0.02,79,82160,买盘
2428,10:20:30,10.38,--,969,1005822,卖盘
2429,10:20:24,10.38,-0.02,8,8304,卖盘
2430,10:20:21,10.4,--,520,541216,卖盘
2431,10:20:18,10.4,0.03,444,462384,买盘
2432,10:20:15,10.37,--,630,653310,卖盘
2433,10:20:12,10.37,--,30,31109,卖盘
2434,10:20:09,10.37,-0.01,50,51849,卖盘
2435,10:20:06,10.38,0.02,15,15570,买盘
2436,10:20:03,10.36,--,169,175197,买盘
2437,10:20:00,10.36,--,7323,7586628,买盘
2438,10:19:54,10.36,0.01,112,116032,买盘
2439,10:19:51,10.35,--,101,104535,卖盘
2440,10:19:48,10.35,--,109,112815,卖盘
2441,10:19:42,10.35,-0.01,101,104535,卖盘
2442,10:19:39,10.36,--,868,899248,买盘
2443,10:19:36,10.36,--,310,321160,买盘
2444,10:19:33,10.36,0.01,66,68376,买盘
2445,10:19:30,10.35,--,106,110331,卖盘
2446,10:19:21,10.35,--,108,111780,卖盘
2447,10:19:18,10.35,0.01,1504,1556640,买盘
2448,10:19:15,10.34,--,100,103400,卖盘
2449,10:19:12,10.34,-0.01,15,15510,卖盘
2450,10:19:09,10.35,--,13,13455,买盘
2451,10:19:06,10.35,--,229,237015,买盘
2452,10:19:03,10.35,--,83,85905,买盘
2453,10:18:57,10.35,0.03,6,6210,买盘
2454,10:18:48,10.32,-0.03,109,113107,卖盘
2455,10:18:42,10.35,--,300,310500,买盘
2456,10:18:39,10.35,--,205,212796,卖盘
2457,10:18:36,10.35,--,10,10350,卖盘
2458,10:18:33,10.35,--,26,26910,卖盘
2459,10:18:30,10.35,--,4,4150,卖盘
2460,10:18:27,10.35,0.04,10354,10716855,买盘
2461,10:18:24,10.31,--,1,1031,卖盘
2462,10:18:12,10.31,--,1,1031,卖盘
2463,10:18:09,10.31,-0.01,118,121658,卖盘
2464,10:18:06,10.32,0.01,200,206400,买盘
2465,10:18:03,10.31,--,310,319610,卖盘
2466,10:17:57,10.31,--,26,27424,卖盘
2467,10:17:54,10.31,--,11,11341,卖盘
2468,10:17:51,10.31,--,35,36085,卖盘
2469,10:17:48,10.31,--,18,18558,卖盘
2470,10:17:45,10.31,--,5,5155,卖盘
2471,10:17:42,10.31,-0.01,1,1031,卖盘
2472,10:17:36,10.32,0.01,15,15480,买盘
2473,10:17:33,10.31,-0.01,12,12372,卖盘
2474,10:17:30,10.32,0.01,32,33024,买盘
2475,10:17:27,10.31,--,50,51550,卖盘
2476,10:17:24,10.31,--,30,30930,卖盘
2477,10:17:18,10.31,--,109,112379,卖盘
2478,10:17:15,10.31,--,5,5155,卖盘
2479,10:17:12,10.31,-0.01,203,209293,卖盘
2480,10:17:09,10.32,0.01,144,148608,买盘
2481,10:17:06,10.31,--,15,15465,卖盘
2482,10:17:03,10.31,0.01,1498,1544809,买盘
2483,10:17:00,10.3,--,11,11360,卖盘
2484,10:16:57,10.3,--,13,13431,卖盘
2485,10:16:54,10.3,--,4,5067,卖盘
2486,10:16:51,10.3,-0.01,9,9270,卖盘
2487,10:16:45,10.31,--,2001,2063031,买盘
2488,10:16:39,10.31,--,22,22682,买盘
2489,10:16:36,10.31,-0.01,10,10310,卖盘
2490,10:16:33,10.32,0.01,253,261096,买盘
2491,10:16:30,10.31,--,89,91759,卖盘
2492,10:16:27,10.31,--,20,20620,卖盘
2493,10:16:24,10.31,--,45,46395,卖盘
2494,10:16:18,10.31,--,1,1031,卖盘
2495,10:16:15,10.31,--,46,47426,卖盘
2496,10:16:09,10.31,-0.01,10,10310,卖盘
2497,10:16:06,10.32,0.01,206,212592,买盘
2498,10:16:00,10.31,-0.01,209,215479,卖盘
2499,10:15:57,10.32,--,538,555474,卖盘
2500,10:15:54,10.32,--,387,399714,卖盘
2501,10:15:51,10.32,--,12,12384,卖盘
2502,10:15:48,10.32,--,176,181632,卖盘
2503,10:15:45,10.32,--,38,39422,卖盘
2504,10:15:42,10.32,--,1014,1046448,卖盘
2505,10:15:39,10.32,--,195,201240,卖盘
2506,10:15:36,10.32,--,3108,3207476,买盘
2507,10:15:33,10.32,0.01,15,15480,买盘
2508,10:15:30,10.31,--,128,131968,卖盘
2509,10:15:27,10.31,--,16,16496,卖盘
2510,10:15:21,10.31,--,289,297959,卖盘
2511,10:15:18,10.31,-0.01,7,7217,卖盘
2512,10:15:15,10.32,0.01,76,78432,买盘
2513,10:15:12,10.31,-0.01,342,353303,卖盘
2514,10:15:06,10.32,0.01,1,1032,买盘
2515,10:15:03,10.31,-0.01,6,6186,卖盘
2516,10:14:57,10.32,0.01,20,20640,买盘
2517,10:14:54,10.31,--,56,58756,卖盘
2518,10:14:51,10.31,--,5,5155,卖盘
2519,10:14:48,10.31,--,10,10310,卖盘
2520,10:14:39,10.31,-0.01,89,91759,卖盘
2521,10:14:36,10.32,0.01,15,15480,买盘
2522,10:14:33,10.31,--,23,23713,卖盘
2523,10:14:24,10.31,-0.01,1,1031,卖盘
2524,10:14:18,10.32,0.01,2,2064,买盘
2525,10:14:12,10.31,-0.01,289,297959,卖盘
2526,10:14:09,10.32,0.01,70,72240,买盘
2527,10:14:06,10.31,-0.01,13,13444,卖盘
2528,10:14:03,10.32,0.01,5,5160,买盘
2529,10:14:00,10.31,-0.01,5,5155,卖盘
2530,10:13:57,10.32,0.01,34,36078,买盘
2531,10:13:51,10.31,--,13,13403,卖盘
2532,10:13:45,10.31,--,10,10310,卖盘
2533,10:13:42,10.31,--,20,20620,卖盘
2534,10:13:39,10.31,--,10,10310,卖盘
2535,10:13:36,10.31,--,51,52581,卖盘
2536,10:13:33,10.31,-0.01,40,41240,卖盘
2537,10:13:30,10.32,0.01,10,10320,买盘
2538,10:13:21,10.31,--,400,412400,卖盘
2539,10:13:18,10.31,-0.01,3,3093,卖盘
2540,10:13:15,10.32,--,1,1032,买盘
2541,10:13:12,10.32,--,200,206400,买盘
2542,10:13:06,10.32,--,1,1032,买盘
2543,10:13:03,10.32,0.01,14,14448,买盘
2544,10:13:00,10.31,-0.01,28,28868,卖盘
2545,10:12:54,10.32,0.01,5,5160,买盘
2546,10:12:51,10.31,--,110,113410,卖盘
2547,10:12:48,10.31,-0.01,2,2062,卖盘
2548,10:12:45,10.32,0.01,70,72240,买盘
2549,10:12:42,10.31,-0.01,195,201045,卖盘
2550,10:12:39,10.32,--,39,40248,买盘
2551,10:12:33,10.32,0.01,77,79464,买盘
2552,10:12:30,10.31,--,200,206200,卖盘
2553,10:12:27,10.31,--,10,10310,卖盘
2554,10:12:24,10.31,--,2,2062,卖盘
2555,10:12:18,10.31,--,3,3093,卖盘
2556,10:12:09,10.31,-0.01,100,103100,卖盘
2557,10:12:06,10.32,0.01,200,206400,买盘
2558,10:12:00,10.31,-0.01,29,29899,卖盘
2559,10:11:54,10.32,0.01,170,175440,买盘
2560,10:11:51,10.31,--,15,15465,卖盘
2561,10:11:45,10.31,--,380,391780,卖盘
2562,10:11:42,10.31,--,6,6186,卖盘
2563,10:11:39,10.31,--,6,6186,卖盘
2564,10:11:36,10.31,--,92,95707,买盘
2565,10:11:33,10.31,--,101,104131,买盘
2566,10:11:21,10.31,--,12,12372,买盘
2567,10:11:18,10.31,--,5,5155,买盘
2568,10:11:12,10.31,--,10,10485,卖盘
2569,10:11:09,10.31,-0.01,20,20620,卖盘
2570,10:11:06,10.32,0.01,201,207432,买盘
2571,10:11:03,10.31,--,28,28868,卖盘
2572,10:10:57,10.31,-0.01,106,109286,卖盘
2573,10:10:51,10.32,--,20,20640,买盘
2574,10:10:48,10.32,0.01,22,22704,买盘
2575,10:10:45,10.31,-0.01,2021,2083651,卖盘
2576,10:10:39,10.32,0.01,28,28896,买盘
2577,10:10:33,10.31,--,21,21651,卖盘
2578,10:10:30,10.31,--,172,177332,卖盘
2579,10:10:24,10.31,--,49,50519,卖盘
2580,10:10:21,10.31,-0.01,23,23713,卖盘
2581,10:10:18,10.32,-0.01,432,446577,卖盘
2582,10:10:15,10.33,0.01,49,50617,买盘
2583,10:10:12,10.32,-0.01,759,783680,卖盘
2584,10:10:09,10.33,0.01,1626,1679658,买盘
2585,10:10:06,10.32,--,41,42312,卖盘
2586,10:10:03,10.32,--,18,18576,卖盘
2587,10:10:00,10.32,-0.01,89,91848,卖盘
2588,10:09:57,10.33,0.01,145,149785,买盘
2589,10:09:54,10.32,-0.01,50,51600,卖盘
2590,10:09:51,10.33,0.01,9,9297,买盘
2591,10:09:48,10.32,--,50,51600,卖盘
2592,10:09:45,10.32,--,327,337464,卖盘
2593,10:09:42,10.32,--,101,104232,卖盘
2594,10:09:36,10.32,--,228,235296,卖盘
2595,10:09:33,10.32,-0.01,30,30960,卖盘
2596,10:09:30,10.33,0.01,80,82640,买盘
2597,10:09:24,10.32,--,34,35088,卖盘
2598,10:09:18,10.32,--,101,104232,卖盘
2599,10:09:15,10.32,-0.01,63,65016,卖盘
2600,10:09:12,10.33,0.01,64,66112,买盘
2601,10:09:09,10.32,--,6,6192,卖盘
2602,10:09:06,10.32,--,229,236328,卖盘
2603,10:09:03,10.32,--,68,70176,卖盘
2604,10:09:00,10.32,-0.01,110,113520,卖盘
2605,10:08:57,10.33,--,337,348121,买盘
2606,10:08:54,10.33,0.01,33,34089,买盘
2607,10:08:51,10.32,--,114,117648,卖盘
2608,10:08:48,10.32,--,138,142416,卖盘
2609,10:08:45,10.32,--,98,101136,卖盘
2610,10:08:42,10.32,-0.01,25,25800,卖盘
2611,10:08:36,10.33,0.01,14,14462,买盘
2612,10:08:21,10.32,-0.01,83,85656,卖盘
2613,10:08:18,10.33,--,108,111564,买盘
2614,10:08:15,10.33,--,4,4132,买盘
2615,10:08:12,10.33,0.01,492,508236,买盘
2616,10:08:09,10.32,--,37,39205,卖盘
2617,10:08:06,10.32,-0.01,18,18576,卖盘
2618,10:08:00,10.33,--,97,100201,买盘
2619,10:07:54,10.33,0.01,31,32023,买盘
2620,10:07:51,10.32,-0.01,49,50568,卖盘
2621,10:07:48,10.33,0.01,15,15495,买盘
2622,10:07:42,10.32,-0.01,19,19608,卖盘
2623,10:07:39,10.33,--,15,15495,买盘
2624,10:07:33,10.33,--,20,20660,买盘
2625,10:07:30,10.33,0.01,60,61980,买盘
2626,10:07:27,10.32,-0.01,5,5160,卖盘
2627,10:07:24,10.33,--,4,4132,买盘
2628,10:07:18,10.33,0.01,2,2066,买盘
2629,10:07:15,10.32,-0.01,15,15480,卖盘
2630,10:07:12,10.33,0.01,15,15525,买盘
2631,10:07:09,10.32,-0.01,80,83540,卖盘
2632,10:07:06,10.33,0.01,201,207633,买盘
2633,10:07:00,10.32,--,9,9288,卖盘
2634,10:06:57,10.32,-0.01,30,30960,卖盘
2635,10:06:54,10.33,--,92,95036,买盘
2636,10:06:45,10.33,--,485,501005,买盘
2637,10:06:42,10.33,--,8,8264,买盘
2638,10:06:39,10.33,--,20,20660,买盘
2639,10:06:33,10.33,0.01,45,46485,买盘
2640,10:06:30,10.32,-0.01,180,185760,卖盘
2641,10:06:27,10.33,--,10,10330,买盘
2642,10:06:18,10.33,--,22,22726,买盘
2643,10:06:15,10.33,--,277,286141,买盘
2644,10:06:12,10.33,--,44,45452,买盘
2645,10:06:06,10.33,--,222,229326,买盘
2646,10:06:00,10.33,0.01,39,40287,买盘
2647,10:05:57,10.32,--,73,75336,卖盘
2648,10:05:54,10.32,--,125,129000,卖盘
2649,10:05:42,10.32,-0.01,10,10320,卖盘
2650,10:05:39,10.33,0.01,15,15495,买盘
2651,10:05:33,10.32,--,70,72240,卖盘
2652,10:05:30,10.32,-0.01,10,10320,卖盘
2653,10:05:27,10.33,--,1,1033,买盘
2654,10:05:24,10.33,0.01,17,17561,买盘
2655,10:05:12,10.32,--,229,236328,卖盘
2656,10:05:09,10.32,-0.01,7,7224,卖盘
2657,10:05:06,10.33,--,50,51650,买盘
2658,10:05:03,10.33,--,601,620833,买盘
2659,10:04:48,10.33,--,80,82640,买盘
2660,10:04:42,10.33,0.01,22,22726,买盘
2661,10:04:36,10.32,--,51,52632,卖盘
2662,10:04:30,10.32,--,109,112488,卖盘
2663,10:04:21,10.32,--,87,89784,卖盘
2664,10:04:15,10.32,-0.01,28,28896,卖盘
2665,10:04:06,10.33,--,200,206600,买盘
2666,10:04:03,10.33,0.01,33,34089,买盘
2667,10:03:48,10.32,-0.01,19,19608,卖盘
2668,10:03:39,10.33,0.01,6,6198,买盘
2669,10:03:36,10.32,--,404,416928,卖盘
2670,10:03:33,10.32,-0.01,182,187824,卖盘
2671,10:03:30,10.33,--,220,227260,买盘
2672,10:03:24,10.33,0.01,2,2066,买盘
2673,10:03:18,10.32,--,59,60888,卖盘
2674,10:03:15,10.32,--,41,42312,卖盘
2675,10:03:12,10.32,--,680,701760,卖盘
2676,10:03:06,10.32,--,295,304440,卖盘
2677,10:03:03,10.32,--,48,49536,卖盘
2678,10:02:57,10.32,--,49,50568,卖盘
2679,10:02:48,10.32,-0.01,64,66048,卖盘
2680,10:02:42,10.33,--,250,258250,买盘
2681,10:02:36,10.33,--,25,25825,买盘
2682,10:02:33,10.33,--,14,14462,买盘
2683,10:02:30,10.33,0.01,3,3099,买盘
2684,10:02:27,10.32,-0.01,68,70176,卖盘
2685,10:02:24,10.33,0.01,10,10330,买盘
2686,10:02:21,10.32,--,63,65016,卖盘
2687,10:02:18,10.32,--,161,166152,卖盘
2688,10:02:15,10.32,-0.01,16,16512,卖盘
2689,10:02:12,10.33,--,62,64046,买盘
2690,10:02:09,10.33,0.01,10,10330,买盘
2691,10:02:06,10.32,-0.01,225,232200,卖盘
2692,10:02:03,10.33,0.01,154,159082,买盘
2693,10:02:00,10.32,-0.01,112,115584,卖盘
2694,10:01:57,10.33,--,102,105366,买盘
2695,10:01:54,10.33,0.01,421,434893,买盘
2696,10:01:51,10.32,--,49,50568,卖盘
2697,10:01:45,10.32,-0.01,15,15480,卖盘
2698,10:01:39,10.33,--,20,20660,买盘
2699,10:01:36,10.33,--,3,3099,买盘
2700,10:01:33,10.33,--,30,30990,买盘
2701,10:01:30,10.33,0.01,70,72310,买盘
2702,10:01:27,10.32,--,180,185760,卖盘
2703,10:01:24,10.32,--,20,20640,卖盘
2704,10:01:21,10.32,--,102,106285,卖盘
2705,10:01:18,10.32,-0.01,147,151704,卖盘
2706,10:01:15,10.33,--,53,54749,买盘
2707,10:01:12,10.33,--,736,760288,买盘
2708,10:01:09,10.33,0.01,228,235524,买盘
2709,10:01:03,10.32,--,331,341592,卖盘
2710,10:01:00,10.32,--,32,33024,卖盘
2711,10:00:57,10.32,--,8,8256,卖盘
2712,10:00:45,10.32,--,13,13416,卖盘
2713,10:00:42,10.32,--,83,85656,卖盘
2714,10:00:39,10.32,--,96,99072,卖盘
2715,10:00:36,10.32,--,195,201240,卖盘
2716,10:00:30,10.32,--,490,506639,买盘
2717,10:00:27,10.32,0.01,195,201240,买盘
2718,10:00:24,10.31,--,91,94841,卖盘
2719,10:00:21,10.31,--,192,197952,卖盘
2720,10:00:18,10.31,-0.01,75,77325,卖盘
2721,10:00:15,10.32,0.01,197,203304,买盘
2722,10:00:09,10.31,-0.01,63,64953,卖盘
2723,10:00:06,10.32,0.01,206,212592,买盘
2724,10:00:03,10.31,--,38,39178,卖盘
2725,09:59:54,10.31,-0.01,194,200014,卖盘
2726,09:59:45,10.32,0.01,105,108360,买盘
2727,09:59:39,10.31,-0.01,62,63922,卖盘
2728,09:59:36,10.32,--,15,15480,买盘
2729,09:59:33,10.32,--,206,212664,卖盘
2730,09:59:30,10.32,--,60,61920,卖盘
2731,09:59:24,10.32,--,28,28896,卖盘
2732,09:59:21,10.32,--,20,20640,卖盘
2733,09:59:18,10.32,--,18,18576,卖盘
2734,09:59:15,10.32,--,20,20640,卖盘
2735,09:59:12,10.32,--,10,10320,卖盘
2736,09:59:09,10.32,--,96,99072,卖盘
2737,09:59:06,10.32,--,162,168143,买盘
2738,09:59:00,10.32,--,11,11352,买盘
2739,09:58:42,10.32,0.01,29,29928,买盘
2740,09:58:39,10.31,--,4,4124,卖盘
2741,09:58:36,10.31,--,280,288680,卖盘
2742,09:58:33,10.31,-0.01,9,9279,卖盘
2743,09:58:30,10.32,--,1360,1403520,买盘
2744,09:58:27,10.32,0.01,5,5160,买盘
2745,09:58:24,10.31,-0.01,27,28857,卖盘
2746,09:58:21,10.32,--,30,30960,买盘
2747,09:58:18,10.32,--,2,2064,买盘
2748,09:58:15,10.32,--,1,1032,买盘
2749,09:58:12,10.32,0.01,4,4128,买盘
2750,09:58:09,10.31,-0.01,22,22682,卖盘
2751,09:58:06,10.32,--,378,390096,买盘
2752,09:57:54,10.32,--,4,4128,买盘
2753,09:57:51,10.32,--,50,51600,买盘
2754,09:57:42,10.32,-0.01,1016,1048584,卖盘
2755,09:57:36,10.33,0.01,110,113630,买盘
2756,09:57:27,10.32,-0.01,29,29928,卖盘
2757,09:57:21,10.33,--,52,53716,买盘
2758,09:57:18,10.33,0.01,3,3099,买盘
2759,09:57:12,10.32,--,10,10320,卖盘
2760,09:57:09,10.32,-0.01,4,4128,卖盘
2761,09:57:06,10.33,0.01,279,288207,买盘
2762,09:57:03,10.32,-0.01,7,7224,卖盘
2763,09:57:00,10.33,0.01,29,29957,买盘
2764,09:56:54,10.32,--,5,5160,卖盘
2765,09:56:51,10.32,--,326,336432,卖盘
2766,09:56:45,10.32,-0.01,74,76368,卖盘
2767,09:56:42,10.33,--,243,251019,买盘
2768,09:56:39,10.33,0.01,15,15495,买盘
2769,09:56:36,10.32,--,35,36120,卖盘
2770,09:56:33,10.32,-0.01,98,101136,卖盘
2771,09:56:30,10.33,0.01,121,124993,买盘
2772,09:56:27,10.32,-0.01,28,28896,卖盘
2773,09:56:24,10.33,0.01,70,72310,买盘
2774,09:56:21,10.32,--,63,65016,卖盘
2775,09:56:18,10.32,--,66,68112,卖盘
2776,09:56:15,10.32,-0.01,12,13003,卖盘
2777,09:56:12,10.33,--,200,206600,买盘
2778,09:56:03,10.33,--,3,3099,买盘
2779,09:56:00,10.33,0.01,50,51650,买盘
2780,09:55:54,10.32,--,180,185760,卖盘
2781,09:55:48,10.32,--,8,8256,卖盘
2782,09:55:45,10.32,--,38,39216,卖盘
2783,09:55:39,10.32,--,28,28896,卖盘
2784,09:55:36,10.32,-0.01,508,524256,卖盘
2785,09:55:33,10.33,--,1,1033,买盘
2786,09:55:30,10.33,--,46,48540,买盘
2787,09:55:18,10.33,0.01,12,12396,买盘
2788,09:55:15,10.32,--,20,20640,卖盘
2789,09:55:09,10.32,-0.01,3,3096,卖盘
2790,09:55:06,10.33,0.01,207,213831,买盘
2791,09:55:03,10.32,--,12,12384,卖盘
2792,09:55:00,10.32,--,165,170280,卖盘
2793,09:54:54,10.32,--,7,7224,卖盘
2794,09:54:51,10.32,-0.01,7,7224,卖盘
2795,09:54:48,10.33,0.01,60,61980,买盘
2796,09:54:45,10.32,--,390,402480,卖盘
2797,09:54:42,10.32,-0.01,11,11352,卖盘
2798,09:54:39,10.33,0.01,10,10330,买盘
2799,09:54:36,10.32,--,534,551469,卖盘
2800,09:54:33,10.32,-0.01,208,214656,卖盘
2801,09:54:30,10.33,--,15,15495,买盘
2802,09:54:27,10.33,--,34,35122,买盘
2803,09:54:24,10.33,--,15,15495,买盘
