,time,price,change,volume,amount,type
0,15:00:03,7.58,--,6178,4682924,卖盘
1,14:57:00,7.58,-0.01,36,27288,卖盘
2,14:56:57,7.59,-0.01,6,4554,中性盘
3,14:56:54,7.6,--,89,67640,买盘
4,14:56:51,7.6,--,35,26600,买盘
5,14:56:48,7.6,--,55,41800,买盘
6,14:56:45,7.6,0.01,200,152000,买盘
7,14:56:42,7.59,-0.01,289,219351,卖盘
8,14:56:39,7.6,--,3,2280,买盘
9,14:56:36,7.6,-0.01,74,56240,卖盘
10,14:56:33,7.61,--,261,198621,买盘
11,14:56:30,7.61,--,111,84471,买盘
12,14:56:27,7.61,--,70,53270,买盘
13,14:56:24,7.61,--,82,62402,买盘
14,14:56:21,7.61,--,84,63924,买盘
15,14:56:18,7.61,0.01,52,39572,买盘
16,14:56:15,7.6,-0.01,428,325280,卖盘
17,14:56:12,7.61,-0.01,170,129370,卖盘
18,14:56:09,7.62,0.01,206,156972,买盘
19,14:56:06,7.61,--,55,41855,卖盘
20,14:56:03,7.61,--,16,12176,卖盘
21,14:56:00,7.61,--,67,50987,卖盘
22,14:55:57,7.61,--,10,7610,卖盘
23,14:55:51,7.61,-0.01,47,35767,卖盘
24,14:55:48,7.62,0.01,15,11430,买盘
25,14:55:42,7.61,-0.01,449,341689,卖盘
26,14:55:39,7.62,--,54,41148,买盘
27,14:55:36,7.62,0.01,55,41910,买盘
28,14:55:33,7.61,-0.01,316,240476,卖盘
29,14:55:30,7.62,0.01,141,107442,买盘
30,14:55:27,7.61,--,70,53270,卖盘
31,14:55:24,7.61,-0.01,103,78383,卖盘
32,14:55:21,7.62,0.01,25,19050,买盘
33,14:55:18,7.61,--,8,6088,卖盘
34,14:55:15,7.61,--,20,15220,卖盘
35,14:55:09,7.61,--,12,9132,卖盘
36,14:55:06,7.61,-0.01,80,60880,中性盘
37,14:55:03,7.62,0.01,526,400812,买盘
38,14:55:00,7.61,--,80,60880,卖盘
39,14:54:57,7.61,--,491,373651,卖盘
40,14:54:54,7.61,--,104,79144,卖盘
41,14:54:51,7.61,--,12,9132,卖盘
42,14:54:48,7.61,--,38,28918,卖盘
43,14:54:45,7.61,-0.01,168,127848,卖盘
44,14:54:42,7.62,0.01,10,7620,买盘
45,14:54:39,7.61,--,225,171225,卖盘
46,14:54:36,7.61,-0.01,416,316576,卖盘
47,14:54:33,7.62,0.01,9,6858,买盘
48,14:54:30,7.61,--,15,11415,买盘
49,14:54:27,7.61,--,32,24352,卖盘
50,14:54:24,7.61,-0.01,60,45660,中性盘
51,14:54:21,7.62,0.02,16,12192,买盘
52,14:54:18,7.6,-0.01,533,405080,卖盘
53,14:54:15,7.61,--,47,35767,卖盘
54,14:54:12,7.61,--,219,166803,卖盘
55,14:54:09,7.61,--,101,76861,卖盘
56,14:54:06,7.61,0.01,1360,1034960,中性盘
57,14:54:03,7.6,-0.02,80,60800,卖盘
58,14:54:00,7.62,--,26,19812,买盘
59,14:53:57,7.62,--,13,9906,买盘
60,14:53:54,7.62,0.01,136,103632,买盘
61,14:53:51,7.61,--,197,149917,买盘
62,14:53:48,7.61,-0.01,47,36383,卖盘
63,14:53:45,7.62,--,468,356616,买盘
64,14:53:42,7.62,0.01,10,7620,买盘
65,14:53:39,7.61,-0.01,29,22069,卖盘
66,14:53:36,7.62,--,95,72390,卖盘
67,14:53:33,7.62,0.01,281,214122,买盘
68,14:53:30,7.61,-0.01,76,57980,卖盘
69,14:53:27,7.62,--,58,44196,买盘
70,14:53:24,7.62,0.01,37,28194,买盘
71,14:53:21,7.61,-0.01,61,46421,卖盘
72,14:53:18,7.62,--,391,297942,买盘
73,14:53:15,7.62,--,496,377952,卖盘
74,14:53:12,7.62,-0.01,5,3810,卖盘
75,14:53:06,7.63,0.01,7,5341,买盘
76,14:53:03,7.62,-0.01,261,198882,卖盘
77,14:53:00,7.63,--,1,763,买盘
78,14:52:57,7.63,-0.01,10,7630,中性盘
79,14:52:48,7.64,0.01,335,255940,买盘
80,14:52:45,7.63,-0.01,412,314356,卖盘
81,14:52:42,7.64,--,16,12224,买盘
82,14:52:39,7.64,--,26,19864,买盘
83,14:52:36,7.64,--,55,42020,买盘
84,14:52:33,7.64,--,10,7640,买盘
85,14:52:30,7.64,--,371,283444,卖盘
86,14:52:27,7.64,-0.01,100,76400,卖盘
87,14:52:24,7.65,0.01,48,36720,买盘
88,14:52:21,7.64,-0.01,1,764,卖盘
89,14:52:15,7.65,--,130,99450,买盘
90,14:52:09,7.65,0.01,44,33660,买盘
91,14:52:06,7.64,-0.01,50,38200,卖盘
92,14:52:03,7.65,--,70,53550,买盘
93,14:51:57,7.65,--,7,5355,买盘
94,14:51:54,7.65,--,5,3825,买盘
95,14:51:48,7.65,--,476,364759,卖盘
96,14:51:45,7.65,-0.01,200,153000,卖盘
97,14:51:42,7.66,--,4,3064,买盘
98,14:51:36,7.66,0.01,2,1532,买盘
99,14:51:30,7.65,-0.01,10,7650,卖盘
100,14:51:21,7.66,--,299,229279,卖盘
101,14:51:18,7.66,--,190,146060,卖盘
102,14:51:15,7.66,--,123,94218,卖盘
103,14:51:12,7.66,-0.01,31,23746,卖盘
104,14:51:09,7.67,0.01,9,6903,买盘
105,14:51:06,7.66,--,118,90388,卖盘
106,14:51:03,7.66,--,45,34470,卖盘
107,14:51:00,7.66,-0.01,51,39066,卖盘
108,14:50:54,7.67,0.01,118,90506,买盘
109,14:50:51,7.66,--,10,7660,卖盘
110,14:50:48,7.66,--,4,3064,卖盘
111,14:50:45,7.66,-0.01,27,20682,卖盘
112,14:50:42,7.67,--,60,46020,买盘
113,14:50:33,7.67,--,1,767,买盘
114,14:50:30,7.67,0.01,46,35282,买盘
115,14:50:27,7.66,--,15,11490,卖盘
116,14:50:24,7.66,--,155,118730,卖盘
117,14:50:21,7.66,-0.01,198,151668,卖盘
118,14:50:18,7.67,--,37,28379,买盘
119,14:50:15,7.67,0.01,13,9971,买盘
120,14:50:12,7.66,--,10,7660,卖盘
121,14:50:09,7.66,--,2,1532,卖盘
122,14:50:06,7.66,-0.01,1,766,卖盘
123,14:50:00,7.67,--,12,9204,买盘
124,14:49:57,7.67,--,10,7670,买盘
125,14:49:51,7.67,0.01,68,52156,买盘
126,14:49:48,7.66,-0.01,7,5362,卖盘
127,14:49:42,7.67,--,24,18408,卖盘
128,14:49:39,7.67,--,56,42952,卖盘
129,14:49:33,7.67,--,3,2301,卖盘
130,14:49:30,7.67,--,20,15340,卖盘
131,14:49:24,7.67,--,20,15340,买盘
132,14:49:21,7.67,--,5,3835,买盘
133,14:49:18,7.67,0.01,14,10738,买盘
134,14:49:15,7.66,--,566,433556,卖盘
135,14:49:12,7.66,-0.01,36,27576,卖盘
136,14:49:06,7.67,--,538,412646,买盘
137,14:49:03,7.67,--,200,153400,买盘
138,14:49:00,7.67,--,162,124254,买盘
139,14:48:57,7.67,--,10,7670,买盘
140,14:48:54,7.67,--,59,45253,买盘
141,14:48:51,7.67,--,10,7670,买盘
142,14:48:48,7.67,--,13,9971,买盘
143,14:48:36,7.67,--,8,6136,买盘
144,14:48:33,7.67,--,12,9204,买盘
145,14:48:27,7.67,--,100,76700,买盘
146,14:48:24,7.67,--,56,42952,卖盘
147,14:48:21,7.67,--,50,38350,卖盘
148,14:48:12,7.67,-0.01,17,13039,卖盘
149,14:48:09,7.68,0.01,1,768,买盘
150,14:48:03,7.67,0.01,1,767,买盘
151,14:48:00,7.66,-0.01,2,1532,卖盘
152,14:47:57,7.67,--,2,1534,买盘
153,14:47:54,7.67,--,120,92040,买盘
154,14:47:51,7.67,--,3,2301,买盘
155,14:47:48,7.67,0.01,5,3835,中性盘
156,14:47:42,7.66,-0.01,32,24512,卖盘
157,14:47:39,7.67,0.01,147,112749,买盘
158,14:47:36,7.66,--,5,3830,卖盘
159,14:47:33,7.66,--,3,2298,卖盘
160,14:47:30,7.66,--,286,219076,卖盘
161,14:47:27,7.66,--,10,7660,卖盘
162,14:47:21,7.66,--,38,29108,卖盘
163,14:47:15,7.66,-0.01,45,34470,卖盘
164,14:47:12,7.67,--,10,7670,买盘
165,14:47:09,7.67,--,19,14573,买盘
166,14:47:06,7.67,0.01,3,2301,买盘
167,14:47:03,7.66,-0.01,35,26810,卖盘
168,14:47:00,7.67,--,2,1534,买盘
169,14:46:57,7.67,--,8,6136,买盘
170,14:46:54,7.67,0.01,1,767,买盘
171,14:46:51,7.66,-0.02,50,38300,卖盘
172,14:46:48,7.68,0.01,8,6144,买盘
173,14:46:45,7.67,0.01,194,148798,买盘
174,14:46:42,7.66,-0.01,35,26810,卖盘
175,14:46:39,7.67,--,9,6903,买盘
176,14:46:30,7.67,--,41,31447,买盘
177,14:46:27,7.67,0.01,112,85904,买盘
178,14:46:21,7.66,-0.01,42,32172,卖盘
179,14:46:18,7.67,--,14,10738,买盘
180,14:46:15,7.67,--,198,151866,买盘
181,14:46:12,7.67,--,74,56758,买盘
182,14:46:09,7.67,0.01,7,5369,买盘
183,14:46:00,7.66,-0.01,5,3830,卖盘
184,14:45:54,7.67,0.01,1,767,买盘
185,14:45:51,7.66,-0.01,1,766,卖盘
186,14:45:48,7.67,--,8,6136,买盘
187,14:45:45,7.67,--,2,1534,买盘
188,14:45:39,7.67,--,15,11505,买盘
189,14:45:36,7.67,--,200,153400,买盘
190,14:45:33,7.67,--,5,3835,买盘
191,14:45:30,7.67,--,10,7670,买盘
192,14:45:24,7.67,--,120,92040,买盘
193,14:45:18,7.67,-0.01,14,10738,卖盘
194,14:45:15,7.68,0.01,5,3840,买盘
195,14:45:12,7.67,--,10,7670,卖盘
196,14:45:09,7.67,-0.01,44,33748,卖盘
197,14:45:06,7.68,--,254,195072,买盘
198,14:45:03,7.68,--,22,16896,买盘
199,14:45:00,7.68,0.01,225,172800,买盘
200,14:44:57,7.67,-0.01,10,7670,卖盘
201,14:44:54,7.68,--,40,30720,买盘
202,14:44:51,7.68,0.01,327,251136,买盘
203,14:44:48,7.67,-0.01,69,52923,卖盘
204,14:44:45,7.68,--,208,159744,买盘
205,14:44:39,7.68,0.01,5,3840,买盘
206,14:44:33,7.67,--,25,19175,卖盘
207,14:44:30,7.67,-0.01,14,10738,卖盘
208,14:44:27,7.68,0.01,1,768,买盘
209,14:44:24,7.67,--,31,23777,卖盘
210,14:44:18,7.67,-0.01,102,78234,卖盘
211,14:44:12,7.68,--,6,4608,买盘
212,14:44:06,7.68,--,45,34560,买盘
213,14:44:00,7.68,--,260,199680,卖盘
214,14:43:57,7.68,--,6,4608,卖盘
215,14:43:54,7.68,--,86,66048,买盘
216,14:43:51,7.68,--,10,7680,买盘
217,14:43:48,7.68,0.01,2,1536,买盘
218,14:43:45,7.67,--,57,43719,卖盘
219,14:43:42,7.67,--,34,26078,卖盘
220,14:43:39,7.67,-0.01,8,6136,卖盘
221,14:43:36,7.68,--,60,46080,买盘
222,14:43:33,7.68,--,73,56064,买盘
223,14:43:30,7.68,--,2,1536,买盘
224,14:43:27,7.68,--,22,16896,买盘
225,14:43:24,7.68,--,8,6144,买盘
226,14:43:21,7.68,0.01,50,38400,买盘
227,14:43:18,7.67,-0.01,213,163371,卖盘
228,14:43:15,7.68,0.02,35,26880,买盘
229,14:43:06,7.66,-0.01,460,352360,卖盘
230,14:43:00,7.67,--,18,13806,卖盘
231,14:42:54,7.67,--,60,46020,买盘
232,14:42:51,7.67,0.01,12,9204,买盘
233,14:42:48,7.66,--,9,6894,卖盘
234,14:42:45,7.66,-0.01,35,26810,卖盘
235,14:42:42,7.67,--,5,3835,买盘
236,14:42:39,7.67,--,10,7670,买盘
237,14:42:36,7.67,--,26,19942,买盘
238,14:42:27,7.67,--,150,115050,卖盘
239,14:42:24,7.67,-0.01,20,15340,卖盘
240,14:42:21,7.68,0.01,30,23040,买盘
241,14:42:18,7.67,0.02,52,39884,中性盘
242,14:42:12,7.65,-0.02,159,121635,卖盘
243,14:42:09,7.67,0.01,14,10738,买盘
244,14:42:06,7.66,--,86,65876,卖盘
245,14:42:03,7.66,-0.01,77,59127,卖盘
246,14:41:57,7.67,--,3,2922,卖盘
247,14:41:51,7.67,0.01,199,152778,买盘
248,14:41:45,7.66,--,31,23746,卖盘
249,14:41:42,7.66,--,13,9958,卖盘
250,14:41:36,7.66,-0.01,25,19150,卖盘
251,14:41:33,7.67,0.01,50,38350,买盘
252,14:41:30,7.66,--,63,48258,卖盘
253,14:41:27,7.66,-0.01,155,118730,卖盘
254,14:41:18,7.67,0.01,115,88205,买盘
255,14:41:15,7.66,--,65,49790,卖盘
256,14:41:09,7.66,-0.01,5,3830,卖盘
257,14:40:57,7.67,--,10,7670,买盘
258,14:40:45,7.67,-0.01,692,530764,卖盘
259,14:40:42,7.68,--,3,2304,买盘
260,14:40:39,7.68,0.01,5,3840,买盘
261,14:40:36,7.67,--,6,4602,卖盘
262,14:40:27,7.67,-0.01,5,3835,卖盘
263,14:40:24,7.68,--,48,37486,卖盘
264,14:40:12,7.68,--,111,85248,卖盘
265,14:40:09,7.68,--,128,98304,卖盘
266,14:40:06,7.68,--,5,3840,卖盘
267,14:40:03,7.68,--,500,384000,卖盘
268,14:39:57,7.68,--,10,7680,卖盘
269,14:39:48,7.68,-0.01,11,8448,卖盘
270,14:39:45,7.69,--,456,350664,买盘
271,14:39:39,7.69,--,8,6152,买盘
272,14:39:24,7.69,--,279,214551,卖盘
273,14:39:21,7.69,--,425,326825,卖盘
274,14:39:12,7.69,-0.01,82,63058,卖盘
275,14:39:09,7.7,0.01,39,30030,买盘
276,14:39:06,7.69,-0.01,32,24608,卖盘
277,14:38:51,7.7,--,80,61600,卖盘
278,14:38:48,7.7,--,30,23100,卖盘
279,14:38:45,7.7,-0.01,45,34650,卖盘
280,14:38:39,7.71,--,3,2313,买盘
281,14:38:36,7.71,0.01,5,3855,买盘
282,14:38:33,7.7,--,50,38500,卖盘
283,14:38:30,7.7,-0.01,32,24640,卖盘
284,14:38:24,7.71,--,111,85581,买盘
285,14:38:15,7.71,--,26,20046,买盘
286,14:38:09,7.71,--,11,8481,买盘
287,14:38:03,7.71,--,5,3855,买盘
288,14:37:51,7.71,--,7,5397,买盘
289,14:37:48,7.71,--,11,8481,买盘
290,14:37:39,7.71,0.01,24,18504,买盘
291,14:37:36,7.7,0.01,61,46970,卖盘
292,14:37:30,7.69,-0.01,64,49216,卖盘
293,14:37:27,7.7,--,167,128590,买盘
294,14:37:21,7.7,--,10,7700,买盘
295,14:37:18,7.7,--,51,39270,买盘
296,14:37:15,7.7,--,100,77000,买盘
297,14:37:03,7.7,0.01,1,770,买盘
298,14:37:00,7.69,--,50,38450,卖盘
299,14:36:54,7.69,-0.01,154,118426,卖盘
300,14:36:51,7.7,--,10,7700,买盘
301,14:36:48,7.7,0.01,5,3850,买盘
302,14:36:45,7.69,--,72,55368,卖盘
303,14:36:36,7.69,--,50,38450,卖盘
304,14:36:33,7.69,--,22,16918,卖盘
305,14:36:30,7.69,--,40,30760,卖盘
306,14:36:24,7.69,--,2,1538,卖盘
307,14:36:18,7.69,--,31,23839,卖盘
308,14:36:15,7.69,-0.01,67,51523,卖盘
309,14:36:09,7.7,0.01,114,87780,买盘
310,14:36:03,7.69,--,50,38450,卖盘
311,14:36:00,7.69,--,15,11535,卖盘
312,14:35:54,7.69,--,4,3076,卖盘
313,14:35:45,7.69,--,20,15380,卖盘
314,14:35:42,7.69,0.01,98,75362,买盘
315,14:35:36,7.68,-0.01,77,59136,卖盘
316,14:35:33,7.69,--,8,6152,买盘
317,14:35:27,7.69,--,2,1538,卖盘
318,14:35:21,7.69,-0.01,40,30760,买盘
319,14:35:18,7.7,0.01,34,26180,买盘
320,14:35:15,7.69,--,90,69210,买盘
321,14:35:09,7.69,--,192,147648,卖盘
322,14:35:06,7.69,--,38,29222,卖盘
323,14:35:03,7.69,0.01,20,15380,中性盘
324,14:35:00,7.68,-0.01,100,76800,卖盘
325,14:34:57,7.69,-0.01,10,7690,卖盘
326,14:34:54,7.7,--,50,38500,买盘
327,14:34:45,7.7,0.02,53,40810,买盘
328,14:34:39,7.68,-0.02,21,16128,卖盘
329,14:34:33,7.7,--,3,2310,买盘
330,14:34:30,7.7,0.02,35,26950,买盘
331,14:34:27,7.68,-0.01,83,63744,卖盘
332,14:34:24,7.69,--,5,3845,中性盘
333,14:34:21,7.69,0.01,20,15380,买盘
334,14:34:15,7.68,--,100,76800,卖盘
335,14:34:12,7.68,--,2,1536,卖盘
336,14:34:09,7.68,--,173,132864,卖盘
337,14:34:06,7.68,-0.01,239,183552,卖盘
338,14:34:03,7.69,0.01,18,13842,买盘
339,14:33:57,7.68,-0.01,50,38400,卖盘
340,14:33:51,7.69,--,28,21532,买盘
341,14:33:45,7.69,--,20,15380,买盘
342,14:33:36,7.69,0.01,24,18456,买盘
343,14:33:33,7.68,-0.01,10,7680,卖盘
344,14:33:30,7.69,--,8,6152,买盘
345,14:33:24,7.69,--,12,9228,买盘
346,14:33:21,7.69,0.01,15,11535,买盘
347,14:33:18,7.68,--,58,44544,卖盘
348,14:33:15,7.68,--,16,12288,卖盘
349,14:33:06,7.68,0.01,83,63889,买盘
350,14:33:03,7.67,-0.01,304,233168,卖盘
351,14:32:57,7.68,--,140,107520,买盘
352,14:32:54,7.68,0.01,3,2304,买盘
353,14:32:51,7.67,-0.01,32,24544,卖盘
354,14:32:45,7.68,--,460,353280,买盘
355,14:32:42,7.68,--,3,2304,买盘
356,14:32:39,7.68,--,425,326400,买盘
357,14:32:36,7.68,-0.01,763,586606,卖盘
358,14:32:30,7.69,0.01,24,18456,买盘
359,14:32:27,7.68,--,11,8448,卖盘
360,14:32:24,7.68,--,100,76800,卖盘
361,14:32:18,7.68,-0.01,116,89088,卖盘
362,14:32:15,7.69,--,252,193788,买盘
363,14:32:12,7.69,--,48,36912,卖盘
364,14:32:09,7.69,--,20,15380,卖盘
365,14:32:06,7.69,--,78,59982,卖盘
366,14:32:03,7.69,-0.01,85,65365,卖盘
367,14:31:54,7.7,--,6,4620,买盘
368,14:31:51,7.7,--,40,30800,买盘
369,14:31:48,7.7,-0.03,1094,842380,卖盘
370,14:31:42,7.73,0.01,17,13141,买盘
371,14:31:39,7.72,--,47,36284,卖盘
372,14:31:36,7.72,--,47,36284,卖盘
373,14:31:33,7.72,-0.01,5,3860,卖盘
374,14:31:30,7.73,--,1,773,买盘
375,14:31:27,7.73,0.01,8,6184,买盘
376,14:31:24,7.72,-0.01,40,30880,卖盘
377,14:31:21,7.73,0.01,10,7730,买盘
378,14:31:15,7.72,--,100,77200,卖盘
379,14:31:12,7.72,-0.01,25,19300,卖盘
380,14:30:54,7.73,--,17,13141,卖盘
381,14:30:48,7.73,--,10,7730,卖盘
382,14:30:45,7.73,--,38,29374,卖盘
383,14:30:33,7.73,--,10,7730,卖盘
384,14:30:27,7.73,-0.01,43,33239,卖盘
385,14:30:24,7.74,0.01,5,3870,买盘
386,14:30:21,7.73,-0.01,212,163876,卖盘
387,14:30:12,7.74,--,8,6192,买盘
388,14:30:00,7.74,--,18,13932,买盘
389,14:29:57,7.74,--,54,41796,买盘
390,14:29:54,7.74,0.01,31,23994,买盘
391,14:29:51,7.73,--,50,38650,卖盘
392,14:29:48,7.73,--,6,4638,卖盘
393,14:29:45,7.73,-0.01,20,15460,卖盘
394,14:29:39,7.74,--,1,774,买盘
395,14:29:36,7.74,--,35,27090,买盘
396,14:29:30,7.74,--,8,6192,买盘
397,14:29:27,7.74,--,200,154800,买盘
398,14:29:24,7.74,0.01,58,44892,买盘
399,14:29:18,7.73,-0.01,50,38650,卖盘
400,14:29:09,7.74,0.01,73,56502,买盘
401,14:29:06,7.73,-0.01,5,3865,卖盘
402,14:28:54,7.74,--,5,3870,买盘
403,14:28:51,7.74,--,7,5418,买盘
404,14:28:24,7.74,--,3,2322,买盘
405,14:28:21,7.74,0.01,6,4644,买盘
406,14:28:15,7.73,--,2070,1600875,买盘
407,14:28:12,7.73,--,26,20098,买盘
408,14:28:09,7.73,--,20,15460,买盘
409,14:28:03,7.73,--,530,409697,卖盘
410,14:27:51,7.73,--,229,177782,卖盘
411,14:27:48,7.73,--,20,15460,卖盘
412,14:27:27,7.73,-0.01,10,7730,卖盘
413,14:27:21,7.74,--,41,31734,买盘
414,14:27:09,7.74,0.01,5,3870,买盘
415,14:27:06,7.73,-0.01,30,23190,卖盘
416,14:27:03,7.74,--,85,65790,买盘
417,14:26:57,7.74,--,503,389322,买盘
418,14:26:51,7.74,0.01,12,9288,买盘
419,14:26:45,7.73,--,100,77300,卖盘
420,14:26:36,7.73,-0.01,100,77300,卖盘
421,14:26:21,7.74,--,3,2322,买盘
422,14:26:18,7.74,--,5,3870,买盘
423,14:25:51,7.74,--,12,9288,买盘
424,14:25:42,7.74,--,28,21672,买盘
425,14:25:21,7.74,--,10,7740,买盘
426,14:25:18,7.74,0.01,8,6192,买盘
427,14:25:12,7.73,-0.01,140,108220,卖盘
428,14:25:09,7.74,--,1,774,买盘
429,14:24:39,7.74,--,10,7740,买盘
430,14:24:18,7.74,--,3,2322,买盘
431,14:24:15,7.74,0.01,5,3870,买盘
432,14:24:09,7.73,--,2,1546,卖盘
433,14:24:06,7.73,--,26,20098,卖盘
434,14:23:48,7.73,--,35,27055,卖盘
435,14:23:42,7.73,--,50,38650,卖盘
436,14:23:36,7.73,--,1,773,卖盘
437,14:23:21,7.73,--,65,50245,卖盘
438,14:23:18,7.73,-0.01,2,1546,卖盘
439,14:23:15,7.74,0.01,8,6192,买盘
440,14:23:09,7.73,--,18,13914,卖盘
441,14:23:00,7.73,--,1,773,卖盘
442,14:22:51,7.73,-0.01,20,15460,卖盘
443,14:22:42,7.74,0.01,15,11610,买盘
444,14:22:33,7.73,--,25,19325,卖盘
445,14:22:21,7.73,-0.01,6,4638,卖盘
446,14:22:15,7.74,0.01,8,6192,买盘
447,14:22:09,7.73,--,321,248133,卖盘
448,14:22:03,7.73,--,40,30920,卖盘
449,14:22:00,7.73,-0.01,99,76527,卖盘
450,14:21:57,7.74,0.01,11,8514,买盘
451,14:21:54,7.73,-0.01,2,1546,卖盘
452,14:21:48,7.74,--,10,7740,买盘
453,14:21:42,7.74,--,132,102168,卖盘
454,14:21:30,7.74,--,46,35604,卖盘
455,14:21:27,7.74,--,806,623844,卖盘
456,14:21:18,7.74,-0.01,80,61920,卖盘
457,14:21:15,7.75,--,3,2325,买盘
458,14:21:12,7.75,--,35,27125,买盘
459,14:21:06,7.75,0.01,21,16275,买盘
460,14:20:51,7.74,--,39,30186,卖盘
461,14:20:30,7.74,-0.01,2,1548,卖盘
462,14:20:27,7.75,--,5,3875,买盘
463,14:20:24,7.75,0.01,5,3875,买盘
464,14:20:21,7.74,--,13,10062,卖盘
465,14:20:18,7.74,-0.01,30,23220,卖盘
466,14:20:12,7.75,--,8,6200,买盘
467,14:20:03,7.75,--,30,23250,买盘
468,14:19:57,7.75,0.01,4,3100,买盘
469,14:19:54,7.74,-0.01,36,27864,卖盘
470,14:19:39,7.75,--,20,15500,买盘
471,14:19:21,7.75,--,63,48825,买盘
472,14:19:15,7.75,--,34,26350,买盘
473,14:19:12,7.75,--,3,2325,买盘
474,14:19:09,7.75,--,5,3875,买盘
475,14:19:06,7.75,--,4,3100,买盘
476,14:18:57,7.75,--,43,33325,卖盘
477,14:18:54,7.75,--,100,77500,卖盘
478,14:18:39,7.75,-0.01,56,43400,卖盘
479,14:18:36,7.76,0.01,3,2328,买盘
480,14:18:33,7.75,--,7,5425,卖盘
481,14:18:30,7.75,--,2,1550,卖盘
482,14:18:21,7.75,-0.01,50,38750,卖盘
483,14:18:12,7.76,--,10,7760,买盘
484,14:18:09,7.76,--,48,37248,买盘
485,14:17:57,7.76,0.01,2,1552,买盘
486,14:17:51,7.75,--,10,7750,卖盘
487,14:17:45,7.75,--,10,7750,卖盘
488,14:17:36,7.75,--,200,155000,卖盘
489,14:17:33,7.75,-0.01,90,69750,卖盘
490,14:17:24,7.76,0.01,7,5432,买盘
491,14:17:21,7.75,--,10,7750,卖盘
492,14:17:18,7.75,-0.01,50,38750,卖盘
493,14:17:12,7.76,--,52,40352,买盘
494,14:17:09,7.76,0.01,18,13968,买盘
495,14:17:06,7.75,-0.01,18,13950,卖盘
496,14:16:57,7.76,--,15,11640,买盘
497,14:16:54,7.76,0.01,7,5432,买盘
498,14:16:45,7.75,-0.01,12,9300,卖盘
499,14:16:21,7.76,0.01,1,776,买盘
500,14:16:12,7.75,--,30,23250,卖盘
501,14:16:09,7.75,--,3,2325,卖盘
502,14:16:00,7.75,--,4,3100,卖盘
503,14:15:42,7.75,--,2,1550,卖盘
504,14:15:39,7.75,-0.01,10,7750,卖盘
505,14:15:27,7.76,0.01,120,93120,买盘
506,14:15:24,7.75,--,10,7750,卖盘
507,14:15:18,7.75,--,8,6200,买盘
508,14:15:09,7.75,--,17,13175,买盘
509,14:15:03,7.75,--,13,10075,买盘
510,14:14:57,7.75,0.01,275,213125,买盘
511,14:14:54,7.74,--,330,255420,卖盘
512,14:14:51,7.74,-0.01,64,49536,卖盘
513,14:14:48,7.75,0.01,8,6200,买盘
514,14:14:33,7.74,--,5,3870,卖盘
515,14:14:27,7.74,--,110,85140,卖盘
516,14:14:24,7.74,--,59,45666,卖盘
517,14:14:12,7.74,--,100,77400,卖盘
518,14:14:00,7.74,--,10,7740,卖盘
519,14:13:54,7.74,-0.01,10,7740,卖盘
520,14:13:48,7.75,--,20,15500,买盘
521,14:13:45,7.75,--,48,37200,买盘
522,14:13:42,7.75,--,2,1550,买盘
523,14:13:33,7.75,--,4,3100,买盘
524,14:13:30,7.75,--,5,3875,买盘
525,14:13:18,7.75,0.01,4,3100,买盘
526,14:13:09,7.74,--,13,10062,卖盘
527,14:13:06,7.74,-0.01,49,37926,卖盘
528,14:12:51,7.75,--,21,16275,买盘
529,14:12:48,7.75,--,206,159650,卖盘
530,14:12:45,7.75,--,15,11625,卖盘
531,14:12:36,7.75,--,30,23250,卖盘
532,14:12:24,7.75,--,28,21700,卖盘
533,14:12:21,7.75,--,52,40300,卖盘
534,14:12:18,7.75,--,92,71300,买盘
535,14:12:15,7.75,0.01,1,775,买盘
536,14:12:12,7.74,-0.01,10,7740,卖盘
537,14:12:03,7.75,--,4,3100,买盘
538,14:11:51,7.75,-0.01,9,6975,中性盘
539,14:11:48,7.76,--,2,1552,买盘
540,14:11:45,7.76,0.01,36,27936,买盘
541,14:11:42,7.75,-0.01,10,7750,卖盘
542,14:11:33,7.76,--,230,178480,买盘
543,14:11:30,7.76,0.01,56,43456,买盘
544,14:11:24,7.75,-0.01,13,10075,卖盘
545,14:11:21,7.76,--,2,1552,买盘
546,14:11:15,7.76,0.01,71,55096,买盘
547,14:11:12,7.75,-0.01,21,16275,卖盘
548,14:10:57,7.76,--,8,6208,买盘
549,14:10:45,7.76,0.01,10,7760,买盘
550,14:10:39,7.75,--,2,1550,卖盘
551,14:10:27,7.75,0.01,328,254215,买盘
552,14:10:21,7.74,--,2,1548,卖盘
553,14:10:18,7.74,-0.01,238,184212,卖盘
554,14:10:12,7.75,0.01,5,3875,买盘
555,14:10:09,7.74,0.01,40,30960,买盘
556,14:10:06,7.73,-0.02,2,1546,卖盘
557,14:09:54,7.75,0.01,50,38750,买盘
558,14:09:48,7.74,-0.01,42,32508,卖盘
559,14:09:42,7.75,0.01,51,39525,买盘
560,14:09:24,7.74,--,4,3096,卖盘
561,14:09:18,7.74,--,11,8514,买盘
562,14:09:15,7.74,--,34,26316,买盘
563,14:09:12,7.74,--,15,11610,买盘
564,14:09:06,7.74,--,16,12384,买盘
565,14:09:00,7.74,--,6,4644,买盘
566,14:08:51,7.74,--,2,1548,买盘
567,14:08:48,7.74,0.01,245,189630,买盘
568,14:08:45,7.73,--,30,23190,买盘
569,14:08:39,7.73,--,15,11595,买盘
570,14:08:36,7.73,--,23,17779,买盘
571,14:08:30,7.73,--,24,18552,买盘
572,14:08:21,7.73,0.01,100,77300,买盘
573,14:08:18,7.72,--,12,9264,卖盘
574,14:08:06,7.72,--,41,31652,买盘
575,14:08:03,7.72,--,180,138960,买盘
576,14:07:48,7.72,--,15,11580,买盘
577,14:07:45,7.72,0.01,22,16984,买盘
578,14:07:42,7.71,--,223,171933,买盘
579,14:07:39,7.71,--,50,38550,买盘
580,14:07:36,7.71,--,6,4626,买盘
581,14:07:33,7.71,--,64,49344,买盘
582,14:07:30,7.71,--,6,4626,买盘
583,14:07:27,7.71,--,2,1542,买盘
584,14:07:24,7.71,0.01,105,80955,买盘
585,14:07:21,7.7,-0.01,4,3080,卖盘
586,14:07:15,7.71,--,4,3084,买盘
587,14:07:03,7.71,0.01,12,9252,买盘
588,14:06:06,7.7,--,86,66220,卖盘
589,14:05:57,7.7,--,1,770,卖盘
590,14:05:21,7.7,--,55,42350,买盘
591,14:05:03,7.7,--,8,6160,买盘
592,14:05:00,7.7,--,5,3850,买盘
593,14:04:45,7.7,0.01,10,7700,买盘
594,14:04:39,7.69,-0.01,353,271457,卖盘
595,14:04:21,7.7,0.01,4,3080,买盘
596,14:04:18,7.69,-0.01,50,38450,卖盘
597,14:04:15,7.7,--,61,46970,买盘
598,14:04:06,7.7,--,166,127820,卖盘
599,14:04:00,7.7,--,4,3080,卖盘
600,14:03:57,7.7,--,200,154000,卖盘
601,14:03:45,7.7,--,31,23870,卖盘
602,14:03:33,7.7,-0.01,138,106260,卖盘
603,14:03:30,7.71,0.01,2,1542,买盘
604,14:03:27,7.7,--,23,17710,卖盘
605,14:03:24,7.7,-0.01,10,7700,卖盘
606,14:03:18,7.71,--,10,7710,买盘
607,14:03:15,7.71,--,2,1542,买盘
608,14:03:12,7.71,--,199,153429,卖盘
609,14:03:03,7.71,--,166,127986,卖盘
610,14:02:51,7.71,-0.01,10,7710,卖盘
611,14:02:39,7.72,0.01,1,772,买盘
612,14:02:36,7.71,--,27,20817,卖盘
613,14:02:30,7.71,--,35,26985,卖盘
614,14:02:27,7.71,--,10,7710,卖盘
615,14:02:24,7.71,--,10,7710,卖盘
616,14:02:15,7.71,-0.01,2,1542,卖盘
617,14:02:12,7.72,0.01,1,772,买盘
618,14:02:06,7.71,--,30,23130,卖盘
619,14:01:57,7.71,--,10,7710,卖盘
620,14:01:54,7.71,-0.01,9,6939,卖盘
621,14:01:45,7.72,--,36,27792,卖盘
622,14:01:30,7.72,--,10,7720,卖盘
623,14:01:27,7.72,--,5,3860,卖盘
624,14:01:18,7.72,-0.01,5,3860,卖盘
625,14:00:33,7.73,--,35,27055,卖盘
626,14:00:24,7.73,--,10,7730,卖盘
627,14:00:21,7.73,--,1,773,卖盘
628,14:00:15,7.73,--,22,17006,卖盘
629,14:00:12,7.73,--,32,24736,买盘
630,13:59:51,7.73,--,22,17006,卖盘
631,13:59:48,7.73,--,100,77300,卖盘
632,13:59:24,7.73,-0.01,1,773,卖盘
633,13:59:09,7.74,--,2,1548,买盘
634,13:59:06,7.74,--,20,15480,买盘
635,13:59:03,7.74,--,2,1548,买盘
636,13:58:42,7.74,--,10,7740,买盘
637,13:58:39,7.74,0.01,1,774,买盘
638,13:58:36,7.73,--,26,20098,卖盘
639,13:58:33,7.73,--,8,6184,卖盘
640,13:57:30,7.73,0.01,61,47153,买盘
641,13:57:27,7.72,-0.01,3,2316,卖盘
642,13:57:18,7.73,--,122,94306,买盘
643,13:57:03,7.73,--,10,7730,买盘
644,13:56:54,7.73,--,7,5411,买盘
645,13:56:45,7.73,--,52,40196,买盘
646,13:56:18,7.73,0.01,6,4638,买盘
647,13:56:00,7.72,-0.01,10,7720,卖盘
648,13:55:57,7.73,0.01,11,8503,买盘
649,13:55:30,7.72,0.01,109,84148,买盘
650,13:55:21,7.71,--,7,5397,卖盘
651,13:54:54,7.71,-0.02,50,38550,卖盘
652,13:54:42,7.73,0.01,10,7730,买盘
653,13:54:39,7.72,--,20,15440,卖盘
654,13:54:18,7.72,--,70,54040,买盘
655,13:54:12,7.72,--,1,772,买盘
656,13:53:57,7.72,--,100,77200,买盘
657,13:53:48,7.72,0.01,10,7720,买盘
658,13:53:39,7.71,-0.01,10,7710,卖盘
659,13:53:21,7.72,--,101,77972,买盘
660,13:53:12,7.72,--,1,772,买盘
661,13:53:09,7.72,--,21,16212,买盘
662,13:52:24,7.72,0.01,10,7720,买盘
663,13:51:54,7.71,--,28,21588,买盘
664,13:51:18,7.71,--,53,40863,买盘
665,13:51:15,7.71,--,71,54741,买盘
666,13:51:12,7.71,0.01,18,13878,买盘
667,13:51:09,7.7,--,5,3850,卖盘
668,13:51:03,7.7,--,50,38500,卖盘
669,13:50:30,7.7,-0.01,30,23100,卖盘
670,13:49:57,7.71,--,3,2313,卖盘
671,13:49:54,7.71,--,6,4626,买盘
672,13:49:51,7.71,--,12,9252,买盘
673,13:49:45,7.71,--,13,10023,卖盘
674,13:49:33,7.71,--,64,49344,卖盘
675,13:49:30,7.71,--,30,23130,卖盘
676,13:49:21,7.71,--,50,38550,买盘
677,13:49:18,7.71,-0.01,26,20046,卖盘
678,13:49:09,7.72,0.01,50,38600,买盘
679,13:49:06,7.71,--,10,7710,卖盘
680,13:48:57,7.71,-0.01,99,76329,卖盘
681,13:48:48,7.72,--,85,65620,卖盘
682,13:48:42,7.72,--,26,20072,卖盘
683,13:48:39,7.72,--,12,9264,卖盘
684,13:48:24,7.72,--,70,54040,卖盘
685,13:48:09,7.72,-0.01,14,10808,卖盘
686,13:47:57,7.73,0.01,20,15460,买盘
687,13:47:45,7.72,--,20,15440,卖盘
688,13:47:42,7.72,--,2,1544,卖盘
689,13:47:39,7.72,--,5,3860,卖盘
690,13:47:21,7.72,--,100,77200,卖盘
691,13:47:12,7.72,--,4,3088,卖盘
692,13:47:03,7.72,-0.01,10,7720,卖盘
693,13:46:48,7.73,0.01,50,38650,买盘
694,13:46:39,7.72,--,3,2316,卖盘
695,13:46:30,7.72,--,40,30880,卖盘
696,13:46:27,7.72,--,126,97272,卖盘
697,13:46:24,7.72,--,5,3860,卖盘
698,13:46:06,7.72,-0.01,1,772,卖盘
699,13:46:03,7.73,--,7,5411,买盘
700,13:45:51,7.73,--,11,8503,买盘
701,13:45:42,7.73,--,3,2319,买盘
702,13:45:30,7.73,--,5,3865,卖盘
703,13:45:21,7.73,--,8,6184,卖盘
704,13:44:42,7.73,--,1,773,卖盘
705,13:44:30,7.73,--,10,7730,卖盘
706,13:44:24,7.73,--,6,4638,卖盘
707,13:44:21,7.73,-0.01,35,27055,卖盘
708,13:44:06,7.74,--,25,19350,买盘
709,13:43:24,7.74,0.01,1,774,买盘
710,13:43:21,7.73,--,60,46380,卖盘
711,13:43:12,7.73,--,1,773,卖盘
712,13:42:21,7.73,--,61,47153,买盘
713,13:42:18,7.73,0.01,50,38650,买盘
714,13:42:12,7.72,-0.01,50,38600,卖盘
715,13:41:57,7.73,0.01,3,2319,买盘
716,13:41:42,7.72,--,8,6176,卖盘
717,13:41:33,7.72,0.01,27,21608,买盘
718,13:41:30,7.71,--,34,26214,卖盘
719,13:41:24,7.71,-0.01,3,2313,卖盘
720,13:41:21,7.72,0.01,20,15440,买盘
721,13:41:09,7.71,--,50,38550,卖盘
722,13:41:06,7.71,-0.01,3,2313,卖盘
723,13:40:57,7.72,0.01,56,43232,买盘
724,13:40:54,7.71,--,410,316110,卖盘
725,13:40:27,7.71,-0.01,50,38550,卖盘
726,13:40:24,7.72,0.01,1,772,买盘
727,13:40:21,7.71,--,4,3084,卖盘
728,13:40:15,7.71,--,6,4626,卖盘
729,13:40:12,7.71,--,400,308400,卖盘
730,13:40:09,7.71,--,2,1542,卖盘
731,13:39:54,7.71,-0.01,1,771,卖盘
732,13:39:48,7.72,--,1,772,买盘
733,13:39:36,7.72,--,10,7720,买盘
734,13:39:33,7.72,--,13,10036,买盘
735,13:39:21,7.72,--,69,53275,卖盘
736,13:39:15,7.72,--,4,3088,卖盘
737,13:39:06,7.72,--,18,14660,卖盘
738,13:39:03,7.72,--,10,7720,卖盘
739,13:39:00,7.72,--,34,26248,卖盘
740,13:38:51,7.72,-0.01,20,15440,卖盘
741,13:38:36,7.73,--,12,9276,买盘
742,13:38:24,7.73,--,5,3865,卖盘
743,13:38:21,7.73,--,3,2319,卖盘
744,13:38:00,7.73,-0.01,146,112858,卖盘
745,13:37:57,7.74,--,10,7740,买盘
746,13:37:51,7.74,--,10,7740,买盘
747,13:37:42,7.74,--,37,28638,卖盘
748,13:37:33,7.74,--,2,1548,卖盘
749,13:37:15,7.74,-0.01,50,38700,卖盘
750,13:37:06,7.75,--,29,23234,卖盘
751,13:36:57,7.75,--,40,31000,卖盘
752,13:36:51,7.75,--,11,8525,卖盘
753,13:36:48,7.75,0.01,37,28690,买盘
754,13:36:42,7.74,-0.01,2,1548,卖盘
755,13:36:39,7.75,--,2,1550,买盘
756,13:36:36,7.75,--,29,23234,卖盘
757,13:36:30,7.75,--,20,15515,买盘
758,13:36:12,7.75,--,185,143375,卖盘
759,13:36:09,7.75,--,16,12400,卖盘
760,13:35:51,7.75,--,7,5425,卖盘
761,13:35:48,7.75,-0.01,4,3100,卖盘
762,13:35:45,7.76,--,6,4656,卖盘
763,13:35:42,7.76,--,4,3104,卖盘
764,13:35:36,7.76,--,22,17072,卖盘
765,13:35:33,7.76,--,68,52768,买盘
766,13:35:18,7.76,--,27,20952,卖盘
767,13:35:15,7.76,--,18,13968,卖盘
768,13:35:12,7.76,--,12,9312,买盘
769,13:34:51,7.76,-0.01,44,34144,卖盘
770,13:34:48,7.77,--,6,4662,买盘
771,13:34:42,7.77,0.01,100,77700,买盘
772,13:34:36,7.76,--,58,45008,卖盘
773,13:34:33,7.76,-0.01,15,11640,卖盘
774,13:34:18,7.77,0.01,4,3108,买盘
775,13:34:15,7.76,-0.01,15,11640,卖盘
776,13:34:03,7.77,--,5,3885,买盘
777,13:34:00,7.77,0.01,5,3885,买盘
778,13:33:45,7.76,--,32,24832,卖盘
779,13:33:39,7.76,--,12,9312,卖盘
780,13:33:36,7.76,--,16,12416,买盘
781,13:33:33,7.76,--,2,1552,买盘
782,13:33:30,7.76,--,2,1552,买盘
783,13:33:27,7.76,--,30,23280,卖盘
784,13:33:18,7.76,--,20,15520,卖盘
785,13:33:12,7.76,--,75,58200,买盘
786,13:33:09,7.76,--,10,7760,买盘
787,13:33:03,7.76,--,2,1552,买盘
788,13:32:51,7.76,--,10,7760,卖盘
789,13:32:48,7.76,--,8,6208,卖盘
790,13:32:45,7.76,--,5,3880,卖盘
791,13:32:39,7.76,--,1,776,卖盘
792,13:32:33,7.76,--,87,67512,买盘
793,13:32:30,7.76,0.01,20,15520,买盘
794,13:32:12,7.75,-0.01,8,6200,卖盘
795,13:32:09,7.76,0.02,1,776,买盘
796,13:32:00,7.74,-0.01,55,42570,卖盘
797,13:31:57,7.75,--,10,7750,卖盘
798,13:31:39,7.75,--,103,79825,买盘
799,13:31:36,7.75,0.01,5,3875,买盘
800,13:31:33,7.74,-0.01,20,15480,卖盘
801,13:31:24,7.75,0.01,25,19375,买盘
802,13:31:18,7.74,-0.01,3,2322,卖盘
803,13:31:00,7.75,--,18,13950,买盘
804,13:30:54,7.75,--,14,10850,买盘
805,13:30:42,7.75,--,10,7750,买盘
806,13:30:39,7.75,--,5,3875,买盘
807,13:30:33,7.75,0.01,2,1550,买盘
808,13:30:30,7.74,-0.01,6,4644,卖盘
809,13:30:27,7.75,--,10,7750,买盘
810,13:30:24,7.75,0.01,32,24800,买盘
811,13:30:21,7.74,-0.01,1,774,卖盘
812,13:30:12,7.75,--,32,24800,买盘
813,13:29:57,7.75,--,15,11625,买盘
814,13:29:48,7.75,0.01,6,4650,买盘
815,13:29:42,7.74,--,3,2322,卖盘
816,13:29:21,7.74,--,65,50310,买盘
817,13:29:09,7.74,--,102,78948,买盘
818,13:28:57,7.74,--,10,7740,买盘
819,13:28:36,7.74,--,20,15480,买盘
820,13:28:30,7.74,--,9,6966,买盘
821,13:28:24,7.74,--,58,44892,买盘
822,13:27:48,7.74,0.01,23,17802,买盘
823,13:27:36,7.73,--,4,3092,卖盘
824,13:27:33,7.73,-0.01,4,3092,卖盘
825,13:27:21,7.74,0.01,100,77400,买盘
826,13:27:09,7.73,-0.01,6,4638,卖盘
827,13:26:57,7.74,--,18,13932,买盘
828,13:26:18,7.74,0.01,1,774,买盘
829,13:25:57,7.73,--,1,773,卖盘
830,13:25:39,7.73,--,10,7730,卖盘
831,13:25:30,7.73,-0.01,14,10822,卖盘
832,13:25:21,7.74,--,61,47214,买盘
833,13:25:12,7.74,0.01,1,774,买盘
834,13:25:09,7.73,-0.01,10,7730,卖盘
835,13:24:45,7.74,0.01,74,57276,买盘
836,13:24:30,7.73,--,40,30920,卖盘
837,13:24:21,7.73,--,1,773,卖盘
838,13:24:18,7.73,-0.01,140,108220,卖盘
839,13:24:15,7.74,0.01,20,15480,买盘
840,13:23:48,7.73,-0.01,7,5411,卖盘
841,13:23:45,7.74,--,13,10062,买盘
842,13:23:42,7.74,--,5,3870,买盘
843,13:23:39,7.74,0.01,10,7740,买盘
844,13:23:33,7.73,--,20,15460,卖盘
845,13:23:30,7.73,-0.01,8,6184,卖盘
846,13:23:06,7.74,--,7,5418,买盘
847,13:23:00,7.74,--,5,3870,买盘
848,13:22:45,7.74,--,6,4644,买盘
849,13:22:42,7.74,0.01,10,7740,买盘
850,13:22:00,7.73,--,10,7730,卖盘
851,13:21:51,7.73,-0.01,11,8503,卖盘
852,13:20:54,7.74,0.01,22,17028,买盘
853,13:20:51,7.73,-0.01,2,1546,卖盘
854,13:20:45,7.74,0.01,10,7740,买盘
855,13:20:42,7.73,-0.01,5,3865,卖盘
856,13:20:39,7.74,--,6,4644,买盘
857,13:20:36,7.74,--,75,58050,买盘
858,13:20:27,7.74,--,10,7740,买盘
859,13:20:24,7.74,--,100,77400,买盘
860,13:20:18,7.74,--,5,3870,买盘
861,13:20:12,7.74,--,20,15480,买盘
862,13:19:27,7.74,--,5,3870,买盘
863,13:19:24,7.74,0.01,34,26316,买盘
864,13:19:06,7.73,-0.01,20,15460,卖盘
865,13:18:57,7.74,0.01,16,12384,买盘
866,13:18:54,7.73,-0.01,28,21644,卖盘
867,13:18:39,7.74,0.01,3,2322,买盘
868,13:18:27,7.73,--,8,6184,卖盘
869,13:17:39,7.73,--,10,7730,卖盘
870,13:17:24,7.73,--,26,20098,卖盘
871,13:17:18,7.73,0.01,63,48699,买盘
872,13:17:12,7.72,-0.01,50,38600,卖盘
873,13:16:33,7.73,0.01,104,80392,买盘
874,13:16:30,7.72,-0.01,20,15440,卖盘
875,13:16:21,7.73,0.01,40,30920,买盘
876,13:16:18,7.72,-0.01,94,72568,卖盘
877,13:16:15,7.73,--,10,7730,买盘
878,13:15:39,7.73,0.01,2,1546,买盘
879,13:15:36,7.72,--,34,26248,卖盘
880,13:15:33,7.72,-0.01,2,1544,卖盘
881,13:15:06,7.73,--,22,17006,买盘
882,13:14:57,7.73,--,5,3865,买盘
883,13:14:45,7.73,--,13,10049,买盘
884,13:14:36,7.73,--,6,4638,买盘
885,13:14:33,7.73,--,20,15460,买盘
886,13:14:24,7.73,--,7,5411,买盘
887,13:14:03,7.73,--,50,38650,买盘
888,13:14:00,7.73,--,3,2319,买盘
889,13:13:45,7.73,--,50,38650,买盘
890,13:13:36,7.73,0.01,10,7730,买盘
891,13:13:33,7.72,--,10,7720,卖盘
892,13:13:27,7.72,-0.01,60,46320,卖盘
893,13:13:24,7.73,--,4,3092,买盘
894,13:13:21,7.73,0.01,20,15460,买盘
895,13:13:00,7.72,--,11,8492,卖盘
896,13:12:15,7.72,--,35,27020,买盘
897,13:12:09,7.72,--,6,4632,买盘
898,13:12:00,7.72,-0.01,6,4632,卖盘
899,13:11:48,7.73,0.01,130,100490,买盘
900,13:11:30,7.72,--,5,3860,卖盘
901,13:11:21,7.72,--,10,7720,卖盘
902,13:11:18,7.72,--,32,24704,卖盘
903,13:11:15,7.72,-0.01,49,37828,卖盘
904,13:10:48,7.73,--,46,35558,卖盘
905,13:10:36,7.73,-0.01,12,9276,卖盘
906,13:10:24,7.74,--,1,774,买盘
907,13:10:03,7.74,--,1,774,卖盘
908,13:09:57,7.74,-0.01,25,19350,卖盘
909,13:09:36,7.75,--,12,9300,买盘
910,13:09:30,7.75,--,5,3875,买盘
911,13:09:09,7.75,0.01,2,1550,买盘
912,13:09:06,7.74,--,28,21672,卖盘
913,13:09:00,7.74,-0.01,6,4644,卖盘
914,13:08:57,7.75,--,40,31000,买盘
915,13:08:36,7.75,0.01,27,20925,买盘
916,13:08:30,7.74,--,134,103716,卖盘
917,13:08:27,7.74,-0.01,28,21672,卖盘
918,13:08:18,7.75,--,3,2325,买盘
919,13:08:06,7.75,--,1,775,卖盘
920,13:07:57,7.75,--,2,1550,卖盘
921,13:07:51,7.75,--,5,3875,卖盘
922,13:07:42,7.75,0.01,42,32550,买盘
923,13:07:39,7.74,-0.01,10,7740,卖盘
924,13:07:21,7.75,--,10,7750,买盘
925,13:07:18,7.75,0.01,11,8525,买盘
926,13:06:51,7.74,-0.01,5,3870,卖盘
927,13:06:45,7.75,0.01,2,1550,买盘
928,13:06:27,7.74,-0.01,5,3870,卖盘
929,13:06:18,7.75,--,1,775,买盘
930,13:06:15,7.75,0.01,20,15500,买盘
931,13:06:00,7.74,-0.01,100,77400,卖盘
932,13:05:39,7.75,--,9,6975,买盘
933,13:05:36,7.75,--,5,3875,买盘
934,13:05:06,7.75,0.01,20,15500,买盘
935,13:05:03,7.74,-0.01,1,774,卖盘
936,13:04:45,7.75,--,20,15500,买盘
937,13:04:42,7.75,--,15,11625,买盘
938,13:04:39,7.75,--,6,4650,买盘
939,13:04:30,7.75,--,101,78275,卖盘
940,13:04:27,7.75,--,50,38750,卖盘
941,13:04:21,7.75,--,49,37975,卖盘
942,13:04:09,7.75,--,10,7750,卖盘
943,13:04:03,7.75,--,16,12400,卖盘
944,13:03:54,7.75,-0.01,2,1550,卖盘
945,13:03:45,7.76,--,1,776,买盘
946,13:03:39,7.76,--,21,16296,卖盘
947,13:03:21,7.76,--,20,15520,卖盘
948,13:03:06,7.76,0.01,108,83808,买盘
949,13:02:54,7.75,--,127,98425,卖盘
950,13:02:45,7.75,-0.01,1,775,卖盘
951,13:02:21,7.76,--,2,1552,买盘
952,13:02:15,7.76,--,21,16296,卖盘
953,13:02:06,7.76,--,1,776,卖盘
954,13:01:54,7.76,--,10,7760,卖盘
955,13:01:51,7.76,--,110,85360,卖盘
956,13:01:45,7.76,-0.01,2,1552,卖盘
957,13:01:42,7.77,--,1,777,买盘
958,13:01:39,7.77,--,100,77700,买盘
959,13:01:33,7.77,--,165,128205,卖盘
960,13:01:30,7.77,-0.01,13,10101,卖盘
961,13:01:27,7.78,0.01,5,3890,买盘
962,13:01:18,7.77,--,93,72261,卖盘
963,13:01:15,7.77,-0.01,100,77700,卖盘
964,13:01:09,7.78,--,8,6224,买盘
965,13:01:03,7.78,-0.01,14,10892,卖盘
966,13:00:54,7.79,0.01,3,2337,买盘
967,13:00:51,7.78,--,2,1556,卖盘
968,13:00:45,7.78,--,45,35010,买盘
969,13:00:36,7.78,--,5,3890,买盘
970,13:00:27,7.78,--,53,41234,买盘
971,13:00:24,7.78,--,13,10114,买盘
972,13:00:18,7.78,0.01,27,21006,买盘
973,13:00:12,7.77,-0.01,3,2331,卖盘
974,13:00:09,7.78,--,74,57572,买盘
975,13:00:06,7.78,0.01,9,7002,买盘
976,13:00:03,7.77,-0.01,12,9324,中性盘
977,13:00:00,7.78,0.02,300,233400,买盘
978,11:30:00,7.76,--,0,0,卖盘
979,11:29:48,7.76,--,11,8536,买盘
980,11:29:42,7.76,0.01,19,14744,中性盘
981,11:29:33,7.75,-0.01,200,155000,卖盘
982,11:29:30,7.76,--,219,169944,买盘
983,11:29:24,7.76,--,5,3880,买盘
984,11:29:15,7.76,--,5,3880,买盘
985,11:29:03,7.76,0.01,5,3880,买盘
986,11:28:57,7.75,--,19,14725,卖盘
987,11:28:42,7.75,--,10,7750,卖盘
988,11:28:30,7.75,--,70,54250,买盘
989,11:28:27,7.75,--,40,31000,买盘
990,11:28:18,7.75,--,3,2325,买盘
991,11:28:12,7.75,--,31,24025,买盘
992,11:28:09,7.75,--,20,15500,买盘
993,11:28:06,7.75,--,264,204600,买盘
994,11:27:57,7.75,--,22,17050,买盘
995,11:27:54,7.75,0.01,6,4650,买盘
996,11:27:33,7.74,--,61,47214,买盘
997,11:27:12,7.74,--,108,83592,买盘
998,11:27:09,7.74,--,15,11610,买盘
999,11:27:06,7.74,--,22,17028,买盘
1000,11:27:03,7.74,--,104,80496,买盘
1001,11:26:51,7.74,--,4,3096,买盘
1002,11:26:33,7.74,--,20,15480,买盘
1003,11:26:03,7.74,0.02,20,15480,中性盘
1004,11:25:57,7.72,-0.01,20,15440,卖盘
1005,11:25:54,7.73,--,17,13141,卖盘
1006,11:25:48,7.73,--,3,2319,买盘
1007,11:25:36,7.73,--,12,9276,卖盘
1008,11:25:33,7.73,--,12,9276,卖盘
1009,11:25:30,7.73,--,82,63386,买盘
1010,11:25:18,7.73,-0.01,100,77300,卖盘
1011,11:25:03,7.74,--,2,1548,买盘
1012,11:25:00,7.74,--,84,65016,卖盘
1013,11:24:57,7.74,--,200,154800,卖盘
1014,11:24:54,7.74,--,124,95976,买盘
1015,11:24:48,7.74,--,36,27864,买盘
1016,11:24:45,7.74,--,2,1548,买盘
1017,11:24:42,7.74,--,3,2322,买盘
1018,11:24:36,7.74,--,5,3870,买盘
1019,11:24:30,7.74,0.01,21,16254,买盘
1020,11:24:27,7.73,--,8,6184,卖盘
1021,11:24:12,7.73,0.01,2,1546,卖盘
1022,11:24:09,7.72,--,217,167524,买盘
1023,11:24:06,7.72,--,6,4632,买盘
1024,11:24:00,7.72,--,68,52496,买盘
1025,11:23:54,7.72,--,13,10036,买盘
1026,11:23:42,7.72,0.01,544,419968,买盘
1027,11:23:30,7.71,-0.01,1,771,卖盘
1028,11:23:21,7.72,0.01,11,8492,买盘
1029,11:23:00,7.71,--,206,158826,买盘
1030,11:22:57,7.71,0.01,10,7710,买盘
1031,11:22:54,7.7,-0.01,10,7700,卖盘
1032,11:22:48,7.71,--,2,1542,买盘
1033,11:22:42,7.71,--,50,38550,买盘
1034,11:22:39,7.71,--,2,1542,买盘
1035,11:22:33,7.71,--,100,77100,买盘
1036,11:22:30,7.71,--,5,3855,买盘
1037,11:22:12,7.71,0.01,2,1542,买盘
1038,11:21:57,7.7,--,23,17710,卖盘
1039,11:21:48,7.7,-0.01,10,7700,卖盘
1040,11:21:45,7.71,0.01,30,23130,买盘
1041,11:21:30,7.7,--,55,42350,卖盘
1042,11:21:18,7.7,--,4,3080,卖盘
1043,11:21:03,7.7,--,101,77770,买盘
1044,11:20:51,7.7,0.01,16,12320,买盘
1045,11:20:45,7.69,-0.01,20,15380,卖盘
1046,11:20:15,7.7,0.01,57,43890,买盘
1047,11:20:12,7.69,--,20,15380,卖盘
1048,11:20:03,7.69,--,5,3845,卖盘
1049,11:19:42,7.69,-0.01,2,1538,卖盘
1050,11:19:36,7.7,0.01,1,770,买盘
1051,11:19:30,7.69,--,100,76900,卖盘
1052,11:19:15,7.69,--,10,7690,卖盘
1053,11:19:03,7.69,--,12,9228,卖盘
1054,11:18:54,7.69,-0.01,15,11535,卖盘
1055,11:18:48,7.7,--,14,10780,买盘
1056,11:18:30,7.7,0.01,6,4620,买盘
1057,11:18:21,7.69,-0.01,10,7690,卖盘
1058,11:18:18,7.7,0.01,13,10010,中性盘
1059,11:18:12,7.69,-0.01,2,1538,卖盘
1060,11:17:54,7.7,0.01,49,37730,买盘
1061,11:17:51,7.69,--,10,7690,卖盘
1062,11:17:48,7.69,--,3,2307,卖盘
1063,11:17:45,7.69,-0.01,1,769,卖盘
1064,11:17:39,7.7,--,4,3080,买盘
1065,11:17:33,7.7,--,55,42350,买盘
1066,11:17:27,7.7,0.01,25,19250,买盘
1067,11:17:18,7.69,--,59,45371,卖盘
1068,11:17:15,7.69,-0.01,10,7690,卖盘
1069,11:17:12,7.7,0.01,31,23870,买盘
1070,11:17:09,7.69,-0.01,12,9228,卖盘
1071,11:17:03,7.7,0.02,53,40810,买盘
1072,11:16:33,7.68,--,30,23040,卖盘
1073,11:16:30,7.68,-0.02,8,6144,卖盘
1074,11:16:21,7.7,0.02,1,770,买盘
1075,11:16:12,7.68,-0.02,70,53760,卖盘
1076,11:16:06,7.7,0.02,20,15400,中性盘
1077,11:16:00,7.68,-0.02,811,622848,卖盘
1078,11:15:48,7.7,-0.01,130,100100,卖盘
1079,11:15:45,7.71,0.01,31,23901,买盘
1080,11:15:39,7.7,-0.01,40,30800,卖盘
1081,11:15:27,7.71,0.01,6,4626,买盘
1082,11:15:21,7.7,-0.01,2,1540,卖盘
1083,11:15:18,7.71,-0.01,98,75558,卖盘
1084,11:15:15,7.72,--,50,38600,买盘
1085,11:15:12,7.72,0.01,6,4632,买盘
1086,11:14:45,7.71,--,92,70932,买盘
1087,11:14:42,7.71,--,50,38550,买盘
1088,11:14:39,7.71,0.01,5,3855,买盘
1089,11:14:36,7.7,-0.01,4,3080,卖盘
1090,11:14:27,7.71,--,54,41634,买盘
1091,11:14:18,7.71,0.01,69,53199,买盘
1092,11:14:15,7.7,-0.01,5,3850,卖盘
1093,11:13:54,7.71,0.01,40,30840,买盘
1094,11:12:42,7.7,--,172,132440,买盘
1095,11:12:30,7.7,--,4,3080,买盘
1096,11:12:27,7.7,--,8,6160,买盘
1097,11:12:18,7.7,-0.01,224,172480,卖盘
1098,11:12:15,7.71,0.01,11,8481,买盘
1099,11:12:12,7.7,--,6,4620,卖盘
1100,11:12:06,7.7,--,10,7700,卖盘
1101,11:11:30,7.7,-0.01,3,2310,卖盘
1102,11:11:18,7.71,--,11,8481,卖盘
1103,11:11:06,7.71,--,502,387042,卖盘
1104,11:11:00,7.71,--,20,15420,卖盘
1105,11:10:51,7.71,-0.01,1,771,卖盘
1106,11:10:45,7.72,--,1,772,买盘
1107,11:10:33,7.72,0.01,6,4632,买盘
1108,11:10:27,7.71,-0.01,512,394752,卖盘
1109,11:10:06,7.72,--,10,7720,卖盘
1110,11:09:51,7.72,--,50,38600,卖盘
1111,11:09:48,7.72,--,1,772,卖盘
1112,11:09:27,7.72,0.01,49,37828,买盘
1113,11:09:18,7.71,-0.01,68,52428,卖盘
1114,11:08:39,7.72,--,4,3088,买盘
1115,11:08:36,7.72,--,30,23160,买盘
1116,11:08:30,7.72,--,6,4632,买盘
1117,11:08:21,7.72,--,105,81060,买盘
1118,11:08:12,7.72,--,126,97272,买盘
1119,11:08:09,7.72,0.01,5,3860,买盘
1120,11:08:00,7.71,--,48,37008,卖盘
1121,11:07:51,7.71,--,3,2313,卖盘
1122,11:07:48,7.71,--,3,2313,卖盘
1123,11:07:39,7.71,-0.01,3,2313,卖盘
1124,11:07:33,7.72,--,5,3860,买盘
1125,11:07:30,7.72,--,127,98044,卖盘
1126,11:07:27,7.72,-0.01,6,4632,卖盘
1127,11:07:24,7.73,--,9,6957,买盘
1128,11:07:21,7.73,--,3,2319,买盘
1129,11:07:03,7.73,-0.01,242,187066,卖盘
1130,11:06:51,7.74,0.01,10,7740,买盘
1131,11:06:45,7.73,-0.01,20,15460,卖盘
1132,11:06:42,7.74,--,10,7740,买盘
1133,11:06:33,7.74,--,10,7740,买盘
1134,11:06:30,7.74,--,1,774,买盘
1135,11:06:27,7.74,0.01,13,10062,买盘
1136,11:06:21,7.73,--,20,15460,卖盘
1137,11:06:12,7.73,0.01,63,48699,买盘
1138,11:06:09,7.72,--,5,3860,卖盘
1139,11:05:15,7.72,--,4,3088,买盘
1140,11:05:12,7.72,--,4,3088,买盘
1141,11:05:06,7.72,--,5,3860,买盘
1142,11:05:03,7.72,--,7,5404,买盘
1143,11:04:54,7.72,--,14,10808,买盘
1144,11:04:51,7.72,0.01,2,1544,买盘
1145,11:04:48,7.71,-0.01,2,1542,卖盘
1146,11:04:45,7.72,0.01,2,1544,买盘
1147,11:04:42,7.71,--,6,4626,卖盘
1148,11:04:33,7.71,--,654,504234,买盘
1149,11:04:30,7.71,0.01,9,6939,买盘
1150,11:04:27,7.7,--,7,5390,卖盘
1151,11:04:18,7.7,--,10,7700,卖盘
1152,11:04:00,7.7,--,15,11550,卖盘
1153,11:03:48,7.7,--,5,3850,卖盘
1154,11:03:30,7.7,0.01,27,20790,中性盘
1155,11:03:21,7.69,-0.01,110,84590,卖盘
1156,11:03:18,7.7,0.01,67,51590,买盘
1157,11:02:57,7.69,-0.01,2,1538,卖盘
1158,11:02:54,7.7,0.01,100,77000,买盘
1159,11:02:48,7.69,-0.01,4,3076,卖盘
1160,11:02:42,7.7,--,50,38500,买盘
1161,11:02:30,7.7,--,100,77000,买盘
1162,11:02:21,7.7,--,9,6930,买盘
1163,11:02:09,7.7,--,8,6160,买盘
1164,11:01:57,7.7,--,11,8470,买盘
1165,11:01:54,7.7,--,90,69300,买盘
1166,11:01:42,7.7,0.01,47,36190,买盘
1167,11:01:39,7.69,-0.01,365,280685,卖盘
1168,11:01:30,7.7,--,6,4620,卖盘
1169,11:01:24,7.7,--,20,15400,买盘
1170,11:01:21,7.7,--,10,7700,买盘
1171,11:01:00,7.7,--,21,16170,卖盘
1172,11:00:57,7.7,--,30,23100,买盘
1173,11:00:42,7.7,--,22,16940,买盘
1174,11:00:39,7.7,--,45,34650,买盘
1175,11:00:36,7.7,--,30,23100,买盘
1176,11:00:30,7.7,0.01,2,1540,买盘
1177,11:00:27,7.69,-0.01,30,23070,卖盘
1178,11:00:00,7.7,--,350,269500,买盘
1179,10:59:48,7.7,0.01,20,15400,买盘
1180,10:59:12,7.69,-0.01,40,30760,卖盘
1181,10:59:06,7.7,0.01,18,13860,买盘
1182,10:58:54,7.69,-0.01,15,11535,卖盘
1183,10:58:48,7.7,0.01,1,770,买盘
1184,10:58:45,7.69,--,26,19994,卖盘
1185,10:58:42,7.69,-0.01,10,7690,卖盘
1186,10:58:30,7.7,0.01,3,2310,买盘
1187,10:58:27,7.69,-0.01,201,154569,卖盘
1188,10:58:21,7.7,--,20,15400,买盘
1189,10:58:15,7.7,--,2,1540,买盘
1190,10:58:12,7.7,--,2,1540,买盘
1191,10:58:00,7.7,-0.01,66,50820,卖盘
1192,10:57:57,7.71,0.01,5,3855,买盘
1193,10:57:51,7.7,--,34,26180,买盘
1194,10:57:48,7.7,-0.01,31,23870,卖盘
1195,10:57:36,7.71,0.02,40,30840,买盘
1196,10:57:27,7.69,--,5,3845,卖盘
1197,10:57:24,7.69,-0.01,21,16149,卖盘
1198,10:57:21,7.7,--,5,3850,买盘
1199,10:57:18,7.7,--,10,7700,买盘
1200,10:57:15,7.7,--,9,6930,买盘
1201,10:57:12,7.7,--,2,1540,买盘
1202,10:57:06,7.7,--,20,15400,买盘
1203,10:57:03,7.7,--,209,160930,买盘
1204,10:57:00,7.7,--,2,1540,买盘
1205,10:56:33,7.7,--,22,16940,买盘
1206,10:56:30,7.7,--,7,5390,买盘
1207,10:56:27,7.7,-0.01,99,76230,卖盘
1208,10:56:12,7.71,--,5,3855,买盘
1209,10:56:06,7.71,--,46,35466,买盘
1210,10:56:03,7.71,--,220,169620,卖盘
1211,10:56:00,7.71,--,6,4626,买盘
1212,10:55:57,7.71,--,20,15420,买盘
1213,10:55:54,7.71,--,3,2313,买盘
1214,10:55:48,7.71,--,21,16191,买盘
1215,10:55:45,7.71,--,10,7710,买盘
1216,10:55:42,7.71,--,20,15420,买盘
1217,10:55:39,7.71,--,58,44718,买盘
1218,10:55:24,7.71,0.01,48,37008,买盘
1219,10:54:39,7.7,0.01,40,30800,买盘
1220,10:54:21,7.69,--,70,53830,卖盘
1221,10:54:09,7.69,--,1,769,卖盘
1222,10:53:36,7.69,--,190,146110,买盘
1223,10:53:24,7.69,--,23,17687,买盘
1224,10:53:18,7.69,--,2,1538,买盘
1225,10:53:09,7.69,--,41,31529,买盘
1226,10:53:06,7.69,--,5,3845,买盘
1227,10:52:57,7.69,--,10,7690,买盘
1228,10:52:54,7.69,--,21,16149,买盘
1229,10:52:48,7.69,--,68,52292,买盘
1230,10:52:24,7.69,--,60,46140,中性盘
1231,10:52:21,7.69,-0.01,10,7690,卖盘
1232,10:52:18,7.7,0.01,15,11550,买盘
1233,10:52:15,7.69,-0.01,60,46140,卖盘
1234,10:51:30,7.7,0.01,9,6930,买盘
1235,10:51:24,7.69,--,56,43064,卖盘
1236,10:51:18,7.69,--,7,5383,卖盘
1237,10:51:15,7.69,--,2,1538,卖盘
1238,10:51:12,7.69,--,37,28453,买盘
1239,10:51:09,7.69,--,5,3845,买盘
1240,10:50:54,7.69,0.01,19,14611,买盘
1241,10:50:48,7.68,-0.01,4,3072,卖盘
1242,10:50:45,7.69,--,5,3845,买盘
1243,10:50:39,7.69,--,31,23839,买盘
1244,10:50:24,7.69,--,26,19994,买盘
1245,10:50:18,7.69,--,100,76900,买盘
1246,10:49:57,7.69,0.01,77,59213,买盘
1247,10:49:51,7.68,--,12,9216,卖盘
1248,10:49:48,7.68,-0.01,40,30720,卖盘
1249,10:49:42,7.69,--,2,1538,买盘
1250,10:49:39,7.69,0.01,5,3845,买盘
1251,10:49:36,7.68,-0.01,7,5376,卖盘
1252,10:49:30,7.69,0.01,2,1538,买盘
1253,10:49:24,7.68,-0.01,7,5376,卖盘
1254,10:49:18,7.69,--,9,6921,买盘
1255,10:49:12,7.69,0.01,14,10766,买盘
1256,10:49:03,7.68,-0.01,1,768,卖盘
1257,10:48:57,7.69,0.01,5,3845,买盘
1258,10:48:54,7.68,-0.01,74,56977,卖盘
1259,10:48:48,7.69,0.01,100,76900,买盘
1260,10:48:45,7.68,-0.01,10,7680,卖盘
1261,10:48:36,7.69,--,2,1538,买盘
1262,10:48:33,7.69,--,103,79207,买盘
1263,10:48:30,7.69,--,37,28453,卖盘
1264,10:48:24,7.69,--,30,23070,卖盘
1265,10:48:15,7.69,0.01,38,29222,买盘
1266,10:48:12,7.68,0.01,2,1536,买盘
1267,10:48:09,7.67,-0.01,49,37583,卖盘
1268,10:48:06,7.68,-0.01,75,57600,卖盘
1269,10:48:03,7.69,--,30,23070,买盘
1270,10:47:57,7.69,--,35,26915,买盘
1271,10:47:54,7.69,-0.01,59,45371,中性盘
1272,10:47:33,7.7,--,1,770,买盘
1273,10:47:27,7.7,--,17,13090,买盘
1274,10:47:24,7.7,0.02,100,77000,买盘
1275,10:47:18,7.68,-0.02,544,417792,卖盘
1276,10:47:15,7.7,0.01,39,30030,买盘
1277,10:47:06,7.69,0.01,250,192250,买盘
1278,10:46:54,7.68,--,104,79872,卖盘
1279,10:46:51,7.68,-0.01,45,34560,卖盘
1280,10:46:48,7.69,--,2,1538,买盘
1281,10:46:42,7.69,0.01,5,3845,买盘
1282,10:46:33,7.68,-0.01,17,13056,卖盘
1283,10:46:24,7.69,--,15,11535,买盘
1284,10:46:09,7.69,--,10,7690,买盘
1285,10:46:06,7.69,--,2,1538,买盘
1286,10:46:00,7.69,--,10,7690,买盘
1287,10:45:57,7.69,0.01,10,7690,买盘
1288,10:45:51,7.68,-0.01,9,6912,卖盘
1289,10:45:45,7.69,--,20,15380,买盘
1290,10:45:30,7.69,--,100,76900,买盘
1291,10:45:24,7.69,0.01,12,9228,买盘
1292,10:45:21,7.68,--,105,80640,买盘
1293,10:45:18,7.68,--,20,15360,卖盘
1294,10:45:12,7.68,-0.01,8,6144,卖盘
1295,10:45:09,7.69,0.01,5,3845,买盘
1296,10:45:03,7.68,--,42,32256,买盘
1297,10:45:00,7.68,--,16,12288,买盘
1298,10:44:57,7.68,--,49,37632,买盘
1299,10:44:54,7.68,--,20,15360,买盘
1300,10:44:48,7.68,--,132,101376,卖盘
1301,10:44:39,7.68,--,82,62976,买盘
1302,10:44:36,7.68,--,32,24576,买盘
1303,10:44:33,7.68,--,30,23040,买盘
1304,10:44:30,7.68,--,3,2304,买盘
1305,10:44:24,7.68,--,15,11520,买盘
1306,10:44:21,7.68,--,54,41472,买盘
1307,10:44:06,7.68,--,2,1536,买盘
1308,10:44:03,7.68,--,9,6912,买盘
1309,10:44:00,7.68,0.03,10,7680,买盘
1310,10:43:57,7.65,-0.02,678,518670,卖盘
1311,10:43:48,7.67,--,107,82069,买盘
1312,10:43:45,7.67,--,21,16107,买盘
1313,10:43:42,7.67,--,5,3835,买盘
1314,10:43:39,7.67,--,49,37583,买盘
1315,10:43:36,7.67,0.01,72,55224,买盘
1316,10:43:15,7.66,--,29,22214,买盘
1317,10:43:12,7.66,--,26,19916,买盘
1318,10:43:09,7.66,--,10,7660,买盘
1319,10:43:06,7.66,--,6,4596,买盘
1320,10:43:00,7.66,0.01,238,182308,买盘
1321,10:42:54,7.65,-0.01,5,3825,卖盘
1322,10:42:42,7.66,0.02,2,1532,买盘
1323,10:42:39,7.64,-0.01,104,79639,卖盘
1324,10:42:21,7.65,--,5,3825,买盘
1325,10:42:18,7.65,--,11,8415,买盘
1326,10:42:15,7.65,0.02,19,14535,买盘
1327,10:42:12,7.63,-0.02,836,638447,卖盘
1328,10:42:03,7.65,0.01,7,5355,买盘
1329,10:41:54,7.64,--,3,2292,卖盘
1330,10:41:51,7.64,--,19,14516,卖盘
1331,10:41:36,7.64,--,30,23103,买盘
1332,10:41:30,7.64,0.01,2,1528,买盘
1333,10:41:27,7.63,-0.01,100,76300,卖盘
1334,10:41:24,7.64,--,240,183360,买盘
1335,10:41:21,7.64,--,17,12988,买盘
1336,10:41:15,7.64,--,19,14516,买盘
1337,10:41:12,7.64,--,291,222324,买盘
1338,10:41:03,7.64,--,12,9168,买盘
1339,10:41:00,7.64,--,93,71052,卖盘
1340,10:40:54,7.64,0.01,27,20628,买盘
1341,10:40:51,7.63,-0.01,62,47306,卖盘
1342,10:40:42,7.64,--,10,7640,买盘
1343,10:40:39,7.64,--,100,76400,买盘
1344,10:40:33,7.64,--,41,31324,买盘
1345,10:40:30,7.64,-0.01,203,155092,卖盘
1346,10:40:24,7.65,--,7,5355,卖盘
1347,10:40:15,7.65,0.01,9,6885,买盘
1348,10:40:12,7.64,-0.01,7,5348,卖盘
1349,10:40:09,7.65,0.01,64,48960,买盘
1350,10:40:06,7.64,--,4,3056,卖盘
1351,10:40:03,7.64,-0.01,2,1528,卖盘
1352,10:40:00,7.65,--,5,3825,买盘
1353,10:39:57,7.65,--,30,22950,买盘
1354,10:39:51,7.65,--,30,22950,买盘
1355,10:39:45,7.65,--,5,3825,买盘
1356,10:39:42,7.65,--,3,2295,买盘
1357,10:39:39,7.65,--,10,7650,买盘
1358,10:39:36,7.65,0.01,151,115515,买盘
1359,10:39:24,7.64,-0.01,100,76400,卖盘
1360,10:39:21,7.65,--,20,15300,买盘
1361,10:39:18,7.65,--,23,17595,买盘
1362,10:39:12,7.65,0.01,30,22950,买盘
1363,10:39:06,7.64,-0.01,71,54244,卖盘
1364,10:39:03,7.65,0.01,5,3825,买盘
1365,10:39:00,7.64,-0.01,37,28268,卖盘
1366,10:38:57,7.65,0.01,25,19125,买盘
1367,10:38:42,7.64,--,284,216976,卖盘
1368,10:38:39,7.64,--,139,106196,买盘
1369,10:38:36,7.64,--,1,764,买盘
1370,10:38:30,7.64,--,10,7640,买盘
1371,10:38:27,7.64,--,6,4584,买盘
1372,10:38:24,7.64,--,12,9168,买盘
1373,10:38:21,7.64,-0.01,172,131408,卖盘
1374,10:38:18,7.65,--,52,39780,买盘
1375,10:38:15,7.65,--,1,765,买盘
1376,10:38:12,7.65,0.01,18,13770,买盘
1377,10:38:09,7.64,-0.01,100,76400,卖盘
1378,10:38:06,7.65,--,48,36720,买盘
1379,10:38:03,7.65,--,17,13005,买盘
1380,10:38:00,7.65,0.01,46,35190,买盘
1381,10:37:57,7.64,-0.01,126,96264,卖盘
1382,10:37:54,7.65,--,10,7650,买盘
1383,10:37:51,7.65,-0.01,184,140760,卖盘
1384,10:37:48,7.66,0.01,1,766,买盘
1385,10:37:45,7.65,--,1,765,卖盘
1386,10:37:42,7.65,-0.01,46,35190,卖盘
1387,10:37:36,7.66,--,6,4596,买盘
1388,10:37:33,7.66,--,9,6894,买盘
1389,10:37:30,7.66,--,193,147838,卖盘
1390,10:37:27,7.66,--,20,15320,卖盘
1391,10:37:24,7.66,-0.01,79,60514,卖盘
1392,10:37:21,7.67,--,5,3835,买盘
1393,10:37:18,7.67,0.01,222,170274,买盘
1394,10:37:15,7.66,-0.01,150,114900,卖盘
1395,10:37:03,7.67,0.01,10,7670,买盘
1396,10:36:54,7.66,-0.01,72,55152,卖盘
1397,10:36:51,7.67,--,178,136526,卖盘
1398,10:36:42,7.67,--,100,76700,卖盘
1399,10:36:36,7.67,--,463,355121,买盘
1400,10:36:33,7.67,0.01,1,767,买盘
1401,10:36:30,7.66,-0.01,102,78132,卖盘
1402,10:36:27,7.67,--,5,3835,买盘
1403,10:36:21,7.67,--,6,4602,买盘
1404,10:36:15,7.67,--,21,16107,买盘
1405,10:36:12,7.67,-0.01,466,357422,卖盘
1406,10:35:57,7.68,-0.01,68,52224,卖盘
1407,10:35:51,7.69,0.03,50,38450,买盘
1408,10:35:42,7.66,--,30,22980,卖盘
1409,10:35:24,7.66,--,50,38300,卖盘
1410,10:35:18,7.66,--,43,32938,买盘
1411,10:35:12,7.66,--,3,2298,买盘
1412,10:35:09,7.66,0.01,11,8426,买盘
1413,10:34:54,7.65,0.01,55,42075,买盘
1414,10:34:51,7.64,-0.01,16,12224,卖盘
1415,10:34:48,7.65,--,15,11475,买盘
1416,10:34:45,7.65,--,2,1530,买盘
1417,10:34:42,7.65,--,102,78030,买盘
1418,10:34:39,7.65,--,257,196605,买盘
1419,10:34:33,7.65,--,6,4590,买盘
1420,10:34:27,7.65,0.01,14,10710,买盘
1421,10:34:21,7.64,0.01,70,53480,买盘
1422,10:34:18,7.63,-0.01,84,64092,卖盘
1423,10:34:15,7.64,-0.01,35,26740,中性盘
1424,10:34:12,7.65,0.02,363,277695,买盘
1425,10:34:09,7.63,--,263,200669,卖盘
1426,10:34:06,7.63,--,38,28994,卖盘
1427,10:34:03,7.63,--,1,763,卖盘
1428,10:34:00,7.63,--,1,763,卖盘
1429,10:33:57,7.63,0.01,32,24454,买盘
1430,10:33:54,7.62,-0.01,12,9144,卖盘
1431,10:33:51,7.63,-0.01,24,18312,买盘
1432,10:33:48,7.64,0.02,130,99320,买盘
1433,10:33:45,7.62,-0.01,156,118872,卖盘
1434,10:33:39,7.63,-0.01,15,11445,卖盘
1435,10:33:36,7.64,0.01,1,764,买盘
1436,10:33:33,7.63,-0.01,15,11445,卖盘
1437,10:33:27,7.64,--,6,4584,卖盘
1438,10:33:21,7.64,--,20,15280,买盘
1439,10:33:18,7.64,-0.01,40,30560,卖盘
1440,10:33:15,7.65,0.01,10,7650,买盘
1441,10:33:12,7.64,-0.02,30,22920,卖盘
1442,10:33:09,7.66,0.01,118,90388,买盘
1443,10:33:06,7.65,-0.01,60,45900,卖盘
1444,10:33:03,7.66,0.01,2,1532,买盘
1445,10:33:00,7.65,-0.01,6,4590,卖盘
1446,10:32:57,7.66,0.01,20,15320,买盘
1447,10:32:51,7.65,--,31,23715,买盘
1448,10:32:48,7.65,0.01,175,133875,买盘
1449,10:32:45,7.64,--,34,25976,卖盘
1450,10:32:42,7.64,--,19,14516,卖盘
1451,10:32:39,7.64,--,12,9168,卖盘
1452,10:32:36,7.64,--,18,13752,买盘
1453,10:32:30,7.64,--,22,16808,买盘
1454,10:32:27,7.64,--,27,20628,买盘
1455,10:32:21,7.64,0.02,15,11460,买盘
1456,10:32:18,7.62,-0.02,23,17526,卖盘
1457,10:32:15,7.64,0.02,20,15280,买盘
1458,10:32:12,7.62,0.01,6,4572,卖盘
1459,10:32:00,7.61,-0.03,26,19786,卖盘
1460,10:31:57,7.64,-0.01,101,77164,卖盘
1461,10:31:51,7.65,--,85,65025,买盘
1462,10:31:45,7.65,0.04,6,4590,中性盘
1463,10:31:39,7.61,-0.04,455,346255,卖盘
1464,10:31:36,7.65,-0.01,152,116280,卖盘
1465,10:31:24,7.66,-0.02,154,117964,卖盘
1466,10:31:18,7.68,--,3,2304,买盘
1467,10:31:15,7.68,-0.01,275,211200,卖盘
1468,10:31:12,7.69,-0.01,27,20763,卖盘
1469,10:31:09,7.7,--,10,7700,买盘
1470,10:31:06,7.7,--,5,3850,买盘
1471,10:31:03,7.7,--,2,1540,买盘
1472,10:31:00,7.7,-0.02,3493,2689610,卖盘
1473,10:30:51,7.72,-0.01,37,28564,卖盘
1474,10:30:45,7.73,0.01,2,1546,买盘
1475,10:30:36,7.72,-0.01,190,146680,卖盘
1476,10:30:33,7.73,0.01,70,54110,中性盘
1477,10:30:30,7.72,--,190,146680,卖盘
1478,10:30:24,7.72,-0.01,90,69480,卖盘
1479,10:30:21,7.73,0.01,23,17779,买盘
1480,10:30:18,7.72,--,106,81832,卖盘
1481,10:30:12,7.72,--,13,10036,卖盘
1482,10:30:09,7.72,--,4,3088,卖盘
1483,10:30:06,7.72,--,24,18528,卖盘
1484,10:30:03,7.72,--,4,3088,卖盘
1485,10:30:00,7.72,-0.01,4,3088,卖盘
1486,10:29:57,7.73,0.01,20,15460,买盘
1487,10:29:54,7.72,--,30,23160,卖盘
1488,10:29:51,7.72,-0.01,1,772,卖盘
1489,10:29:48,7.73,--,2,1546,买盘
1490,10:29:45,7.73,--,2,1546,买盘
1491,10:29:39,7.73,--,10,7730,买盘
1492,10:29:33,7.73,--,12,9276,卖盘
1493,10:29:24,7.73,--,300,231900,卖盘
1494,10:29:18,7.73,--,6,4638,卖盘
1495,10:29:00,7.73,--,2,1546,卖盘
1496,10:28:54,7.73,--,24,18552,卖盘
1497,10:28:51,7.73,-0.01,14,10822,卖盘
1498,10:28:42,7.74,0.01,3,2322,买盘
1499,10:28:39,7.73,-0.01,10,7730,卖盘
1500,10:28:33,7.74,0.01,6,4644,买盘
1501,10:28:15,7.73,--,25,19325,卖盘
1502,10:27:57,7.73,--,6,4638,卖盘
1503,10:27:33,7.73,--,73,56429,卖盘
1504,10:27:09,7.73,--,85,65705,买盘
1505,10:27:00,7.73,--,10,7730,买盘
1506,10:26:57,7.73,-0.01,35,27055,卖盘
1507,10:26:51,7.74,0.01,20,15480,买盘
1508,10:26:48,7.73,--,54,41742,买盘
1509,10:26:42,7.73,--,27,20871,卖盘
1510,10:26:30,7.73,--,19,14687,买盘
1511,10:26:24,7.73,0.01,122,94306,买盘
1512,10:26:21,7.72,-0.01,10,7720,卖盘
1513,10:26:03,7.73,--,8,6184,买盘
1514,10:25:57,7.73,-0.01,20,15460,中性盘
1515,10:25:48,7.74,0.01,40,30960,买盘
1516,10:25:45,7.73,--,50,38650,卖盘
1517,10:25:42,7.73,--,26,20098,卖盘
1518,10:25:36,7.73,-0.01,20,15460,卖盘
1519,10:25:27,7.74,0.01,10,7740,买盘
1520,10:25:24,7.73,--,4,3092,卖盘
1521,10:25:21,7.73,--,16,12368,卖盘
1522,10:25:06,7.73,--,30,23190,卖盘
1523,10:24:57,7.73,-0.01,26,20098,卖盘
1524,10:24:48,7.74,0.01,22,17028,买盘
1525,10:24:45,7.73,--,60,46380,卖盘
1526,10:24:39,7.73,--,30,23190,卖盘
1527,10:24:36,7.73,--,19,14687,卖盘
1528,10:24:30,7.73,-0.01,123,95079,卖盘
1529,10:24:27,7.74,0.01,7,5418,买盘
1530,10:24:12,7.73,-0.01,538,415874,卖盘
1531,10:24:09,7.74,--,61,47214,买盘
1532,10:24:03,7.74,--,61,47214,卖盘
1533,10:23:57,7.74,--,73,56502,买盘
1534,10:23:51,7.74,--,21,16254,买盘
1535,10:23:48,7.74,--,1,774,买盘
1536,10:23:45,7.74,--,10,7740,买盘
1537,10:23:42,7.74,--,5,3870,买盘
1538,10:23:39,7.74,--,4,3096,买盘
1539,10:23:36,7.74,0.01,30,23220,买盘
1540,10:23:18,7.73,-0.01,30,23190,卖盘
1541,10:23:15,7.74,--,30,23220,买盘
1542,10:23:09,7.74,0.01,78,60372,买盘
1543,10:23:06,7.73,--,18,13914,卖盘
1544,10:23:00,7.73,-0.02,358,276734,卖盘
1545,10:22:57,7.75,0.02,2,1550,买盘
1546,10:22:45,7.73,-0.01,47,36331,卖盘
1547,10:22:42,7.74,0.01,8,6192,买盘
1548,10:22:36,7.73,-0.01,191,147643,卖盘
1549,10:22:30,7.74,0.01,2,1548,买盘
1550,10:22:21,7.73,--,30,23190,卖盘
1551,10:22:18,7.73,-0.01,240,185520,卖盘
1552,10:22:12,7.74,0.01,5,3870,买盘
1553,10:22:00,7.73,--,33,25509,卖盘
1554,10:21:54,7.73,--,45,34785,卖盘
1555,10:21:48,7.73,-0.01,50,38650,卖盘
1556,10:21:39,7.74,0.01,3,2322,买盘
1557,10:21:36,7.73,--,12,9276,卖盘
1558,10:21:12,7.73,--,175,135275,买盘
1559,10:21:09,7.73,--,60,46380,买盘
1560,10:21:03,7.73,--,2,1546,买盘
1561,10:21:00,7.73,--,19,14687,买盘
1562,10:20:54,7.73,--,87,67251,买盘
1563,10:20:45,7.73,--,518,400414,卖盘
1564,10:20:33,7.73,-0.03,28,21644,卖盘
1565,10:20:27,7.76,0.02,15,11640,买盘
1566,10:20:12,7.74,--,11,8514,卖盘
1567,10:20:09,7.74,--,9,6966,买盘
1568,10:19:57,7.74,--,93,71982,买盘
1569,10:19:54,7.74,--,7,5418,买盘
1570,10:19:51,7.74,--,100,77400,买盘
1571,10:19:36,7.74,0.02,80,61920,买盘
1572,10:19:30,7.72,-0.01,1,772,卖盘
1573,10:19:27,7.73,--,11,8503,卖盘
1574,10:19:21,7.73,0.01,13,10103,买盘
1575,10:19:15,7.72,-0.01,397,307201,卖盘
1576,10:19:12,7.73,--,11,8503,买盘
1577,10:19:09,7.73,--,14,10822,买盘
1578,10:19:06,7.73,0.01,41,31693,买盘
1579,10:19:03,7.72,-0.01,7,5404,卖盘
1580,10:19:00,7.73,--,10,7730,买盘
1581,10:18:57,7.73,0.01,10,7730,买盘
1582,10:18:45,7.72,--,55,42514,买盘
1583,10:18:42,7.72,0.01,65,50180,买盘
1584,10:18:39,7.71,-0.01,34,26214,卖盘
1585,10:18:36,7.72,--,95,74057,卖盘
1586,10:18:33,7.72,--,329,254042,买盘
1587,10:18:30,7.72,--,9,6948,买盘
1588,10:18:27,7.72,--,10,7720,买盘
1589,10:18:24,7.72,--,68,53213,卖盘
1590,10:18:15,7.72,--,191,147506,买盘
1591,10:18:12,7.72,--,30,23160,买盘
1592,10:18:09,7.72,--,295,227740,买盘
1593,10:18:06,7.72,--,21,16212,买盘
1594,10:18:03,7.72,0.01,63,48636,买盘
1595,10:18:00,7.71,--,641,494211,买盘
1596,10:17:57,7.71,--,56,43176,买盘
1597,10:17:54,7.71,--,10,7710,买盘
1598,10:17:51,7.71,--,9,6939,买盘
1599,10:17:45,7.71,--,16,12336,买盘
1600,10:17:42,7.71,--,311,239781,卖盘
1601,10:17:39,7.71,-0.01,12,9252,卖盘
1602,10:17:36,7.72,0.01,10,7720,买盘
1603,10:17:33,7.71,--,155,119505,卖盘
1604,10:17:30,7.71,--,23,17733,卖盘
1605,10:17:24,7.71,--,10,7710,卖盘
1606,10:17:21,7.71,--,9,6939,卖盘
1607,10:17:18,7.71,-0.01,33,25443,卖盘
1608,10:17:09,7.72,--,53,40916,买盘
1609,10:17:06,7.72,--,700,540400,卖盘
1610,10:17:03,7.72,--,5,3860,卖盘
1611,10:17:00,7.72,-0.01,46,35512,卖盘
1612,10:16:57,7.73,0.01,10,7730,买盘
1613,10:16:54,7.72,--,56,43232,卖盘
1614,10:16:48,7.72,0.01,8,6176,中性盘
1615,10:16:42,7.71,--,50,38550,卖盘
1616,10:16:39,7.71,--,305,235155,卖盘
1617,10:16:33,7.71,-0.01,20,15420,卖盘
1618,10:16:30,7.72,0.01,94,72568,买盘
1619,10:16:27,7.71,-0.01,76,58596,卖盘
1620,10:16:24,7.72,--,1,772,买盘
1621,10:16:18,7.72,--,20,15440,买盘
1622,10:16:15,7.72,--,50,38600,买盘
1623,10:16:12,7.72,--,180,138960,卖盘
1624,10:16:09,7.72,-0.01,10,7720,卖盘
1625,10:16:06,7.73,--,43,33239,买盘
1626,10:16:03,7.73,-0.01,50,38650,买盘
1627,10:16:00,7.74,0.01,30,23220,买盘
1628,10:15:57,7.73,-0.01,18,13914,卖盘
1629,10:15:54,7.74,--,125,96750,买盘
1630,10:15:45,7.74,--,29,22446,卖盘
1631,10:15:39,7.74,--,20,15480,卖盘
1632,10:15:36,7.74,--,1,774,卖盘
1633,10:15:30,7.74,-0.01,30,23220,卖盘
1634,10:15:24,7.75,-0.01,428,331700,卖盘
1635,10:15:21,7.76,--,278,215728,买盘
1636,10:15:15,7.76,--,13,10088,买盘
1637,10:15:12,7.76,--,20,15520,买盘
1638,10:15:09,7.76,-0.01,120,93120,卖盘
1639,10:15:06,7.77,0.01,30,23310,买盘
1640,10:15:03,7.76,--,2,1552,卖盘
1641,10:15:00,7.76,-0.01,20,15520,卖盘
1642,10:14:57,7.77,0.01,21,16317,买盘
1643,10:14:51,7.76,-0.01,200,155200,卖盘
1644,10:14:39,7.77,--,50,38850,买盘
1645,10:14:36,7.77,--,8,6216,买盘
1646,10:14:30,7.77,0.01,24,18648,买盘
1647,10:14:27,7.76,--,10,7760,卖盘
1648,10:14:21,7.76,-0.01,110,85360,卖盘
1649,10:14:18,7.77,0.01,60,46620,买盘
1650,10:14:15,7.76,-0.01,100,77600,卖盘
1651,10:14:12,7.77,--,10,7770,买盘
1652,10:14:09,7.77,--,1,777,买盘
1653,10:14:06,7.77,--,26,20202,买盘
1654,10:13:57,7.77,--,9,6993,卖盘
1655,10:13:54,7.77,--,1,777,卖盘
1656,10:13:48,7.77,--,1,777,买盘
1657,10:13:45,7.77,--,5,3885,买盘
1658,10:13:42,7.77,0.01,40,31080,卖盘
1659,10:13:33,7.76,-0.01,328,254528,卖盘
1660,10:13:30,7.77,--,12,9324,卖盘
1661,10:13:18,7.77,--,20,15540,卖盘
1662,10:13:12,7.77,--,17,13209,卖盘
1663,10:13:03,7.77,--,73,56721,卖盘
1664,10:13:00,7.77,--,8,6216,卖盘
1665,10:12:51,7.77,--,73,56721,卖盘
1666,10:12:45,7.77,-0.01,20,15540,卖盘
1667,10:12:42,7.78,0.01,30,23340,买盘
1668,10:12:39,7.77,-0.01,18,13986,卖盘
1669,10:12:36,7.78,0.01,10,7780,买盘
1670,10:12:33,7.77,--,419,325563,卖盘
1671,10:12:24,7.77,--,21,16317,卖盘
1672,10:12:21,7.77,--,91,70707,买盘
1673,10:12:18,7.77,--,79,61383,买盘
1674,10:12:15,7.77,--,15,11655,买盘
1675,10:12:12,7.77,--,10,7770,买盘
1676,10:12:03,7.77,0.01,12,9324,买盘
1677,10:12:00,7.76,-0.01,36,27936,卖盘
1678,10:11:57,7.77,--,30,23310,买盘
1679,10:11:51,7.77,--,171,132867,买盘
1680,10:11:48,7.77,--,77,59829,买盘
1681,10:11:45,7.77,--,8,6216,买盘
1682,10:11:39,7.77,-0.01,14,10878,中性盘
1683,10:11:33,7.78,0.02,149,115922,买盘
1684,10:11:24,7.76,--,93,72168,卖盘
1685,10:11:21,7.76,-0.01,320,248320,卖盘
1686,10:11:18,7.77,--,6,4662,卖盘
1687,10:11:15,7.77,--,35,27195,卖盘
1688,10:11:06,7.77,--,122,94794,买盘
1689,10:11:03,7.77,--,3,2331,买盘
1690,10:10:57,7.77,--,540,419580,卖盘
1691,10:10:54,7.77,-0.01,80,62160,卖盘
1692,10:10:48,7.78,--,41,31898,买盘
1693,10:10:42,7.78,--,2,1556,买盘
1694,10:10:39,7.78,--,5,3890,买盘
1695,10:10:33,7.78,--,37,28786,卖盘
1696,10:10:30,7.78,--,500,389000,卖盘
1697,10:10:15,7.78,--,233,181274,卖盘
1698,10:10:09,7.78,--,174,135372,卖盘
1699,10:10:06,7.78,-0.02,166,129148,卖盘
1700,10:10:03,7.8,0.02,80,62400,买盘
1701,10:09:54,7.78,-0.01,200,155600,卖盘
1702,10:09:51,7.79,-0.01,8,6232,卖盘
1703,10:09:33,7.8,--,3,2340,卖盘
1704,10:09:30,7.8,-0.01,2,1560,卖盘
1705,10:09:27,7.81,0.01,10,7810,买盘
1706,10:09:24,7.8,--,1400,1092000,卖盘
1707,10:09:21,7.8,--,17,13260,卖盘
1708,10:09:18,7.8,--,2,1560,卖盘
1709,10:09:12,7.8,-0.01,40,31200,卖盘
1710,10:09:06,7.81,--,12,9372,买盘
1711,10:09:00,7.81,0.01,10,7810,买盘
1712,10:08:57,7.8,-0.01,24,18720,卖盘
1713,10:08:54,7.81,--,123,96063,买盘
1714,10:08:45,7.81,0.01,2,1562,买盘
1715,10:08:42,7.8,-0.01,23,17940,卖盘
1716,10:08:33,7.81,0.01,2,1562,买盘
1717,10:08:30,7.8,-0.01,1,780,卖盘
1718,10:08:27,7.81,0.01,10,7810,买盘
1719,10:08:24,7.8,-0.01,203,158340,卖盘
1720,10:08:12,7.81,--,3,2343,卖盘
1721,10:08:09,7.81,--,436,340516,卖盘
1722,10:08:03,7.81,-0.01,210,164010,卖盘
1723,10:08:00,7.82,0.01,60,46920,买盘
1724,10:07:54,7.81,--,390,304590,卖盘
1725,10:07:51,7.81,--,10,7810,卖盘
1726,10:07:36,7.81,--,1,781,卖盘
1727,10:07:30,7.81,-0.01,7,5467,卖盘
1728,10:07:27,7.82,--,5,3910,买盘
1729,10:07:15,7.82,--,127,99314,买盘
1730,10:07:03,7.82,--,15,11730,买盘
1731,10:07:00,7.82,--,3,2353,卖盘
1732,10:06:51,7.82,--,3,2346,卖盘
1733,10:06:36,7.82,--,15,11730,卖盘
1734,10:06:27,7.82,--,55,43784,卖盘
1735,10:06:18,7.82,--,11,8602,卖盘
1736,10:06:03,7.82,--,18,14076,买盘
1737,10:06:00,7.82,--,30,23460,买盘
1738,10:05:57,7.82,--,1,782,买盘
1739,10:05:51,7.82,--,35,27370,买盘
1740,10:05:42,7.82,--,155,121210,卖盘
1741,10:05:27,7.82,-0.01,42,32844,卖盘
1742,10:05:15,7.83,0.01,20,15660,买盘
1743,10:05:09,7.82,-0.01,2,1564,卖盘
1744,10:05:06,7.83,--,6,4698,买盘
1745,10:05:00,7.83,--,3,2349,买盘
1746,10:04:57,7.83,--,2,1566,买盘
1747,10:04:54,7.83,--,519,406377,卖盘
1748,10:04:51,7.83,--,1,783,卖盘
1749,10:04:42,7.83,--,10,7830,卖盘
1750,10:04:33,7.83,0.01,5,3915,中性盘
1751,10:04:21,7.82,-0.01,81,63342,卖盘
1752,10:04:18,7.83,--,23,18009,卖盘
1753,10:04:15,7.83,--,1002,784566,买盘
1754,10:04:09,7.83,--,22,17226,买盘
1755,10:04:00,7.83,--,64,50112,买盘
1756,10:03:54,7.83,--,32,25056,卖盘
1757,10:03:45,7.83,--,2,1566,卖盘
1758,10:03:42,7.83,--,15,11745,卖盘
1759,10:03:39,7.83,-0.01,5,3915,卖盘
1760,10:03:27,7.84,0.01,4,3136,买盘
1761,10:03:12,7.83,--,7,5481,买盘
1762,10:03:09,7.83,0.01,47,36801,中性盘
1763,10:02:57,7.82,-0.02,80,62560,卖盘
1764,10:02:51,7.84,0.01,7,5488,买盘
1765,10:02:48,7.83,--,2,1566,卖盘
1766,10:02:45,7.83,--,3,2349,卖盘
1767,10:02:42,7.83,--,10,7830,卖盘
1768,10:02:39,7.83,--,9,7047,卖盘
1769,10:02:36,7.83,-0.01,2,1566,卖盘
1770,10:02:33,7.84,--,148,116032,买盘
1771,10:02:18,7.84,--,215,168560,买盘
1772,10:02:00,7.84,--,20,16268,卖盘
1773,10:01:57,7.84,--,200,156800,卖盘
1774,10:01:54,7.84,--,202,158368,卖盘
1775,10:01:51,7.84,--,13,10192,卖盘
1776,10:01:48,7.84,0.02,566,443940,买盘
1777,10:01:45,7.82,-0.01,8,6256,卖盘
1778,10:01:42,7.83,--,548,429671,卖盘
1779,10:01:39,7.83,-0.01,69,54222,卖盘
1780,10:01:30,7.84,0.01,12,9408,买盘
1781,10:01:24,7.83,0.01,382,299106,买盘
1782,10:01:21,7.82,-0.01,1000,782000,卖盘
1783,10:01:18,7.83,0.01,10,7830,买盘
1784,10:01:15,7.82,-0.01,27,21114,卖盘
1785,10:01:12,7.83,0.01,39,30537,买盘
1786,10:00:51,7.82,--,1,782,卖盘
1787,10:00:48,7.82,-0.01,4,3128,卖盘
1788,10:00:42,7.83,--,30,23490,买盘
1789,10:00:39,7.83,--,205,160515,买盘
1790,10:00:24,7.83,--,39,30537,买盘
1791,10:00:21,7.83,--,10,7830,买盘
1792,10:00:15,7.83,--,1,783,买盘
1793,10:00:12,7.83,0.01,1,783,买盘
1794,10:00:09,7.82,--,5,3910,卖盘
1795,10:00:03,7.82,--,16,12512,卖盘
1796,09:59:51,7.82,--,40,31280,卖盘
1797,09:59:48,7.82,--,54,42228,卖盘
1798,09:59:30,7.82,-0.01,200,156400,卖盘
1799,09:59:12,7.83,--,8,6264,买盘
1800,09:58:57,7.83,--,64,50112,买盘
1801,09:58:54,7.83,0.01,169,132327,买盘
1802,09:58:36,7.82,--,5,3910,卖盘
1803,09:58:21,7.82,--,1,782,卖盘
1804,09:58:15,7.82,--,200,156400,卖盘
1805,09:58:12,7.82,--,10,7820,卖盘
1806,09:57:45,7.82,-0.01,15,11730,卖盘
1807,09:57:39,7.83,--,302,236466,买盘
1808,09:57:30,7.83,0.01,29,22707,买盘
1809,09:57:24,7.82,-0.01,10,7820,卖盘
1810,09:57:18,7.83,--,6,4698,买盘
1811,09:57:15,7.83,0.01,74,57942,买盘
1812,09:57:09,7.82,-0.01,133,104006,卖盘
1813,09:57:06,7.83,--,200,156600,买盘
1814,09:57:00,7.83,0.01,8,6264,买盘
1815,09:56:45,7.82,--,12,9384,卖盘
1816,09:56:39,7.82,--,39,30498,卖盘
1817,09:56:33,7.82,--,1,782,卖盘
1818,09:56:30,7.82,--,121,94622,卖盘
1819,09:56:15,7.82,--,35,27370,买盘
1820,09:56:09,7.82,--,114,89148,买盘
1821,09:56:06,7.82,0.01,33,25806,买盘
1822,09:56:00,7.81,-0.01,11,8591,卖盘
1823,09:55:57,7.82,--,2,1564,买盘
1824,09:55:45,7.82,--,130,101660,买盘
1825,09:55:39,7.82,--,130,101660,买盘
1826,09:55:36,7.82,-0.01,194,151708,卖盘
1827,09:55:33,7.83,0.01,20,15660,买盘
1828,09:55:24,7.82,--,13,10166,卖盘
1829,09:55:18,7.82,-0.01,10,7820,卖盘
1830,09:55:03,7.83,--,8,6264,卖盘
1831,09:55:00,7.83,--,20,15660,卖盘
1832,09:54:51,7.83,--,20,15660,卖盘
1833,09:54:48,7.83,--,200,156600,卖盘
1834,09:54:36,7.83,--,22,17226,卖盘
1835,09:54:30,7.83,--,274,214542,买盘
1836,09:54:27,7.83,--,12,9396,买盘
1837,09:54:15,7.83,--,231,180873,卖盘
1838,09:54:12,7.83,--,4,3132,卖盘
1839,09:54:09,7.83,-0.01,5,3915,卖盘
1840,09:53:51,7.84,--,16,12544,买盘
1841,09:53:45,7.84,0.01,5,3920,买盘
1842,09:53:33,7.83,0.01,4,3132,卖盘
1843,09:53:30,7.82,-0.01,80,62560,卖盘
1844,09:53:12,7.83,--,201,157383,买盘
1845,09:53:06,7.83,0.01,8,6264,买盘
1846,09:52:54,7.82,-0.01,61,47702,卖盘
1847,09:52:48,7.83,--,10,7830,买盘
1848,09:52:39,7.83,0.01,1,783,买盘
1849,09:52:36,7.82,-0.01,4,3128,中性盘
1850,09:52:27,7.83,0.02,300,234900,买盘
1851,09:52:24,7.81,-0.02,200,156200,卖盘
1852,09:52:15,7.83,--,6,4698,买盘
1853,09:52:06,7.83,0.01,51,39933,买盘
1854,09:51:57,7.82,--,19,14858,卖盘
1855,09:51:45,7.82,--,100,78200,卖盘
1856,09:51:30,7.82,0.01,6,4692,买盘
1857,09:51:21,7.81,--,1,781,卖盘
1858,09:51:15,7.81,--,154,120274,买盘
1859,09:51:12,7.81,--,8,6248,买盘
1860,09:51:09,7.81,--,11,8591,买盘
1861,09:51:03,7.81,--,10,7810,买盘
1862,09:50:57,7.81,--,3,2343,买盘
1863,09:50:54,7.81,--,27,21087,买盘
1864,09:50:45,7.81,-0.01,27,21087,卖盘
1865,09:50:42,7.82,--,10,7820,卖盘
1866,09:50:39,7.82,--,15,11730,买盘
1867,09:50:36,7.82,0.02,30,23460,买盘
1868,09:50:33,7.8,-0.02,300,234000,卖盘
1869,09:50:30,7.82,0.01,12,9384,买盘
1870,09:50:27,7.81,-0.01,1,781,卖盘
1871,09:50:24,7.82,--,23,17986,买盘
1872,09:50:12,7.82,0.01,14,10948,买盘
1873,09:49:51,7.81,--,47,36707,卖盘
1874,09:49:39,7.81,-0.01,13,10153,卖盘
1875,09:49:33,7.82,--,6,4692,买盘
1876,09:49:30,7.82,0.01,1,782,买盘
1877,09:49:27,7.81,-0.01,25,19525,卖盘
1878,09:49:15,7.82,--,2,1564,买盘
1879,09:49:12,7.82,--,2,1564,买盘
1880,09:49:00,7.82,0.01,7,5474,买盘
1881,09:48:57,7.81,-0.01,30,23430,卖盘
1882,09:48:54,7.82,0.01,4,3128,买盘
1883,09:48:45,7.81,-0.01,16,12496,卖盘
1884,09:48:33,7.82,--,76,59432,卖盘
1885,09:48:30,7.82,0.01,65,50830,买盘
1886,09:48:03,7.81,--,7,5467,卖盘
1887,09:48:00,7.81,--,17,13277,卖盘
1888,09:47:57,7.81,--,94,73414,卖盘
1889,09:47:48,7.81,--,8,6248,卖盘
1890,09:47:39,7.81,--,21,16401,卖盘
1891,09:47:36,7.81,-0.01,6,4686,卖盘
1892,09:47:33,7.82,--,193,150926,买盘
1893,09:47:21,7.82,0.01,15,11730,买盘
1894,09:47:18,7.81,--,20,15620,卖盘
1895,09:47:09,7.81,-0.01,20,15620,卖盘
1896,09:47:06,7.82,0.01,210,164220,买盘
1897,09:47:03,7.81,--,1,781,卖盘
1898,09:47:00,7.81,--,3,2343,卖盘
1899,09:46:54,7.81,--,11,8591,卖盘
1900,09:46:48,7.81,-0.01,1,781,卖盘
1901,09:46:45,7.82,0.01,20,15640,买盘
1902,09:46:42,7.81,--,37,28897,卖盘
1903,09:46:39,7.81,-0.01,20,15620,卖盘
1904,09:46:36,7.82,0.01,28,21896,买盘
1905,09:46:27,7.81,-0.01,50,39050,卖盘
1906,09:46:24,7.82,--,126,98532,卖盘
1907,09:46:21,7.82,-0.01,32,25024,卖盘
1908,09:46:18,7.83,0.01,20,15660,买盘
1909,09:46:15,7.82,-0.01,200,156400,卖盘
1910,09:46:06,7.83,--,1,783,买盘
1911,09:46:00,7.83,-0.01,28,21924,中性盘
1912,09:45:54,7.84,0.01,10,7840,买盘
1913,09:45:51,7.83,--,85,66555,卖盘
1914,09:45:48,7.83,--,20,15660,卖盘
1915,09:45:45,7.83,--,4,3132,卖盘
1916,09:45:42,7.83,-0.01,200,156600,卖盘
1917,09:45:39,7.84,--,10,7840,买盘
1918,09:45:30,7.84,0.01,42,32928,买盘
1919,09:45:15,7.83,--,3,2349,卖盘
1920,09:45:06,7.83,-0.01,36,28188,卖盘
1921,09:45:00,7.84,--,42,32928,买盘
1922,09:44:51,7.84,--,60,47040,买盘
1923,09:44:18,7.84,--,60,47040,买盘
1924,09:44:15,7.84,--,5,3920,买盘
1925,09:44:12,7.84,0.01,1,784,买盘
1926,09:44:09,7.83,-0.01,14,10962,卖盘
1927,09:44:00,7.84,--,3,2352,买盘
1928,09:43:57,7.84,--,34,26656,卖盘
1929,09:43:54,7.84,--,74,58016,卖盘
1930,09:43:48,7.84,--,30,23520,卖盘
1931,09:43:42,7.84,--,10,7840,卖盘
1932,09:43:39,7.84,-0.01,41,32144,卖盘
1933,09:43:36,7.85,--,5,3925,买盘
1934,09:43:33,7.85,0.01,37,29045,买盘
1935,09:43:30,7.84,-0.01,25,19600,卖盘
1936,09:43:24,7.85,--,128,100480,买盘
1937,09:43:15,7.85,--,72,56520,买盘
1938,09:43:12,7.85,--,10,7850,买盘
1939,09:43:09,7.85,--,27,21195,买盘
1940,09:43:00,7.85,-0.01,151,118535,卖盘
1941,09:42:57,7.86,--,1,786,买盘
1942,09:42:48,7.86,0.01,10,7860,买盘
1943,09:42:39,7.85,--,123,96555,卖盘
1944,09:42:33,7.85,--,71,55735,买盘
1945,09:42:30,7.85,--,6,4710,买盘
1946,09:42:18,7.85,--,21,16485,买盘
1947,09:42:12,7.85,--,2,1570,卖盘
1948,09:42:09,7.85,-0.02,72,56520,卖盘
1949,09:41:42,7.87,0.02,25,19675,买盘
1950,09:41:30,7.85,--,9,7065,卖盘
1951,09:41:27,7.85,-0.02,11,8635,卖盘
1952,09:41:24,7.87,--,3,2361,买盘
1953,09:41:15,7.87,0.02,12,9444,买盘
1954,09:41:06,7.85,-0.01,649,509465,卖盘
1955,09:41:03,7.86,--,318,249948,买盘
1956,09:41:00,7.86,0.01,2,1572,买盘
1957,09:40:57,7.85,--,14,10990,卖盘
1958,09:40:45,7.85,0.01,183,143655,买盘
1959,09:40:36,7.84,--,20,15680,卖盘
1960,09:40:24,7.84,0.01,10,7840,买盘
1961,09:40:21,7.83,-0.01,25,19575,卖盘
1962,09:40:15,7.84,--,3,2352,买盘
1963,09:40:12,7.84,--,16,12544,买盘
1964,09:40:09,7.84,--,5,3920,买盘
1965,09:40:06,7.84,0.01,3,2352,买盘
1966,09:39:51,7.83,--,8,6264,卖盘
1967,09:39:45,7.83,--,5,3915,卖盘
1968,09:39:36,7.83,--,1,783,卖盘
1969,09:39:33,7.83,-0.02,10,7830,卖盘
1970,09:39:27,7.85,--,79,62015,买盘
1971,09:39:24,7.85,0.02,5,3925,买盘
1972,09:39:21,7.83,-0.02,8,6264,卖盘
1973,09:39:15,7.85,0.02,107,83995,买盘
1974,09:39:12,7.83,-0.02,44,34452,卖盘
1975,09:39:09,7.85,0.02,20,15700,买盘
1976,09:39:03,7.83,--,20,15660,卖盘
1977,09:38:57,7.83,--,10,7830,卖盘
1978,09:38:48,7.83,--,305,238815,卖盘
1979,09:38:45,7.83,-0.02,14,10962,卖盘
1980,09:38:39,7.85,0.01,68,53380,买盘
1981,09:38:36,7.84,-0.01,13,10192,中性盘
1982,09:38:21,7.85,--,30,23550,买盘
1983,09:38:06,7.85,--,1,785,买盘
1984,09:37:57,7.85,--,23,18055,卖盘
1985,09:37:51,7.85,-0.01,2,1570,中性盘
1986,09:37:42,7.86,--,15,11790,买盘
1987,09:37:39,7.86,0.01,30,23580,买盘
1988,09:37:36,7.85,-0.01,984,772440,卖盘
1989,09:37:30,7.86,--,9,7074,买盘
1990,09:37:24,7.86,--,50,39300,买盘
1991,09:37:21,7.86,-0.01,101,79386,卖盘
1992,09:37:12,7.87,0.01,3,2361,买盘
1993,09:37:09,7.86,-0.01,4,3144,卖盘
1994,09:37:06,7.87,--,5,3935,买盘
1995,09:37:03,7.87,--,102,80274,买盘
1996,09:37:00,7.87,0.01,11,8657,买盘
1997,09:36:57,7.86,--,14,11004,卖盘
1998,09:36:54,7.86,-0.02,25,19650,卖盘
1999,09:36:48,7.88,--,155,122140,买盘
2000,09:36:45,7.88,0.02,100,78800,买盘
2001,09:36:42,7.86,-0.02,1,786,卖盘
2002,09:36:33,7.88,0.02,177,139476,买盘
2003,09:36:30,7.86,-0.01,76,59736,卖盘
2004,09:36:27,7.87,0.01,8,6296,中性盘
2005,09:36:24,7.86,-0.01,180,141480,卖盘
2006,09:36:21,7.87,-0.01,34,26758,卖盘
2007,09:36:09,7.88,0.02,2,1576,买盘
2008,09:36:00,7.86,--,32,25152,卖盘
2009,09:35:57,7.86,-0.02,48,37728,卖盘
2010,09:35:51,7.88,0.01,158,124504,买盘
2011,09:35:48,7.87,--,27,21249,买盘
2012,09:35:45,7.87,--,2,1574,买盘
2013,09:35:42,7.87,--,8,6296,卖盘
2014,09:35:39,7.87,--,29,22823,卖盘
2015,09:35:33,7.87,--,1,787,卖盘
2016,09:35:27,7.87,--,12,9444,卖盘
2017,09:35:21,7.87,--,29,22823,卖盘
2018,09:35:18,7.87,--,9,7083,卖盘
2019,09:35:15,7.87,-0.01,1,787,卖盘
2020,09:35:12,7.88,--,252,198576,买盘
2021,09:35:06,7.88,--,1,788,买盘
2022,09:35:03,7.88,--,53,41764,买盘
2023,09:34:54,7.88,--,341,268708,买盘
2024,09:34:48,7.88,--,5,3940,买盘
2025,09:34:45,7.88,--,12,9456,买盘
2026,09:34:42,7.88,--,305,240340,买盘
2027,09:34:39,7.88,--,7,5516,买盘
2028,09:34:36,7.88,--,50,39400,买盘
2029,09:34:33,7.88,--,8,6304,买盘
2030,09:34:30,7.88,-0.01,615,484620,卖盘
2031,09:34:27,7.89,0.01,5,3945,买盘
2032,09:34:21,7.88,--,3,2364,卖盘
2033,09:34:18,7.88,--,156,122928,卖盘
2034,09:34:15,7.88,--,50,39400,卖盘
2035,09:34:12,7.88,--,27,21276,卖盘
2036,09:34:09,7.88,0.01,192,151296,买盘
2037,09:34:00,7.87,--,12,9444,卖盘
2038,09:33:54,7.87,--,5,3935,卖盘
2039,09:33:51,7.87,-0.01,3,2361,卖盘
2040,09:33:45,7.88,0.01,9,7092,买盘
2041,09:33:39,7.87,--,12,9444,卖盘
2042,09:33:36,7.87,--,59,46433,买盘
2043,09:33:33,7.87,0.01,28,22036,买盘
2044,09:33:30,7.86,-0.01,30,23580,卖盘
2045,09:33:27,7.87,0.01,111,87357,买盘
2046,09:33:21,7.86,-0.01,37,29082,卖盘
2047,09:33:18,7.87,--,110,86570,卖盘
2048,09:33:15,7.87,--,153,120411,买盘
2049,09:33:09,7.87,0.01,188,147956,买盘
2050,09:33:06,7.86,-0.01,19,14934,卖盘
2051,09:33:03,7.87,0.01,14,11018,买盘
2052,09:33:00,7.86,--,23,18078,卖盘
2053,09:32:57,7.86,--,2,1572,卖盘
2054,09:32:48,7.86,--,78,61308,卖盘
2055,09:32:42,7.86,-0.01,257,202002,卖盘
2056,09:32:39,7.87,--,79,62173,买盘
2057,09:32:33,7.87,--,15,11805,买盘
2058,09:32:30,7.87,0.01,77,60599,买盘
2059,09:32:24,7.86,--,469,368634,买盘
2060,09:32:21,7.86,--,7,5502,买盘
2061,09:32:15,7.86,-0.01,186,146196,卖盘
2062,09:32:12,7.87,0.01,20,15740,买盘
2063,09:32:06,7.86,--,8,6288,卖盘
2064,09:32:03,7.86,0.01,19,14934,买盘
2065,09:31:57,7.85,-0.01,80,62800,卖盘
2066,09:31:54,7.86,--,2,1572,买盘
2067,09:31:51,7.86,--,16,12576,买盘
2068,09:31:48,7.86,0.01,1,786,买盘
2069,09:31:42,7.85,-0.01,21,16485,卖盘
2070,09:31:39,7.86,--,16,12576,买盘
2071,09:31:33,7.86,--,77,60522,买盘
2072,09:31:30,7.86,0.01,10,7860,买盘
2073,09:31:27,7.85,--,118,92630,卖盘
2074,09:31:24,7.85,--,5,3925,卖盘
2075,09:31:21,7.85,--,18,14130,卖盘
2076,09:31:18,7.85,-0.01,1,785,卖盘
2077,09:31:15,7.86,0.01,12,9432,买盘
2078,09:31:12,7.85,-0.01,11,8635,卖盘
2079,09:31:09,7.86,--,19,14934,买盘
2080,09:31:06,7.86,0.01,27,21222,买盘
2081,09:31:03,7.85,-0.01,11,8635,买盘
2082,09:31:00,7.86,--,98,77028,卖盘
2083,09:30:57,7.86,--,24,18864,卖盘
2084,09:30:48,7.86,0.04,19,14934,买盘
2085,09:30:42,7.82,-0.03,554,433228,卖盘
2086,09:30:39,7.85,0.01,2,1570,卖盘
2087,09:30:36,7.84,--,2,1568,卖盘
2088,09:30:33,7.84,-0.03,1,784,卖盘
2089,09:30:24,7.87,0.04,3,2361,买盘
2090,09:30:12,7.83,-0.04,45,35235,卖盘
2091,09:30:09,7.87,--,30,23610,买盘
2092,09:30:06,7.87,0.01,70,55090,买盘
2093,09:30:03,7.86,-0.02,672,528192,卖盘
2094,09:30:00,7.88,--,0,0,买盘
2095,09:25:03,7.88,7.88,644,507472,买盘
