,time,price,change,volume,amount,type
0,15:00:00,9.86,--,0,0,中性盘
1,15:00:00,9.86,-0.01,220,216920,买盘
2,14:59:59,9.87,0.01,200,197399,买盘
3,14:59:54,9.86,0.01,50,49300,中性盘
4,14:59:49,9.85,-0.01,135,132975,卖盘
5,14:59:44,9.86,--,10,9860,买盘
6,14:59:39,9.86,--,41,40426,卖盘
7,14:59:34,9.86,-0.01,67,66062,卖盘
8,14:59:29,9.87,0.01,372,367164,买盘
9,14:59:24,9.86,--,70,69020,卖盘
10,14:59:19,9.86,--,117,115362,卖盘
11,14:59:14,9.86,-0.01,648,638928,卖盘
12,14:59:09,9.87,--,78,76986,买盘
13,14:59:04,9.87,0.01,113,111530,买盘
14,14:58:59,9.86,--,70,69020,卖盘
15,14:58:54,9.86,-0.01,14,13804,卖盘
16,14:58:49,9.87,0.01,283,279321,买盘
17,14:58:44,9.86,-0.01,179,176494,卖盘
18,14:58:39,9.87,0.01,18,17766,买盘
19,14:58:34,9.86,--,103,101558,卖盘
20,14:58:29,9.86,-0.01,35,34510,卖盘
21,14:58:24,9.87,--,85,83895,买盘
22,14:58:19,9.87,0.01,134,132258,买盘
23,14:58:14,9.86,-0.01,199,196214,卖盘
24,14:58:09,9.87,--,18,17766,买盘
25,14:58:04,9.87,0.01,317,312879,买盘
26,14:57:59,9.86,-0.01,145,142970,卖盘
27,14:57:54,9.87,0.01,13,12830,买盘
28,14:57:49,9.86,--,112,110432,卖盘
29,14:57:44,9.86,-0.01,17,16762,卖盘
30,14:57:39,9.87,--,10,9870,买盘
31,14:57:34,9.87,0.01,266,262542,买盘
32,14:57:29,9.86,-0.02,34,33524,卖盘
33,14:57:24,9.88,0.01,10,9880,买盘
34,14:57:19,9.87,--,39,38493,卖盘
35,14:57:14,9.87,--,68,67116,买盘
36,14:57:09,9.87,--,24,23687,买盘
37,14:57:04,9.87,0.01,10,9870,买盘
38,14:56:59,9.86,-0.01,745,734570,卖盘
39,14:56:54,9.87,0.01,864,852916,买盘
40,14:56:49,9.86,-0.01,132,130151,卖盘
41,14:56:44,9.87,0.01,273,269451,买盘
42,14:56:39,9.86,--,231,227766,卖盘
43,14:56:34,9.86,--,120,118320,卖盘
44,14:56:29,9.86,--,158,155788,卖盘
45,14:56:24,9.86,--,185,182410,买盘
46,14:56:19,9.86,--,5,4930,买盘
47,14:56:14,9.86,--,62,61132,买盘
48,14:56:09,9.86,--,27,26622,买盘
49,14:56:04,9.86,0.01,13,12818,买盘
50,14:55:59,9.85,--,156,153660,卖盘
51,14:55:54,9.85,--,2,1970,卖盘
52,14:55:48,9.85,-0.01,64,63040,卖盘
53,14:55:43,9.86,--,210,207060,买盘
54,14:55:39,9.86,--,95,93670,买盘
55,14:55:28,9.86,--,60,59160,卖盘
56,14:55:24,9.86,--,329,324394,买盘
57,14:55:13,9.86,-0.01,99,97614,中性盘
58,14:55:09,9.87,0.02,1100,1085700,买盘
59,14:55:03,9.85,-0.01,124,122140,卖盘
60,14:54:58,9.86,--,46,45356,买盘
61,14:54:54,9.86,--,31,30566,买盘
62,14:54:48,9.86,--,63,62118,买盘
63,14:54:43,9.86,--,158,155788,买盘
64,14:54:33,9.86,0.01,39,38454,买盘
65,14:54:28,9.85,--,38,37430,卖盘
66,14:54:24,9.85,0.01,665,655182,买盘
67,14:54:13,9.84,--,11,10824,卖盘
68,14:54:08,9.84,--,10,9840,卖盘
69,14:54:03,9.84,--,19,18696,卖盘
70,14:53:58,9.84,-0.01,58,57072,卖盘
71,14:53:53,9.85,--,5,4925,买盘
72,14:53:43,9.85,--,18,17730,买盘
73,14:53:38,9.85,--,96,94835,卖盘
74,14:53:28,9.85,--,104,102440,卖盘
75,14:53:23,9.85,-0.01,25,24625,卖盘
76,14:53:18,9.86,0.01,3,2958,买盘
77,14:53:13,9.85,-0.01,313,308305,卖盘
78,14:53:08,9.86,0.01,40,39440,买盘
79,14:53:03,9.85,--,18,17730,卖盘
80,14:52:58,9.85,-0.01,29,28565,卖盘
81,14:52:53,9.86,--,56,55432,买盘
82,14:52:43,9.86,0.01,3,2958,买盘
83,14:52:38,9.85,-0.01,10,9850,卖盘
84,14:52:33,9.86,--,5,4930,买盘
85,14:52:28,9.86,0.01,47,46835,买盘
86,14:52:23,9.85,--,247,243787,卖盘
87,14:52:08,9.85,--,77,75845,卖盘
88,14:52:03,9.85,-0.01,20,19700,卖盘
89,14:51:58,9.86,0.01,167,164662,买盘
90,14:51:53,9.85,--,47,46295,卖盘
91,14:51:48,9.85,--,19,18715,卖盘
92,14:51:43,9.85,-0.01,20,19700,卖盘
93,14:51:38,9.86,0.01,70,69020,买盘
94,14:51:33,9.85,-0.01,2,1970,卖盘
95,14:51:28,9.86,--,56,55216,买盘
96,14:51:23,9.86,--,1,986,买盘
97,14:51:13,9.86,--,6,5916,买盘
98,14:51:08,9.86,0.01,51,50286,买盘
99,14:50:58,9.85,--,11,10835,卖盘
100,14:50:43,9.85,--,51,50235,卖盘
101,14:50:28,9.85,--,75,74367,买盘
102,14:50:23,9.85,--,7,6895,买盘
103,14:50:18,9.85,-0.01,123,121155,卖盘
104,14:50:13,9.86,0.01,125,123250,买盘
105,14:50:08,9.85,-0.02,53,52205,卖盘
106,14:50:03,9.87,--,0,0,买盘
107,14:49:58,9.87,--,0,0,买盘
108,14:49:53,9.87,--,357,352359,卖盘
109,14:49:43,9.87,0.02,649,640563,买盘
110,14:49:38,9.85,--,5,4925,买盘
111,14:49:28,9.85,--,8,7880,买盘
112,14:49:22,9.85,0.01,36,35460,买盘
113,14:49:12,9.84,--,53,52152,买盘
114,14:49:07,9.84,--,65,63960,买盘
115,14:49:03,9.84,--,24,23616,买盘
116,14:48:57,9.84,0.01,4,3936,买盘
117,14:48:52,9.83,-0.01,30,29490,卖盘
118,14:48:48,9.84,--,39,38376,买盘
119,14:48:33,9.84,--,248,244032,买盘
120,14:48:27,9.84,--,54,53136,买盘
121,14:48:22,9.84,--,62,61008,买盘
122,14:48:12,9.84,--,64,62976,买盘
123,14:48:07,9.84,--,4,3936,买盘
124,14:48:03,9.84,0.01,5,4920,买盘
125,14:47:57,9.83,-0.01,10,9830,卖盘
126,14:47:52,9.84,--,0,0,买盘
127,14:47:47,9.84,0.01,181,178104,买盘
128,14:47:42,9.83,--,22,21626,买盘
129,14:47:37,9.83,-0.01,444,436452,卖盘
130,14:47:32,9.84,0.01,42,41328,买盘
131,14:47:27,9.83,--,31,30473,卖盘
132,14:47:22,9.83,--,20,19660,卖盘
133,14:47:17,9.83,--,161,158263,卖盘
134,14:47:12,9.83,--,2,1966,卖盘
135,14:47:02,9.83,-0.01,11,10813,卖盘
136,14:46:57,9.84,0.01,26,25584,买盘
137,14:46:52,9.83,--,100,98300,卖盘
138,14:46:47,9.83,-0.01,11,10813,卖盘
139,14:46:42,9.84,0.01,2,1968,买盘
140,14:46:37,9.83,--,28,27524,卖盘
141,14:46:32,9.83,-0.01,90,88470,卖盘
142,14:46:27,9.84,0.01,1,984,买盘
143,14:46:22,9.83,--,22,21626,卖盘
144,14:46:12,9.83,--,5,4915,卖盘
145,14:46:07,9.83,--,50,49150,卖盘
146,14:46:02,9.83,--,34,33422,买盘
147,14:45:52,9.83,--,21,20643,卖盘
148,14:45:47,9.83,--,10,9830,卖盘
149,14:45:37,9.83,0.01,28,27524,买盘
150,14:45:32,9.82,--,16,15712,卖盘
151,14:45:27,9.82,-0.01,46,45172,卖盘
152,14:45:22,9.83,--,50,49150,买盘
153,14:45:17,9.83,--,122,119926,买盘
154,14:45:12,9.83,--,9,8847,买盘
155,14:45:07,9.83,0.01,8,7864,买盘
156,14:45:02,9.82,-0.01,70,68740,卖盘
157,14:44:57,9.83,0.01,1,983,买盘
158,14:44:52,9.82,-0.01,0,893,卖盘
159,14:44:42,9.83,0.01,50,49150,买盘
160,14:44:37,9.82,-0.01,33,32406,卖盘
161,14:44:27,9.83,--,76,74708,买盘
162,14:44:22,9.83,--,97,95351,买盘
163,14:44:12,9.83,--,25,24575,卖盘
164,14:44:07,9.83,--,5,4915,卖盘
165,14:44:02,9.83,--,250,245750,卖盘
166,14:43:52,9.83,--,24,23592,卖盘
167,14:43:47,9.83,--,84,82572,卖盘
168,14:43:37,9.83,--,30,29490,卖盘
169,14:43:32,9.83,-0.01,81,79623,卖盘
170,14:43:27,9.84,--,1,984,买盘
171,14:43:22,9.84,0.01,18,17712,买盘
172,14:43:17,9.83,--,19,18677,卖盘
173,14:43:07,9.83,--,81,79623,卖盘
174,14:43:02,9.83,-0.01,16,15728,卖盘
175,14:42:57,9.84,--,1,984,买盘
176,14:42:46,9.84,--,105,103320,买盘
177,14:42:32,9.84,0.01,1,984,买盘
178,14:42:21,9.83,-0.01,30,29490,卖盘
179,14:42:01,9.84,-0.01,361,355224,卖盘
180,14:41:57,9.85,0.01,20,19700,买盘
181,14:41:51,9.84,-0.01,18,17712,卖盘
182,14:41:27,9.85,--,1,985,买盘
183,14:41:21,9.85,--,50,49250,买盘
184,14:41:16,9.85,--,303,299292,卖盘
185,14:41:01,9.85,--,33,32505,卖盘
186,14:40:57,9.85,--,44,43340,卖盘
187,14:40:51,9.85,--,120,118200,卖盘
188,14:40:41,9.85,-0.01,11,10835,卖盘
189,14:40:26,9.86,--,7,6902,买盘
190,14:40:21,9.86,0.01,7,6902,买盘
191,14:40:11,9.85,-0.01,13,12805,卖盘
192,14:40:06,9.86,--,2,1972,买盘
193,14:40:01,9.86,0.01,11,10846,买盘
194,14:39:56,9.85,-0.01,2,1970,卖盘
195,14:39:46,9.86,--,81,79866,买盘
196,14:39:41,9.86,0.01,7,6902,买盘
197,14:39:36,9.85,-0.01,9,8865,卖盘
198,14:39:26,9.86,--,1,986,买盘
199,14:39:16,9.86,--,57,56202,买盘
200,14:39:11,9.86,-0.01,87,85782,中性盘
201,14:38:56,9.87,0.02,1,986,买盘
202,14:38:51,9.85,-0.01,93,91752,卖盘
203,14:38:46,9.86,--,14,13804,买盘
204,14:38:36,9.86,0.01,5,4930,买盘
205,14:38:26,9.85,-0.01,3,2955,卖盘
206,14:38:21,9.86,--,215,211990,买盘
207,14:38:16,9.86,--,107,105502,买盘
208,14:38:01,9.86,--,3,2958,买盘
209,14:37:56,9.86,-0.01,184,182262,卖盘
210,14:37:51,9.87,0.01,14,13817,买盘
211,14:37:41,9.86,-0.01,2,2395,卖盘
212,14:37:26,9.87,--,1,986,买盘
213,14:37:16,9.87,--,14,13817,买盘
214,14:37:01,9.87,--,2,1973,买盘
215,14:36:56,9.87,--,146,144102,买盘
216,14:36:51,9.87,--,40,39480,买盘
217,14:36:41,9.87,--,34,33558,买盘
218,14:36:26,9.87,0.01,8,7895,买盘
219,14:36:06,9.86,-0.01,10,9860,卖盘
220,14:36:01,9.87,--,17,16779,买盘
221,14:35:56,9.87,0.01,41,40467,买盘
222,14:35:41,9.86,-0.01,28,27608,卖盘
223,14:35:26,9.87,0.01,101,99686,买盘
224,14:35:11,9.86,-0.01,16,16012,卖盘
225,14:35:06,9.87,--,7,7678,卖盘
226,14:34:56,9.87,--,38,37506,卖盘
227,14:34:51,9.87,--,81,80914,卖盘
228,14:34:45,9.87,--,26,25898,卖盘
229,14:34:41,9.87,0.01,79,77973,买盘
230,14:34:25,9.86,-0.01,9,8874,卖盘
231,14:34:15,9.87,--,31,30596,买盘
232,14:33:55,9.87,--,1,986,买盘
233,14:33:51,9.87,0.01,1,986,买盘
234,14:33:45,9.86,--,20,19720,卖盘
235,14:33:36,9.86,-0.01,8,7888,卖盘
236,14:33:25,9.87,--,1,986,买盘
237,14:33:10,9.87,0.01,66,65378,买盘
238,14:33:00,9.86,-0.02,25,24886,卖盘
239,14:32:55,9.88,--,6,5928,买盘
240,14:32:50,9.88,--,10,9880,买盘
241,14:32:35,9.88,--,133,131799,卖盘
242,14:32:25,9.88,--,32,32208,卖盘
243,14:32:20,9.88,--,1,988,卖盘
244,14:32:15,9.88,--,100,98800,卖盘
245,14:32:10,9.88,--,68,67184,买盘
246,14:31:55,9.88,-0.01,131,129428,买盘
247,14:31:40,9.89,0.03,100,98900,买盘
248,14:31:35,9.86,--,0,0,卖盘
249,14:31:30,9.86,-0.03,20,19720,卖盘
250,14:31:25,9.89,0.01,108,106812,买盘
251,14:31:20,9.88,--,13,12844,卖盘
252,14:31:15,9.88,--,3,2964,卖盘
253,14:31:10,9.88,0.01,127,125476,买盘
254,14:31:05,9.87,--,54,53297,卖盘
255,14:31:00,9.87,-0.01,35,34545,卖盘
256,14:30:55,9.88,0.01,39,38532,买盘
257,14:30:50,9.87,--,1,986,卖盘
258,14:30:45,9.87,0.01,214,211217,买盘
259,14:30:35,9.86,--,9,8874,卖盘
260,14:30:30,9.86,0.01,60,59160,买盘
261,14:30:25,9.85,--,10,9850,卖盘
262,14:30:10,9.85,--,42,41370,买盘
263,14:30:05,9.85,--,20,19700,买盘
264,14:30:00,9.85,--,40,39400,买盘
265,14:29:55,9.85,--,63,62055,买盘
266,14:29:50,9.85,--,30,29550,买盘
267,14:29:45,9.85,-0.01,136,133960,卖盘
268,14:29:40,9.86,--,30,29580,买盘
269,14:29:35,9.86,--,7,6902,买盘
270,14:29:25,9.86,--,40,39440,买盘
271,14:29:20,9.86,--,3,2958,买盘
272,14:29:15,9.86,0.01,12,11832,买盘
273,14:29:10,9.85,-0.01,1,985,卖盘
274,14:29:05,9.86,--,58,57188,买盘
275,14:28:55,9.86,0.01,50,49300,买盘
276,14:28:50,9.85,--,7,6895,卖盘
277,14:28:39,9.85,--,27,26595,卖盘
278,14:28:35,9.85,--,41,40385,卖盘
279,14:28:20,9.85,--,10,9850,卖盘
280,14:28:15,9.85,--,6,5910,卖盘
281,14:28:05,9.85,--,230,226550,买盘
282,14:28:00,9.85,--,378,372330,买盘
283,14:27:50,9.85,0.01,159,156615,买盘
284,14:27:45,9.84,-0.01,435,428040,卖盘
285,14:27:39,9.85,--,50,49250,买盘
286,14:27:34,9.85,--,6,5910,买盘
287,14:27:24,9.85,--,77,75845,买盘
288,14:27:19,9.85,0.01,63,62055,买盘
289,14:27:09,9.84,-0.01,26,25584,卖盘
290,14:27:04,9.85,--,100,98500,买盘
291,14:27:00,9.85,--,5,4925,买盘
292,14:26:54,9.85,--,2,1970,买盘
293,14:26:49,9.85,0.01,3,2955,买盘
294,14:26:45,9.84,-0.01,40,39360,卖盘
295,14:26:34,9.85,--,20,19700,买盘
296,14:26:30,9.85,--,38,37430,卖盘
297,14:26:14,9.85,--,2,1970,卖盘
298,14:26:09,9.85,--,29,28565,卖盘
299,14:26:04,9.85,0.01,41,40385,买盘
300,14:25:59,9.84,-0.01,26,25584,卖盘
301,14:25:49,9.85,--,10,9850,买盘
302,14:25:39,9.85,--,14,13790,买盘
303,14:25:29,9.85,--,33,32505,买盘
304,14:25:19,9.85,--,5,4925,买盘
305,14:25:04,9.85,--,49,48265,卖盘
306,14:24:54,9.85,--,30,29550,卖盘
307,14:24:39,9.85,-0.01,5,4925,卖盘
308,14:24:34,9.86,--,10,9860,买盘
309,14:24:29,9.86,--,20,19720,买盘
310,14:24:24,9.86,-0.01,24,23664,卖盘
311,14:24:14,9.87,--,5,4935,买盘
312,14:24:09,9.87,--,40,39480,买盘
313,14:24:04,9.87,-0.01,152,150024,卖盘
314,14:23:44,9.88,0.01,75,74100,买盘
315,14:23:39,9.87,-0.02,5,4935,卖盘
316,14:23:34,9.89,0.02,204,201756,买盘
317,14:23:29,9.87,-0.01,10,9870,卖盘
318,14:23:19,9.88,-0.01,4,3952,买盘
319,14:23:14,9.89,--,119,118047,买盘
320,14:23:09,9.89,0.01,21,20769,买盘
321,14:23:04,9.88,--,87,85956,卖盘
322,14:22:59,9.88,--,20,19760,卖盘
323,14:22:54,9.88,-0.01,20,19760,卖盘
324,14:22:49,9.89,0.01,360,356040,买盘
325,14:22:44,9.88,-0.01,34,33592,卖盘
326,14:22:39,9.89,--,42,42170,买盘
327,14:22:34,9.89,0.01,38,37582,买盘
328,14:22:29,9.88,-0.01,15,14820,卖盘
329,14:22:24,9.89,--,210,207690,买盘
330,14:22:19,9.89,--,54,53406,买盘
331,14:22:14,9.89,--,31,30659,买盘
332,14:22:03,9.89,--,91,89999,买盘
333,14:21:59,9.89,--,25,24725,买盘
334,14:21:54,9.89,0.01,340,336260,买盘
335,14:21:48,9.88,--,26,25688,买盘
336,14:21:44,9.88,-0.01,161,159068,中性盘
337,14:21:39,9.89,0.02,117,115713,买盘
338,14:21:33,9.87,-0.03,85,83895,卖盘
339,14:21:29,9.9,0.01,138,136620,买盘
340,14:21:24,9.89,--,132,130548,卖盘
341,14:21:18,9.89,0.01,630,623070,买盘
342,14:21:14,9.88,-0.01,21,20748,卖盘
343,14:21:09,9.89,--,1,989,买盘
344,14:20:59,9.89,0.02,10,9890,买盘
345,14:20:54,9.87,-0.02,338,333606,卖盘
346,14:20:47,9.89,0.02,42,41538,买盘
347,14:20:44,9.87,-0.02,29,28622,卖盘
348,14:20:39,9.89,--,59,58351,买盘
349,14:20:29,9.89,--,5,4945,买盘
350,14:20:23,9.89,--,15,14835,买盘
351,14:20:14,9.89,-0.01,10,9890,卖盘
352,14:20:08,9.9,0.02,54,53460,买盘
353,14:20:03,9.88,-0.02,50,49400,卖盘
354,14:19:58,9.9,0.01,464,459360,买盘
355,14:19:53,9.89,--,450,445050,买盘
356,14:19:48,9.89,--,212,209668,买盘
357,14:19:43,9.89,0.04,830,820870,买盘
358,14:19:38,9.85,-0.01,3,2955,卖盘
359,14:19:28,9.86,-0.02,8,7888,中性盘
360,14:19:23,9.88,0.04,600,592800,买盘
361,14:19:13,9.84,-0.01,20,19680,卖盘
362,14:19:03,9.85,--,25,24625,买盘
363,14:18:48,9.85,--,83,82602,卖盘
364,14:18:38,9.85,--,93,91605,卖盘
365,14:18:18,9.85,-0.01,10,9850,卖盘
366,14:18:13,9.86,0.01,37,36482,买盘
367,14:18:08,9.85,-0.01,42,41370,卖盘
368,14:17:53,9.86,--,162,159732,卖盘
369,14:17:43,9.86,--,72,70992,卖盘
370,14:17:28,9.86,-0.01,3,2958,卖盘
371,14:17:23,9.87,--,169,166803,买盘
372,14:17:13,9.87,0.01,91,89817,买盘
373,14:17:08,9.86,-0.01,369,363834,卖盘
374,14:16:58,9.87,--,20,19740,卖盘
375,14:16:53,9.87,--,288,284256,买盘
376,14:16:38,9.87,--,3,2960,买盘
377,14:16:33,9.87,--,10,9870,买盘
378,14:16:28,9.87,--,7,6908,买盘
379,14:16:18,9.87,--,30,29609,卖盘
380,14:16:13,9.87,0.01,55,54284,买盘
381,14:16:08,9.86,-0.01,68,67048,卖盘
382,14:15:58,9.87,--,516,509291,买盘
383,14:15:53,9.87,--,43,42441,买盘
384,14:15:48,9.87,-0.01,213,210230,卖盘
385,14:15:43,9.88,--,1,988,买盘
386,14:15:38,9.88,0.01,150,148200,买盘
387,14:15:28,9.87,--,114,112517,卖盘
388,14:15:23,9.87,--,10,9870,卖盘
389,14:15:18,9.87,-0.01,6,5921,卖盘
390,14:15:12,9.88,0.01,32,31616,买盘
391,14:15:03,9.87,--,60,59219,卖盘
392,14:14:57,9.87,--,9,8883,卖盘
393,14:14:53,9.87,--,715,706326,买盘
394,14:14:48,9.87,0.01,25,24674,买盘
395,14:14:38,9.86,--,17,16762,卖盘
396,14:14:33,9.86,--,10,9860,卖盘
397,14:14:27,9.86,--,80,78880,卖盘
398,14:14:23,9.86,0.01,833,821338,买盘
399,14:14:18,9.85,--,101,99485,卖盘
400,14:14:12,9.85,--,45,44325,卖盘
401,14:14:08,9.85,0.01,153,150842,买盘
402,14:14:02,9.84,--,20,19680,卖盘
403,14:13:57,9.84,-0.01,21,20664,卖盘
404,14:13:48,9.85,--,50,49250,买盘
405,14:13:42,9.85,0.01,40,39400,买盘
406,14:13:38,9.84,-0.01,289,284376,卖盘
407,14:13:33,9.85,--,105,103425,买盘
408,14:13:23,9.85,0.01,5,4925,买盘
409,14:13:17,9.84,-0.01,5,4920,卖盘
410,14:13:12,9.85,--,6,5910,买盘
411,14:13:08,9.85,--,5,4925,买盘
412,14:12:53,9.85,0.02,151,149690,买盘
413,14:12:47,9.83,-0.01,3,2949,卖盘
414,14:12:42,9.84,--,10,9840,买盘
415,14:12:32,9.84,0.01,18,17712,买盘
416,14:12:27,9.83,-0.01,10,9830,卖盘
417,14:12:22,9.84,0.01,7,6888,买盘
418,14:12:17,9.83,-0.01,64,62912,卖盘
419,14:12:07,9.84,--,3,2952,买盘
420,14:11:57,9.84,0.02,269,264696,买盘
421,14:11:52,9.82,-0.01,19,18658,卖盘
422,14:11:47,9.83,--,44,43252,买盘
423,14:11:37,9.83,--,60,58980,买盘
424,14:11:32,9.83,--,34,33422,买盘
425,14:11:22,9.83,--,1,983,买盘
426,14:11:07,9.83,--,1,983,买盘
427,14:11:02,9.83,--,117,115011,买盘
428,14:10:52,9.83,--,5,4915,买盘
429,14:10:47,9.83,--,319,313577,卖盘
430,14:10:37,9.83,--,9,8847,卖盘
431,14:10:32,9.83,--,120,117960,卖盘
432,14:10:27,9.83,--,19,18677,卖盘
433,14:10:22,9.83,--,113,111079,卖盘
434,14:10:17,9.83,0.01,118,115994,买盘
435,14:10:07,9.82,-0.01,75,73650,卖盘
436,14:09:52,9.83,--,68,66844,卖盘
437,14:09:47,9.83,-0.01,5,4915,卖盘
438,14:09:42,9.84,--,8,7872,买盘
439,14:09:37,9.84,--,56,55104,买盘
440,14:09:32,9.84,0.01,8,7872,买盘
441,14:09:22,9.83,0.01,10,9830,卖盘
442,14:09:17,9.82,-0.02,1,982,卖盘
443,14:09:12,9.84,0.01,41,40344,买盘
444,14:09:07,9.83,--,19,18785,卖盘
445,14:08:57,9.83,--,20,19660,卖盘
446,14:08:52,9.83,--,40,39320,卖盘
447,14:08:46,9.83,--,100,98300,卖盘
448,14:08:31,9.83,0.01,37,37245,买盘
449,14:08:27,9.82,-0.01,24,23568,卖盘
450,14:08:16,9.83,--,43,42269,买盘
451,14:08:12,9.83,--,55,54065,买盘
452,14:08:06,9.83,0.01,101,99283,买盘
453,14:08:01,9.82,-0.01,13,12766,卖盘
454,14:07:57,9.83,--,5,4915,买盘
455,14:07:51,9.83,--,11,10921,卖盘
456,14:07:46,9.83,-0.01,10,9830,卖盘
457,14:07:41,9.84,0.01,228,225227,买盘
458,14:07:36,9.83,--,34,33422,买盘
459,14:07:31,9.83,0.01,10,9830,买盘
460,14:07:26,9.82,-0.01,1,1374,卖盘
461,14:07:16,9.83,--,25,24575,买盘
462,14:07:11,9.83,0.01,38,37354,买盘
463,14:06:56,9.82,--,31,30442,卖盘
464,14:06:41,9.82,-0.01,106,104092,卖盘
465,14:06:31,9.83,--,7,6881,买盘
466,14:06:27,9.83,0.01,92,90436,买盘
467,14:06:16,9.82,--,29,28478,卖盘
468,14:06:06,9.82,--,10,9820,卖盘
469,14:05:56,9.82,--,144,141408,卖盘
470,14:05:51,9.82,-0.01,4,3928,卖盘
471,14:05:46,9.83,--,14,13762,买盘
472,14:05:41,9.83,--,5,4915,买盘
473,14:05:26,9.83,--,41,40303,买盘
474,14:05:21,9.83,0.01,28,27524,买盘
475,14:05:11,9.82,--,5,4910,卖盘
476,14:05:06,9.82,-0.01,36,35352,卖盘
477,14:05:01,9.83,0.02,50,49150,买盘
478,14:04:56,9.81,-0.02,73,71613,卖盘
479,14:04:51,9.83,0.01,49,48167,买盘
480,14:04:46,9.82,--,38,37316,买盘
481,14:04:41,9.82,--,23,22586,买盘
482,14:04:36,9.82,0.01,22,21604,买盘
483,14:04:31,9.81,--,116,113796,卖盘
484,14:04:26,9.81,-0.01,7,6867,卖盘
485,14:04:16,9.82,--,39,38298,买盘
486,14:04:11,9.82,--,40,39280,买盘
487,14:04:01,9.82,0.01,26,25532,买盘
488,14:03:56,9.81,-0.01,9,8829,卖盘
489,14:03:51,9.82,0.01,3,2946,买盘
490,14:03:46,9.81,-0.01,15,14715,卖盘
491,14:03:36,9.82,--,10,9820,买盘
492,14:03:31,9.82,--,40,39280,买盘
493,14:03:26,9.82,--,55,54010,买盘
494,14:03:16,9.82,--,24,23568,买盘
495,14:03:11,9.82,0.01,24,23568,买盘
496,14:03:06,9.81,--,11,10791,卖盘
497,14:03:01,9.81,--,30,29430,卖盘
498,14:02:56,9.81,--,98,96138,买盘
499,14:02:51,9.81,--,7,6867,买盘
500,14:02:46,9.81,--,15,14715,买盘
501,14:02:41,9.81,--,7,6867,买盘
502,14:02:31,9.81,-0.01,9,8829,卖盘
503,14:02:26,9.82,0.01,32,31424,买盘
504,14:02:21,9.81,--,105,103005,卖盘
505,14:02:16,9.81,--,81,79461,卖盘
506,14:02:11,9.81,--,10,9810,卖盘
507,14:02:01,9.81,--,7,6867,卖盘
508,14:01:55,9.81,0.02,93,91233,买盘
509,14:01:51,9.79,--,11,10768,卖盘
510,14:01:46,9.79,--,47,46012,买盘
511,14:01:40,9.79,--,82,80278,买盘
512,14:01:36,9.79,--,435,425864,卖盘
513,14:01:30,9.79,--,52,50907,卖盘
514,14:01:25,9.79,--,5,4895,卖盘
515,14:01:21,9.79,--,247,241812,买盘
516,14:01:10,9.79,--,53,51886,卖盘
517,14:01:00,9.79,--,45,44054,卖盘
518,14:00:55,9.79,-0.01,130,127269,卖盘
519,14:00:51,9.8,--,1,980,买盘
520,14:00:45,9.8,0.01,21,20580,买盘
521,14:00:40,9.79,-0.02,520,509079,卖盘
522,14:00:35,9.81,--,60,58860,买盘
523,14:00:30,9.81,--,5,4905,买盘
524,14:00:25,9.81,--,271,265851,买盘
525,14:00:21,9.81,-0.01,1383,1356723,卖盘
526,14:00:10,9.82,--,461,453183,卖盘
527,14:00:06,9.82,-0.01,24,23568,卖盘
528,14:00:00,9.83,0.01,4,3932,买盘
529,13:59:55,9.82,--,55,54010,卖盘
530,13:59:51,9.82,--,134,131588,卖盘
531,13:59:40,9.82,--,431,423242,卖盘
532,13:59:35,9.82,--,16,16340,卖盘
533,13:59:30,9.82,-0.01,33,33260,卖盘
534,13:59:20,9.83,0.01,11,10813,买盘
535,13:59:15,9.82,-0.02,1107,1087830,卖盘
536,13:59:10,9.84,--,6,6809,卖盘
537,13:59:05,9.84,--,13,12870,买盘
538,13:58:55,9.84,--,113,112097,卖盘
539,13:58:50,9.84,0.01,17,16806,卖盘
540,13:58:40,9.83,--,0,0,卖盘
541,13:58:35,9.83,--,264,259512,卖盘
542,13:58:25,9.83,-0.01,397,390251,卖盘
543,13:58:20,9.84,-0.01,44,43296,卖盘
544,13:58:10,9.85,--,11,10835,买盘
545,13:58:00,9.85,--,68,66980,卖盘
546,13:57:55,9.85,-0.01,15,14775,卖盘
547,13:57:50,9.86,--,5,4930,买盘
548,13:57:45,9.86,0.01,1,986,买盘
549,13:57:40,9.85,-0.01,29,28565,卖盘
550,13:57:25,9.86,--,7,6902,买盘
551,13:57:20,9.86,--,28,27608,卖盘
552,13:57:15,9.86,-0.01,20,19720,中性盘
553,13:57:10,9.87,--,27,27211,买盘
554,13:57:05,9.87,--,76,75012,买盘
555,13:57:00,9.87,0.01,20,19740,买盘
556,13:56:55,9.86,-0.01,46,45356,卖盘
557,13:56:50,9.87,0.01,108,106595,买盘
558,13:56:45,9.86,-0.01,51,50286,卖盘
559,13:56:35,9.87,--,36,35532,买盘
560,13:56:20,9.87,0.01,50,49349,买盘
561,13:56:15,9.86,--,7,6902,卖盘
562,13:56:10,9.86,--,6,5916,卖盘
563,13:56:05,9.86,0.01,423,417501,买盘
564,13:56:00,9.85,--,10,9850,卖盘
565,13:55:55,9.85,0.01,31,30692,买盘
566,13:55:49,9.84,0.01,5,5884,卖盘
567,13:55:45,9.83,-0.02,83,81589,卖盘
568,13:55:35,9.85,--,10,9850,买盘
569,13:55:25,9.85,--,2,1970,买盘
570,13:55:19,9.85,--,30,29550,买盘
571,13:55:15,9.85,--,101,99485,买盘
572,13:55:04,9.85,--,332,327020,买盘
573,13:55:00,9.85,--,5,4925,买盘
574,13:54:44,9.85,0.01,10,9850,买盘
575,13:54:30,9.84,--,6,5972,卖盘
576,13:54:14,9.84,--,14,13776,卖盘
577,13:53:49,9.84,-0.01,0,324,卖盘
578,13:53:44,9.85,--,3,3782,卖盘
579,13:53:34,9.85,--,7,7052,买盘
580,13:53:29,9.85,--,100,98500,买盘
581,13:53:19,9.85,0.01,54,53190,买盘
582,13:53:14,9.84,-0.01,3,2952,卖盘
583,13:52:49,9.85,--,35,34475,买盘
584,13:52:44,9.85,--,5,4925,买盘
585,13:52:39,9.85,--,12,11820,买盘
586,13:52:29,9.85,--,47,46295,卖盘
587,13:52:24,9.85,-0.01,22,21670,买盘
588,13:52:19,9.86,--,1664,1640704,买盘
589,13:52:14,9.86,--,67,66062,买盘
590,13:52:09,9.86,--,1,986,买盘
591,13:51:59,9.86,--,81,79866,买盘
592,13:51:54,9.86,--,1,986,买盘
593,13:51:49,9.86,0.01,8,7888,买盘
594,13:51:44,9.85,--,22,21670,卖盘
595,13:51:39,9.85,-0.01,39,38415,卖盘
596,13:51:34,9.86,0.01,9,8874,买盘
597,13:51:23,9.85,-0.01,63,62055,卖盘
598,13:51:19,9.86,0.01,52,51272,买盘
599,13:51:14,9.85,-0.01,106,104410,卖盘
600,13:51:09,9.86,0.01,21,20706,买盘
601,13:50:44,9.85,--,580,571851,买盘
602,13:50:39,9.85,--,86,84710,买盘
603,13:50:34,9.85,--,10,9850,买盘
604,13:50:29,9.85,--,124,122317,买盘
605,13:50:23,9.85,--,123,121155,买盘
606,13:50:09,9.85,--,103,101888,卖盘
607,13:50:04,9.85,0.01,146,144361,买盘
608,13:49:54,9.84,-0.01,20,19680,卖盘
609,13:49:44,9.85,--,329,324065,买盘
610,13:49:39,9.85,0.01,27,26595,买盘
611,13:49:34,9.84,--,3,2952,卖盘
612,13:49:29,9.84,--,20,19680,卖盘
613,13:49:24,9.84,--,4,3936,卖盘
614,13:49:19,9.84,--,22,21648,卖盘
615,13:49:14,9.84,--,20,19680,卖盘
616,13:49:03,9.84,-0.01,386,379932,卖盘
617,13:48:59,9.85,--,35,34475,买盘
618,13:48:53,9.85,0.01,20,19700,买盘
619,13:48:49,9.84,-0.01,27,26568,卖盘
620,13:48:44,9.85,0.01,121,119185,买盘
621,13:48:39,9.84,--,8,7872,卖盘
622,13:48:33,9.84,--,20,19680,卖盘
623,13:48:29,9.84,--,101,99384,买盘
624,13:48:24,9.84,--,124,122016,买盘
625,13:48:18,9.84,0.01,50,49200,买盘
626,13:48:13,9.83,-0.01,65,63895,卖盘
627,13:48:08,9.84,--,11,10824,买盘
628,13:48:03,9.84,--,20,19680,买盘
629,13:47:54,9.84,0.01,128,125952,卖盘
630,13:47:48,9.83,-0.01,95,93385,卖盘
631,13:47:43,9.84,--,61,60024,卖盘
632,13:47:38,9.84,--,120,118080,卖盘
633,13:47:33,9.84,--,202,198768,卖盘
634,13:47:28,9.84,--,166,163344,卖盘
635,13:47:24,9.84,-0.01,354,348336,卖盘
636,13:47:13,9.85,--,39,38415,买盘
637,13:47:09,9.85,--,40,39400,买盘
638,13:47:03,9.85,--,67,66428,卖盘
639,13:46:58,9.85,--,104,102440,卖盘
640,13:46:53,9.85,--,236,232460,卖盘
641,13:46:43,9.85,--,102,100470,卖盘
642,13:46:38,9.85,--,120,118200,卖盘
643,13:46:33,9.85,--,50,49250,卖盘
644,13:46:28,9.85,-0.01,125,123125,卖盘
645,13:46:18,9.86,--,10,9860,买盘
646,13:46:13,9.86,--,405,400118,卖盘
647,13:46:08,9.86,--,30,29580,卖盘
648,13:46:03,9.86,-0.01,26,25636,卖盘
649,13:45:58,9.87,--,191,188516,买盘
650,13:45:53,9.87,--,142,140154,买盘
651,13:45:43,9.87,-0.01,236,232931,卖盘
652,13:45:38,9.88,--,5,4940,买盘
653,13:45:32,9.88,--,104,102752,买盘
654,13:45:28,9.88,-0.01,306,302901,卖盘
655,13:45:23,9.89,0.01,160,158240,买盘
656,13:45:18,9.88,-0.01,183,180804,卖盘
657,13:45:13,9.89,0.01,484,478676,买盘
658,13:45:08,9.88,--,133,131404,卖盘
659,13:44:58,9.88,-0.01,14,13832,卖盘
660,13:44:53,9.89,--,133,131537,卖盘
661,13:44:47,9.89,--,10,9890,卖盘
662,13:44:43,9.89,-0.01,102,100878,中性盘
663,13:44:38,9.9,0.02,593,587070,买盘
664,13:44:33,9.88,-0.01,6,6007,卖盘
665,13:44:28,9.89,--,19,18791,买盘
666,13:44:23,9.89,0.01,169,167170,买盘
667,13:44:18,9.88,--,5,4940,卖盘
668,13:44:13,9.88,--,55,54340,卖盘
669,13:44:08,9.88,--,132,130722,买盘
670,13:44:02,9.88,0.01,5,4940,买盘
671,13:43:58,9.87,-0.01,10,9870,卖盘
672,13:43:53,9.88,--,21,20748,买盘
673,13:43:43,9.88,0.01,65,64220,买盘
674,13:43:38,9.87,--,81,79947,卖盘
675,13:43:32,9.87,--,0,39,卖盘
676,13:43:28,9.87,--,87,85869,卖盘
677,13:43:23,9.87,--,104,102647,卖盘
678,13:43:13,9.87,-0.01,20,19740,卖盘
679,13:43:08,9.88,--,30,29640,买盘
680,13:43:02,9.88,0.01,500,494000,买盘
681,13:42:58,9.87,--,17,16779,卖盘
682,13:42:47,9.87,--,10,9870,卖盘
683,13:42:42,9.87,-0.01,44,43428,卖盘
684,13:42:33,9.88,0.01,6,5928,买盘
685,13:42:17,9.87,--,61,60206,买盘
686,13:42:11,9.87,--,5,4935,买盘
687,13:42:08,9.87,--,45,44415,卖盘
688,13:42:02,9.87,0.01,33,32570,买盘
689,13:41:56,9.86,-0.01,130,128179,卖盘
690,13:41:53,9.87,--,39,38690,买盘
691,13:41:47,9.87,--,99,97712,买盘
692,13:41:41,9.87,0.01,7,6908,买盘
693,13:41:38,9.86,--,1,986,卖盘
694,13:41:32,9.86,--,114,112404,卖盘
695,13:41:23,9.86,--,15,14790,卖盘
696,13:41:17,9.86,--,57,56202,卖盘
697,13:41:11,9.86,-0.01,41,40426,卖盘
698,13:41:07,9.87,--,175,172725,买盘
699,13:41:02,9.87,--,53,52310,买盘
700,13:40:57,9.87,0.01,34,33558,买盘
701,13:40:52,9.86,-0.01,143,140998,卖盘
702,13:40:47,9.87,--,16,15791,买盘
703,13:40:37,9.87,--,1,986,买盘
704,13:40:32,9.87,--,27,26648,卖盘
705,13:40:26,9.87,--,12,11843,卖盘
706,13:40:22,9.87,-0.01,300,296100,卖盘
707,13:40:17,9.88,0.01,55,54340,买盘
708,13:40:11,9.87,--,50,49349,卖盘
709,13:40:07,9.87,--,39,38493,卖盘
710,13:40:02,9.87,-0.01,180,177660,卖盘
711,13:39:56,9.88,--,143,141284,买盘
712,13:39:52,9.88,0.01,41,40508,买盘
713,13:39:47,9.87,-0.01,12,11843,卖盘
714,13:39:41,9.88,--,10,9880,买盘
715,13:39:37,9.88,--,5,4940,买盘
716,13:39:32,9.88,--,189,187403,卖盘
717,13:39:27,9.88,--,34,33592,卖盘
718,13:39:22,9.88,--,75,74416,卖盘
719,13:39:17,9.88,--,136,134368,卖盘
720,13:39:07,9.88,-0.01,15,14820,卖盘
721,13:38:56,9.89,0.01,168,166152,买盘
722,13:38:52,9.88,0.01,31,30628,买盘
723,13:38:47,9.87,-0.01,36,35532,卖盘
724,13:38:37,9.88,--,27,26676,买盘
725,13:38:32,9.88,--,489,483132,卖盘
726,13:38:26,9.88,--,46,45448,卖盘
727,13:38:22,9.88,--,67,66196,卖盘
728,13:38:17,9.88,--,110,108680,卖盘
729,13:38:07,9.88,--,312,308256,卖盘
730,13:38:02,9.88,--,119,117591,卖盘
731,13:37:56,9.88,--,85,83980,卖盘
732,13:37:52,9.88,--,144,142272,卖盘
733,13:37:47,9.88,--,58,57304,卖盘
734,13:37:41,9.88,--,69,68172,卖盘
735,13:37:37,9.88,--,70,69160,卖盘
736,13:37:32,9.88,--,83,82004,买盘
737,13:37:26,9.88,--,54,53352,买盘
738,13:37:22,9.88,--,22,21736,买盘
739,13:37:17,9.88,0.01,51,50388,买盘
740,13:37:11,9.87,-0.02,18,17766,卖盘
741,13:37:07,9.89,0.02,141,139449,买盘
742,13:37:02,9.87,-0.01,10,9870,卖盘
743,13:36:56,9.88,--,5,4940,买盘
744,13:36:52,9.88,--,59,58292,买盘
745,13:36:47,9.88,-0.01,20,19760,中性盘
746,13:36:41,9.89,0.02,136,134504,买盘
747,13:36:37,9.87,-0.02,328,323736,卖盘
748,13:36:32,9.89,--,107,105823,买盘
749,13:36:22,9.89,--,147,145383,买盘
750,13:36:17,9.89,-0.01,385,380765,卖盘
751,13:36:11,9.9,0.01,94,93060,买盘
752,13:36:07,9.89,-0.01,181,179009,卖盘
753,13:36:02,9.9,--,178,176220,买盘
754,13:35:56,9.9,--,62,61380,买盘
755,13:35:52,9.9,--,12,11880,买盘
756,13:35:47,9.9,--,56,55440,买盘
757,13:35:41,9.9,-0.01,142,141075,卖盘
758,13:35:37,9.91,-0.01,289,286399,中性盘
759,13:35:31,9.92,0.02,763,756896,买盘
760,13:35:26,9.9,-0.01,77,76230,卖盘
761,13:35:20,9.91,--,3138,3109758,买盘
762,13:35:16,9.91,0.01,264,261624,中性盘
763,13:35:11,9.9,-0.01,818,809820,卖盘
764,13:35:05,9.91,--,234,231894,卖盘
765,13:35:01,9.91,-0.01,304,301264,中性盘
766,13:34:56,9.92,0.01,1044,1036144,买盘
767,13:34:50,9.91,--,72,71352,买盘
768,13:34:46,9.91,-0.01,379,376064,卖盘
769,13:34:41,9.92,0.01,989,981603,买盘
770,13:34:35,9.91,-0.01,397,393427,卖盘
771,13:34:31,9.92,--,520,515840,买盘
772,13:34:26,9.92,--,287,284704,买盘
773,13:34:20,9.92,0.01,36,35712,买盘
774,13:34:16,9.91,--,650,644150,买盘
775,13:34:11,9.91,0.01,102,101082,买盘
776,13:34:05,9.9,--,30,29700,卖盘
777,13:34:01,9.9,--,445,440550,买盘
778,13:33:56,9.9,0.01,328,324720,买盘
779,13:33:50,9.89,-0.01,292,288788,卖盘
780,13:33:46,9.9,0.01,663,657340,买盘
781,13:33:41,9.89,--,130,128570,买盘
782,13:33:35,9.89,--,34,33626,买盘
783,13:33:31,9.89,-0.01,38,37582,卖盘
784,13:33:26,9.9,0.01,195,193050,买盘
785,13:33:20,9.89,--,79,78131,卖盘
786,13:33:16,9.89,--,143,141427,买盘
787,13:33:11,9.89,0.01,202,199778,买盘
788,13:33:05,9.88,--,16,15808,买盘
789,13:33:01,9.88,-0.01,191,189310,卖盘
790,13:32:56,9.89,--,257,254173,卖盘
791,13:32:50,9.89,--,5,4945,卖盘
792,13:32:46,9.89,--,25,25110,买盘
793,13:32:41,9.89,0.01,797,788233,买盘
794,13:32:35,9.88,-0.01,10,9880,中性盘
795,13:32:31,9.89,0.01,396,391644,买盘
796,13:32:26,9.88,-0.01,169,166972,卖盘
797,13:32:20,9.89,-0.01,189,186921,卖盘
798,13:32:16,9.9,-0.01,323,319770,卖盘
799,13:32:11,9.91,--,290,287390,买盘
800,13:32:05,9.91,0.01,561,555951,买盘
801,13:32:01,9.9,-0.01,322,318780,卖盘
802,13:31:56,9.91,-0.01,222,220002,卖盘
803,13:31:50,9.92,0.01,293,290656,买盘
804,13:31:46,9.91,--,723,716493,买盘
805,13:31:41,9.91,0.01,1134,1123794,买盘
806,13:31:35,9.9,--,96,95040,买盘
807,13:31:31,9.9,0.01,1080,1069200,买盘
808,13:31:26,9.89,--,267,264063,买盘
809,13:31:20,9.89,-0.01,292,288788,中性盘
810,13:31:16,9.9,0.03,1063,1052370,买盘
811,13:31:11,9.87,-0.01,680,671821,卖盘
812,13:31:05,9.88,0.01,612,604656,买盘
813,13:31:01,9.87,0.03,2204,2175900,买盘
814,13:30:56,9.84,--,1163,1144392,买盘
815,13:30:50,9.84,0.01,687,676008,买盘
816,13:30:46,9.83,0.01,990,973170,买盘
817,13:30:41,9.82,0.01,546,536172,买盘
818,13:30:35,9.81,--,10,9810,买盘
819,13:30:31,9.81,--,306,300186,买盘
820,13:30:26,9.81,--,83,81423,买盘
821,13:30:20,9.81,--,20,19620,买盘
822,13:30:16,9.81,--,40,39240,买盘
823,13:30:11,9.81,--,32,31392,买盘
824,13:30:01,9.81,0.01,4,3924,中性盘
825,13:29:56,9.8,-0.02,102,99960,卖盘
826,13:29:50,9.82,0.02,32,31424,买盘
827,13:29:46,9.8,-0.02,10,9800,卖盘
828,13:29:41,9.82,0.03,306,300492,买盘
829,13:29:35,9.79,--,309,302511,买盘
830,13:29:31,9.79,--,214,209505,卖盘
831,13:29:26,9.79,-0.03,5,4895,卖盘
832,13:29:20,9.82,--,31,30442,买盘
833,13:29:16,9.82,--,99,97218,买盘
834,13:29:11,9.82,-0.01,120,117840,买盘
835,13:29:05,9.83,--,4,3932,买盘
836,13:29:01,9.83,0.01,582,572106,买盘
837,13:28:55,9.82,-0.01,20,19640,中性盘
838,13:28:46,9.83,0.01,200,196600,买盘
839,13:28:41,9.82,0.03,203,199346,买盘
840,13:28:35,9.79,-0.04,126,123353,中性盘
841,13:28:31,9.83,0.01,1005,987915,买盘
842,13:28:25,9.82,0.02,1000,982000,买盘
843,13:28:16,9.8,--,56,54880,买盘
844,13:28:10,9.8,0.04,4000,3920000,买盘
845,13:28:05,9.76,0.01,113,110288,买盘
846,13:28:00,9.75,--,344,335400,卖盘
847,13:27:50,9.75,--,86,83850,买盘
848,13:27:45,9.75,--,100,97500,买盘
849,13:27:35,9.75,--,100,97500,买盘
850,13:27:30,9.75,--,77,75075,买盘
851,13:27:20,9.75,--,10,9750,买盘
852,13:27:14,9.75,--,30,29250,买盘
853,13:27:10,9.75,--,30,29250,买盘
854,13:27:05,9.75,0.01,7,6825,买盘
855,13:26:44,9.74,0.02,451,439274,买盘
856,13:26:40,9.72,-0.01,184,178848,卖盘
857,13:26:35,9.73,--,125,121625,买盘
858,13:26:20,9.73,--,152,147896,买盘
859,13:26:14,9.73,0.01,15,14595,买盘
860,13:26:10,9.72,--,43,41796,卖盘
861,13:26:05,9.72,--,39,37908,买盘
862,13:25:59,9.72,--,18,17496,买盘
863,13:25:55,9.72,--,27,26244,买盘
864,13:25:50,9.72,--,15,14580,买盘
865,13:25:44,9.72,--,5,4860,买盘
866,13:25:40,9.72,--,95,92340,买盘
867,13:25:35,9.72,--,95,92340,买盘
868,13:25:29,9.72,--,7,6804,买盘
869,13:25:25,9.72,--,16,15552,买盘
870,13:25:20,9.72,0.01,1,972,买盘
871,13:25:14,9.71,--,42,40782,卖盘
872,13:24:55,9.71,--,10,9710,卖盘
873,13:24:50,9.71,-0.01,22,21362,卖盘
874,13:24:40,9.72,0.01,21,20412,买盘
875,13:24:29,9.71,-0.02,18,17478,卖盘
876,13:24:25,9.73,0.01,17,16541,买盘
877,13:24:20,9.72,--,36,34992,卖盘
878,13:24:05,9.72,-0.01,1,972,卖盘
879,13:23:55,9.73,--,0,0,买盘
880,13:23:50,9.73,0.01,27,26271,买盘
881,13:23:35,9.72,--,10,9720,买盘
882,13:23:29,9.72,--,10,9720,买盘
883,13:23:25,9.72,--,49,47628,卖盘
884,13:23:14,9.72,-0.01,20,19440,卖盘
885,13:23:10,9.73,--,7,6811,买盘
886,13:22:50,9.73,0.01,54,52542,买盘
887,13:22:40,9.72,--,1,972,卖盘
888,13:22:20,9.72,-0.01,55,53460,卖盘
889,13:22:10,9.73,0.01,8,7784,买盘
890,13:21:55,9.72,--,17,16524,卖盘
891,13:21:44,9.72,-0.01,12,11664,卖盘
892,13:21:40,9.73,0.01,1,973,买盘
893,13:21:25,9.72,--,4,3888,卖盘
894,13:21:19,9.72,-0.01,1,972,卖盘
895,13:21:14,9.73,--,7,6811,买盘
896,13:21:10,9.73,0.01,40,38920,买盘
897,13:20:59,9.72,-0.01,69,67068,卖盘
898,13:20:55,9.73,0.01,97,94381,买盘
899,13:20:49,9.72,--,5,4860,卖盘
900,13:20:44,9.72,--,39,37908,卖盘
901,13:20:29,9.72,--,58,56376,卖盘
902,13:20:19,9.72,-0.01,107,104004,卖盘
903,13:20:14,9.73,0.01,30,29190,买盘
904,13:19:59,9.72,-0.01,33,32076,卖盘
905,13:19:49,9.73,--,7,6811,买盘
906,13:19:29,9.73,--,2,1946,买盘
907,13:19:19,9.73,--,7,6811,买盘
908,13:19:14,9.73,--,1,973,买盘
909,13:18:53,9.73,--,7,6811,买盘
910,13:18:29,9.73,0.01,7,6811,买盘
911,13:18:14,9.72,--,58,56376,买盘
912,13:18:08,9.72,-0.01,32,31104,卖盘
913,13:18:04,9.73,--,2,1946,买盘
914,13:17:59,9.73,--,507,493311,买盘
915,13:17:53,9.73,--,1,973,买盘
916,13:17:38,9.73,--,13,12649,买盘
917,13:17:34,9.73,--,18,17514,买盘
918,13:17:19,9.73,--,27,26271,买盘
919,13:17:14,9.73,--,4,3892,买盘
920,13:17:08,9.73,--,7,6811,买盘
921,13:16:59,9.73,--,20,19460,买盘
922,13:16:49,9.73,0.01,14,13622,买盘
923,13:16:38,9.72,0.01,149,144828,买盘
924,13:16:34,9.71,-0.01,40,38840,卖盘
925,13:16:29,9.72,--,16,15552,买盘
926,13:16:23,9.72,--,10,9720,买盘
927,13:16:19,9.72,0.01,5,4860,买盘
928,13:16:14,9.71,--,29,28159,卖盘
929,13:16:08,9.71,--,220,213620,买盘
930,13:16:04,9.71,--,58,56318,买盘
931,13:15:59,9.71,--,64,62144,买盘
932,13:15:49,9.71,--,107,103897,买盘
933,13:15:44,9.71,--,35,33985,买盘
934,13:15:38,9.71,--,26,25246,卖盘
935,13:15:34,9.71,--,81,78651,卖盘
936,13:15:29,9.71,--,7,6797,卖盘
937,13:15:23,9.71,--,200,194200,卖盘
938,13:15:19,9.71,-0.01,18,17478,卖盘
939,13:15:08,9.72,--,4,3888,买盘
940,13:15:04,9.72,--,60,58320,买盘
941,13:14:48,9.72,--,82,79704,买盘
942,13:14:44,9.72,--,20,19440,买盘
943,13:14:33,9.72,0.01,70,68040,买盘
944,13:14:28,9.71,--,89,86419,卖盘
945,13:14:08,9.71,-0.01,26,25246,卖盘
946,13:13:53,9.72,--,20,19440,买盘
947,13:13:48,9.72,--,90,87480,卖盘
948,13:13:43,9.72,0.01,28,27216,卖盘
949,13:13:33,9.71,--,0,0,卖盘
950,13:13:28,9.71,-0.02,600,582600,卖盘
951,13:13:18,9.73,0.02,7,6811,买盘
952,13:13:13,9.71,-0.02,1010,980710,卖盘
953,13:13:08,9.73,--,50,48650,买盘
954,13:12:58,9.73,--,50,48650,买盘
955,13:12:53,9.73,--,186,180978,买盘
956,13:12:48,9.73,0.01,50,48650,买盘
957,13:12:43,9.72,-0.01,224,217728,卖盘
958,13:12:28,9.73,0.01,63,61299,买盘
959,13:12:13,9.72,--,10,9720,卖盘
960,13:12:08,9.72,-0.01,200,194400,卖盘
961,13:12:03,9.73,0.01,7,6811,买盘
962,13:11:53,9.72,-0.01,42,40824,卖盘
963,13:11:47,9.73,--,10,9730,买盘
964,13:11:38,9.73,0.01,58,56434,买盘
965,13:11:17,9.72,-0.01,56,54432,卖盘
966,13:11:13,9.73,0.01,66,64218,买盘
967,13:11:08,9.72,-0.01,1,972,卖盘
968,13:10:58,9.73,--,10,9730,买盘
969,13:10:53,9.73,--,8,7784,买盘
970,13:10:32,9.73,-0.01,323,314279,卖盘
971,13:10:23,9.74,0.01,9,8766,买盘
972,13:10:17,9.73,-0.01,100,97300,卖盘
973,13:10:08,9.74,--,10,9740,买盘
974,13:09:58,9.74,0.01,8,7792,买盘
975,13:09:43,9.73,--,16,15568,卖盘
976,13:09:38,9.73,-0.01,20,19460,卖盘
977,13:09:32,9.74,--,7,6818,买盘
978,13:09:13,9.74,--,3,2922,买盘
979,13:09:08,9.74,-0.01,138,134412,卖盘
980,13:08:37,9.75,--,7,6825,买盘
981,13:08:12,9.75,0.01,7,6825,买盘
982,13:08:07,9.74,-0.01,12,11688,买盘
983,13:08:02,9.75,0.01,30,29250,买盘
984,13:07:47,9.74,--,410,399340,卖盘
985,13:06:12,9.74,-0.01,20,19480,卖盘
986,13:06:07,9.75,--,5,4875,买盘
987,13:06:02,9.75,0.01,5,4875,买盘
988,13:05:52,9.74,-0.01,31,30194,卖盘
989,13:05:47,9.75,--,89,86775,买盘
990,13:05:27,9.75,--,64,62400,买盘
991,13:04:56,9.75,--,4,3900,买盘
992,13:04:37,9.75,--,1,975,买盘
993,13:04:32,9.75,-0.01,53,52143,卖盘
994,13:03:56,9.76,--,8,7808,买盘
995,13:03:52,9.76,0.01,5,4880,买盘
996,13:03:47,9.75,-0.01,400,390000,卖盘
997,13:03:32,9.76,--,6,5856,买盘
998,13:02:52,9.76,--,5,4880,买盘
999,13:02:41,9.76,--,8,7808,买盘
1000,13:02:22,9.76,0.01,7,6832,买盘
1001,13:02:17,9.75,-0.01,90,87750,卖盘
1002,13:02:02,9.76,--,7,6832,买盘
1003,13:01:46,9.76,-0.01,30,29280,卖盘
1004,13:01:37,9.77,--,0,0,买盘
1005,13:01:31,9.77,0.02,7,6839,买盘
1006,13:01:26,9.75,-0.02,20,19500,卖盘
1007,13:00:56,9.77,--,5,4885,买盘
1008,13:00:26,9.77,--,15,14655,买盘
1009,13:00:16,9.77,0.01,21,20517,买盘
1010,13:00:11,9.76,--,56,55124,买盘
1011,13:00:06,9.76,0.01,356,347456,买盘
1012,13:00:01,9.75,-0.01,30,29259,卖盘
1013,11:30:00,9.76,--,0,0,买盘
1014,11:30:00,9.76,--,0,0,买盘
1015,11:30:00,9.76,0.01,41,40016,买盘
1016,11:29:47,9.75,-0.01,40,39000,卖盘
1017,11:29:17,9.76,--,17,16592,买盘
1018,11:28:51,9.76,--,13,12688,买盘
1019,11:28:47,9.76,--,20,19520,买盘
1020,11:28:41,9.76,0.01,1,976,买盘
1021,11:28:36,9.75,-0.01,2,1950,卖盘
1022,11:28:16,9.76,0.01,159,155184,买盘
1023,11:28:02,9.75,-0.01,17,16575,卖盘
1024,11:27:51,9.76,--,7,6832,买盘
1025,11:27:47,9.76,--,250,244000,买盘
1026,11:27:41,9.76,0.01,14,13664,买盘
1027,11:27:21,9.75,-0.01,10,9750,卖盘
1028,11:27:11,9.76,--,1,976,买盘
1029,11:26:51,9.76,0.01,7,6832,买盘
1030,11:26:36,9.75,--,16,15600,卖盘
1031,11:26:26,9.75,--,4,3900,卖盘
1032,11:26:21,9.75,-0.01,20,19500,卖盘
1033,11:26:17,9.76,--,6,5856,买盘
1034,11:26:06,9.76,0.01,10,9760,买盘
1035,11:25:56,9.75,-0.01,51,49725,卖盘
1036,11:25:47,9.76,0.01,8,7808,买盘
1037,11:25:41,9.75,-0.01,12,11729,卖盘
1038,11:25:21,9.76,--,6,5856,买盘
1039,11:25:16,9.76,0.01,30,29280,买盘
1040,11:25:06,9.75,-0.01,9,8775,卖盘
1041,11:25:01,9.76,0.01,37,36112,买盘
1042,11:24:46,9.75,--,7,6825,卖盘
1043,11:24:36,9.75,-0.01,17,16575,卖盘
1044,11:24:31,9.76,0.01,8,7808,买盘
1045,11:24:21,9.75,--,4,3900,卖盘
1046,11:24:16,9.75,-0.01,15,14625,卖盘
1047,11:24:06,9.76,0.01,11,10736,买盘
1048,11:24:01,9.75,--,4,3900,卖盘
1049,11:23:51,9.75,-0.01,9,8775,卖盘
1050,11:23:41,9.76,0.01,7,6832,买盘
1051,11:23:36,9.75,--,10,9750,卖盘
1052,11:23:31,9.75,-0.01,62,60450,卖盘
1053,11:23:26,9.76,--,2,1952,买盘
1054,11:23:20,9.76,0.01,8,7808,买盘
1055,11:23:15,9.75,-0.01,1,975,卖盘
1056,11:23:06,9.76,--,2,1952,买盘
1057,11:22:50,9.76,0.01,12,11712,买盘
1058,11:22:41,9.75,--,11,10725,卖盘
1059,11:22:11,9.75,-0.01,2,1950,卖盘
1060,11:22:00,9.76,--,7,6832,买盘
1061,11:21:35,9.76,0.01,7,6832,买盘
1062,11:21:26,9.75,-0.01,14,13650,卖盘
1063,11:21:15,9.76,0.01,7,6832,买盘
1064,11:21:00,9.75,-0.01,2,1950,中性盘
1065,11:20:56,9.76,0.02,653,637328,买盘
1066,11:20:50,9.74,-0.02,367,357458,卖盘
1067,11:20:45,9.76,0.01,13,12688,买盘
1068,11:20:30,9.75,0.01,125,121875,买盘
1069,11:20:25,9.74,--,20,19480,卖盘
1070,11:20:20,9.74,--,10,9740,卖盘
1071,11:20:15,9.74,--,3,2922,卖盘
1072,11:20:11,9.74,--,89,86686,卖盘
1073,11:20:00,9.74,-0.01,369,359406,卖盘
1074,11:19:55,9.75,0.01,1,975,买盘
1075,11:19:50,9.74,-0.01,2,1948,卖盘
1076,11:19:45,9.75,0.01,8,7800,买盘
1077,11:19:41,9.74,-0.01,3,2922,卖盘
1078,11:19:30,9.75,--,4,3900,买盘
1079,11:19:15,9.75,--,7,6825,买盘
1080,11:19:05,9.75,--,101,98475,买盘
1081,11:18:56,9.75,--,7,6825,买盘
1082,11:18:50,9.75,--,16,16467,卖盘
1083,11:18:45,9.75,-0.01,4,3900,卖盘
1084,11:18:40,9.76,0.01,10,9760,买盘
1085,11:18:35,9.75,-0.01,640,624000,卖盘
1086,11:18:15,9.76,--,6,5856,买盘
1087,11:18:05,9.76,--,240,234747,卖盘
1088,11:18:00,9.76,--,109,106384,卖盘
1089,11:17:55,9.76,--,52,50752,卖盘
1090,11:17:50,9.76,--,39,38064,卖盘
1091,11:17:30,9.76,-0.01,68,66368,卖盘
1092,11:17:25,9.77,--,7,6839,买盘
1093,11:17:15,9.77,--,2,1954,买盘
1094,11:17:05,9.77,--,7,6839,买盘
1095,11:17:00,9.77,0.01,30,29310,买盘
1096,11:16:55,9.76,--,631,615856,卖盘
1097,11:16:45,9.76,-0.01,5,4880,卖盘
1098,11:16:40,9.77,0.01,7,6839,买盘
1099,11:16:29,9.76,-0.01,4,3904,卖盘
1100,11:16:14,9.77,0.01,7,6839,买盘
1101,11:15:50,9.76,--,18,17568,卖盘
1102,11:15:35,9.76,--,2,1952,卖盘
1103,11:15:29,9.76,-0.01,11,10736,卖盘
1104,11:15:24,9.77,0.01,7,6839,买盘
1105,11:15:20,9.76,--,84,81984,卖盘
1106,11:15:09,9.76,-0.01,13,12688,卖盘
1107,11:14:59,9.77,0.01,15,14655,买盘
1108,11:14:39,9.76,--,20,19520,卖盘
1109,11:14:29,9.76,--,4,3904,卖盘
1110,11:14:24,9.76,--,40,39040,卖盘
1111,11:14:09,9.76,-0.01,24,23424,卖盘
1112,11:14:05,9.77,--,8,7816,买盘
1113,11:13:59,9.77,--,5,4885,买盘
1114,11:13:39,9.77,--,7,6839,买盘
1115,11:13:29,9.77,--,20,19540,买盘
1116,11:13:14,9.77,0.01,7,6839,买盘
1117,11:12:59,9.76,--,1,976,卖盘
1118,11:12:54,9.76,--,4,3904,卖盘
1119,11:12:49,9.76,--,15,14640,卖盘
1120,11:12:34,9.76,-0.01,10,9760,卖盘
1121,11:12:19,9.77,--,7,6839,买盘
1122,11:11:59,9.77,--,16,15632,买盘
1123,11:11:49,9.77,--,7,6839,买盘
1124,11:11:24,9.77,0.01,7,6839,买盘
1125,11:10:39,9.76,--,4,3904,卖盘
1126,11:10:34,9.76,--,44,42944,卖盘
1127,11:10:09,9.76,-0.01,68,66368,卖盘
1128,11:09:54,9.77,--,15,14655,买盘
1129,11:09:39,9.77,0.01,8,7816,买盘
1130,11:09:34,9.76,--,4,3904,卖盘
1131,11:09:29,9.76,--,10,9760,卖盘
1132,11:09:19,9.76,-0.01,81,79056,卖盘
1133,11:08:54,9.77,--,11,10747,买盘
1134,11:08:49,9.77,--,47,45919,买盘
1135,11:08:44,9.77,--,20,19540,买盘
1136,11:08:29,9.77,--,27,26379,买盘
1137,11:08:04,9.77,--,110,107470,买盘
1138,11:07:59,9.77,0.01,12,11724,买盘
1139,11:07:49,9.76,-0.01,9,8784,卖盘
1140,11:07:44,9.77,--,62,60574,买盘
1141,11:07:33,9.77,0.01,110,107470,买盘
1142,11:07:14,9.76,-0.01,53,51728,卖盘
1143,11:07:08,9.77,--,100,97700,买盘
1144,11:06:59,9.77,--,11,10747,买盘
1145,11:06:33,9.77,--,27,26379,买盘
1146,11:06:14,9.77,--,31,30287,买盘
1147,11:06:03,9.77,--,7,6839,买盘
1148,11:05:59,9.77,0.01,20,19540,买盘
1149,11:05:44,9.76,--,4,3904,卖盘
1150,11:05:33,9.76,--,107,104900,买盘
1151,11:05:28,9.76,0.01,7,6832,买盘
1152,11:05:03,9.75,--,27,26325,卖盘
1153,11:04:58,9.75,-0.01,8,7800,卖盘
1154,11:04:43,9.76,0.01,100,97600,买盘
1155,11:04:33,9.75,--,4,3900,卖盘
1156,11:04:28,9.75,-0.01,8,7800,卖盘
1157,11:04:23,9.76,0.01,7,6832,买盘
1158,11:04:03,9.75,-0.01,1,975,卖盘
1159,11:03:53,9.76,--,7,6832,买盘
1160,11:03:43,9.76,0.01,6,5856,买盘
1161,11:03:28,9.75,--,2,1950,卖盘
1162,11:03:23,9.75,-0.01,4,3900,卖盘
1163,11:03:13,9.76,--,61,59536,买盘
1164,11:03:03,9.76,--,12,11712,买盘
1165,11:02:58,9.76,--,678,661728,买盘
1166,11:02:32,9.76,0.01,7,6832,买盘
1167,11:02:28,9.75,--,118,115050,卖盘
1168,11:02:13,9.75,-0.01,4,3900,卖盘
1169,11:02:08,9.76,--,61,59536,买盘
1170,11:02:02,9.76,--,4,3904,买盘
1171,11:01:37,9.76,0.01,12,11712,买盘
1172,11:01:23,9.75,-0.01,23,22425,卖盘
1173,11:01:13,9.76,0.01,7,6832,买盘
1174,11:01:08,9.75,--,13,12675,卖盘
1175,11:01:02,9.75,--,4,3900,卖盘
1176,11:00:53,9.75,-0.01,37,36075,卖盘
1177,11:00:47,9.76,--,7,6832,买盘
1178,11:00:38,9.76,--,6,5856,买盘
1179,11:00:32,9.76,--,60,59067,卖盘
1180,11:00:22,9.76,0.01,59,58052,买盘
1181,11:00:08,9.75,--,5,4875,卖盘
1182,11:00:01,9.75,--,17,16575,卖盘
1183,10:59:57,9.75,-0.01,16,15600,卖盘
1184,10:59:47,9.76,0.01,7,6832,买盘
1185,10:59:27,9.75,-0.01,0,107,卖盘
1186,10:59:22,9.76,--,7,6832,买盘
1187,10:59:12,9.76,--,3,2928,买盘
1188,10:59:07,9.76,--,1,976,买盘
1189,10:59:01,9.76,-0.01,95,93227,卖盘
1190,10:58:52,9.77,0.01,7,6839,买盘
1191,10:58:46,9.76,--,5,4880,卖盘
1192,10:58:37,9.76,--,10,9760,卖盘
1193,10:58:27,9.76,--,14,13664,卖盘
1194,10:58:22,9.76,--,16,15850,卖盘
1195,10:57:57,9.76,--,16,15850,卖盘
1196,10:57:42,9.76,--,7,6832,卖盘
1197,10:57:37,9.76,--,104,101504,卖盘
1198,10:57:27,9.76,--,3,2928,卖盘
1199,10:57:22,9.76,-0.02,4,3904,卖盘
1200,10:57:16,9.78,0.02,28,27384,买盘
1201,10:57:07,9.76,--,54,52704,卖盘
1202,10:56:57,9.76,-0.01,57,55632,卖盘
1203,10:56:52,9.77,--,31,30287,买盘
1204,10:56:46,9.77,--,3,2931,买盘
1205,10:56:37,9.77,--,10,9770,买盘
1206,10:56:27,9.77,--,349,340973,卖盘
1207,10:56:22,9.77,--,2,1954,卖盘
1208,10:56:10,9.77,--,4,3908,卖盘
1209,10:56:01,9.77,--,24,23448,卖盘
1210,10:55:31,9.77,-0.01,472,461144,卖盘
1211,10:55:22,9.78,0.01,15,14669,买盘
1212,10:55:01,9.77,-0.01,4,3908,卖盘
1213,10:54:55,9.78,--,2,1955,买盘
1214,10:54:46,9.78,--,11,10758,买盘
1215,10:54:25,9.78,--,20,19560,买盘
1216,10:54:16,9.78,--,49,47922,买盘
1217,10:54:07,9.78,0.01,40,39120,买盘
1218,10:53:52,9.77,--,9,8793,卖盘
1219,10:53:46,9.77,--,3,2931,卖盘
1220,10:53:31,9.77,--,50,48850,卖盘
1221,10:53:01,9.77,--,38,37126,卖盘
1222,10:52:51,9.77,--,91,88907,买盘
1223,10:52:46,9.77,--,164,160228,买盘
1224,10:52:31,9.77,--,200,195400,买盘
1225,10:52:16,9.77,--,10,9770,买盘
1226,10:52:10,9.77,--,3,2931,买盘
1227,10:52:01,9.77,--,11,10747,买盘
1228,10:51:46,9.77,0.01,100,97700,买盘
1229,10:51:36,9.76,-0.01,4,3904,卖盘
1230,10:51:31,9.77,--,24,23448,买盘
1231,10:51:25,9.77,0.01,1,977,买盘
1232,10:50:21,9.76,--,4,3904,卖盘
1233,10:50:16,9.76,--,51,49776,买盘
1234,10:50:10,9.76,--,300,292800,买盘
1235,10:50:06,9.76,--,10,9760,买盘
1236,10:50:01,9.76,0.01,2,1952,买盘
1237,10:49:51,9.75,-0.01,40,39000,卖盘
1238,10:49:46,9.76,0.01,6,5856,买盘
1239,10:49:40,9.75,--,1,975,卖盘
1240,10:49:31,9.75,--,42,40950,卖盘
1241,10:49:21,9.75,--,5,4875,卖盘
1242,10:49:16,9.75,-0.01,5,4875,卖盘
1243,10:49:05,9.76,0.01,22,21472,买盘
1244,10:48:31,9.75,-0.01,52,50700,卖盘
1245,10:48:25,9.76,0.01,6,5856,买盘
1246,10:48:16,9.75,-0.01,20,19500,卖盘
1247,10:48:10,9.76,--,40,39040,买盘
1248,10:48:04,9.76,--,5,4880,买盘
1249,10:47:46,9.76,--,46,44896,卖盘
1250,10:47:40,9.76,--,4,3904,卖盘
1251,10:47:34,9.76,--,166,162016,卖盘
1252,10:47:31,9.76,--,6,5856,卖盘
1253,10:46:55,9.76,--,9,8784,卖盘
1254,10:46:46,9.76,--,8,7808,卖盘
1255,10:46:40,9.76,--,39,38064,卖盘
1256,10:46:34,9.76,--,4,3904,卖盘
1257,10:46:31,9.76,-0.01,6,5856,卖盘
1258,10:46:25,9.77,--,75,73275,买盘
1259,10:46:01,9.77,0.01,5,4885,买盘
1260,10:45:49,9.76,--,5,4880,卖盘
1261,10:45:40,9.76,--,8,7808,卖盘
1262,10:45:34,9.76,-0.01,18,17568,卖盘
1263,10:44:30,9.77,--,100,97700,买盘
1264,10:44:25,9.77,0.01,4,3908,买盘
1265,10:44:19,9.76,--,11,10736,卖盘
1266,10:44:00,9.76,-0.01,75,73200,卖盘
1267,10:43:55,9.77,0.01,116,113332,买盘
1268,10:43:40,9.76,--,5,4880,卖盘
1269,10:43:19,9.76,--,19,18544,卖盘
1270,10:43:15,9.76,--,17,16592,卖盘
1271,10:42:34,9.76,-0.01,6,5856,卖盘
1272,10:42:25,9.77,--,50,48850,买盘
1273,10:41:54,9.77,--,11,10747,买盘
1274,10:41:49,9.77,--,12,11724,买盘
1275,10:41:43,9.77,--,10,9770,买盘
1276,10:41:39,9.77,--,100,97700,买盘
1277,10:41:28,9.77,--,1,977,买盘
1278,10:41:19,9.77,--,155,151435,买盘
1279,10:41:09,9.77,--,1,977,买盘
1280,10:40:58,9.77,0.01,8,7816,买盘
1281,10:40:49,9.76,--,119,116144,卖盘
1282,10:40:43,9.76,0.01,1031,1006256,买盘
1283,10:40:39,9.75,--,30,29250,卖盘
1284,10:40:34,9.75,--,25,24375,卖盘
1285,10:40:19,9.75,--,428,417300,卖盘
1286,10:40:13,9.75,-0.01,29,28275,卖盘
1287,10:40:09,9.76,--,9,8784,买盘
1288,10:40:04,9.76,--,28,27328,买盘
1289,10:39:58,9.76,--,10,9760,买盘
1290,10:39:39,9.76,0.01,8,7808,买盘
1291,10:39:24,9.75,--,72,70200,卖盘
1292,10:38:58,9.75,-0.01,17,16575,卖盘
1293,10:38:54,9.76,0.01,15,14640,买盘
1294,10:38:49,9.75,-0.01,146,142350,卖盘
1295,10:38:43,9.76,0.01,50,48800,买盘
1296,10:38:34,9.75,-0.01,4,3900,卖盘
1297,10:38:24,9.76,0.01,5,4880,买盘
1298,10:38:19,9.75,--,28,27300,卖盘
1299,10:38:09,9.75,--,58,56550,卖盘
1300,10:37:54,9.75,--,35,34125,卖盘
1301,10:37:49,9.75,-0.01,81,78975,卖盘
1302,10:37:39,9.76,--,100,97600,买盘
1303,10:37:34,9.76,--,47,45872,买盘
1304,10:37:28,9.76,0.01,76,74176,买盘
1305,10:37:24,9.75,--,5,4875,卖盘
1306,10:37:13,9.75,--,50,48750,卖盘
1307,10:37:04,9.75,-0.01,6,5850,卖盘
1308,10:36:58,9.76,--,10,9760,买盘
1309,10:36:49,9.76,0.01,14,13664,买盘
1310,10:36:39,9.75,-0.01,10,9750,卖盘
1311,10:36:24,9.76,--,230,224480,买盘
1312,10:35:34,9.76,--,10,9760,卖盘
1313,10:35:28,9.76,--,23,22448,卖盘
1314,10:35:24,9.76,-0.01,10,9760,卖盘
1315,10:35:03,9.77,0.01,13,12701,买盘
1316,10:34:58,9.76,0.01,10,9760,卖盘
1317,10:34:43,9.75,-0.01,13,12675,卖盘
1318,10:34:37,9.76,--,204,199104,买盘
1319,10:34:33,9.76,--,10,9760,买盘
1320,10:34:28,9.76,0.01,10,9760,买盘
1321,10:34:18,9.75,-0.01,13,12675,卖盘
1322,10:34:13,9.76,--,7,6832,买盘
1323,10:34:03,9.76,-0.01,29,28304,卖盘
1324,10:33:43,9.77,0.01,7,6839,买盘
1325,10:33:37,9.76,-0.01,2,1952,卖盘
1326,10:33:33,9.77,0.01,790,771830,买盘
1327,10:33:28,9.76,-0.01,2,1952,卖盘
1328,10:33:18,9.77,--,11,10747,买盘
1329,10:33:07,9.77,0.01,5,4885,买盘
1330,10:32:58,9.76,--,2,1952,卖盘
1331,10:32:48,9.76,-0.01,26,25376,卖盘
1332,10:32:43,9.77,0.01,8,7816,买盘
1333,10:32:28,9.76,-0.01,2,1952,卖盘
1334,10:32:13,9.77,0.01,8,7816,买盘
1335,10:32:03,9.76,--,9,8784,卖盘
1336,10:31:58,9.76,-0.01,11,10736,卖盘
1337,10:31:52,9.77,--,47,45919,买盘
1338,10:31:48,9.77,0.01,8,7816,买盘
1339,10:31:28,9.76,-0.01,22,21472,卖盘
1340,10:31:18,9.77,--,35,34195,买盘
1341,10:31:07,9.77,0.01,152,148504,买盘
1342,10:31:03,9.76,-0.01,118,115168,卖盘
1343,10:30:58,9.77,--,12,11724,买盘
1344,10:30:52,9.77,--,109,106493,买盘
1345,10:30:48,9.77,--,37,36149,买盘
1346,10:30:43,9.77,--,113,110401,买盘
1347,10:30:33,9.77,0.01,11,10747,买盘
1348,10:30:28,9.76,--,28,27328,卖盘
1349,10:30:22,9.76,--,51,49776,卖盘
1350,10:30:07,9.76,--,13,12688,买盘
1351,10:30:03,9.76,0.01,6,5856,买盘
1352,10:29:58,9.75,-0.01,4,3900,卖盘
1353,10:29:52,9.76,0.01,7,6832,买盘
1354,10:29:48,9.75,-0.02,26,25350,卖盘
1355,10:29:43,9.77,0.01,22,21494,买盘
1356,10:29:37,9.76,0.01,61,59536,卖盘
1357,10:29:28,9.75,-0.01,1519,1481025,卖盘
1358,10:29:22,9.76,-0.01,15,14640,卖盘
1359,10:29:18,9.77,--,12,11724,买盘
1360,10:29:13,9.77,--,31,30287,买盘
1361,10:29:03,9.77,0.01,5,4885,买盘
1362,10:28:43,9.76,--,10,9760,卖盘
1363,10:28:37,9.76,--,39,38064,卖盘
1364,10:28:31,9.76,--,4,3904,卖盘
1365,10:28:28,9.76,-0.01,66,64416,卖盘
1366,10:28:22,9.77,--,10,9770,买盘
1367,10:28:07,9.77,0.01,7,6839,买盘
1368,10:27:52,9.76,-0.01,10,9760,卖盘
1369,10:27:37,9.77,0.01,32,31264,买盘
1370,10:27:31,9.76,-0.01,22,21472,卖盘
1371,10:27:27,9.77,0.01,17,16609,买盘
1372,10:27:22,9.76,--,4,3904,卖盘
1373,10:27:16,9.76,-0.01,36,35136,卖盘
1374,10:27:12,9.77,--,316,308946,买盘
1375,10:27:07,9.77,--,25,24425,买盘
1376,10:26:57,9.77,--,1,977,买盘
1377,10:26:52,9.77,--,4,3908,买盘
1378,10:26:42,9.77,0.01,109,106493,买盘
1379,10:26:37,9.76,-0.01,218,213529,卖盘
1380,10:26:31,9.77,--,337,329307,卖盘
1381,10:26:27,9.77,--,21,20517,卖盘
1382,10:26:22,9.77,--,10,9770,卖盘
1383,10:26:16,9.77,--,4,3908,卖盘
1384,10:26:12,9.77,-0.01,6,5862,卖盘
1385,10:26:07,9.78,--,5,4890,买盘
1386,10:26:01,9.78,0.01,7,6846,买盘
1387,10:25:57,9.77,--,35,34195,卖盘
1388,10:25:52,9.77,-0.01,10,9770,卖盘
1389,10:25:46,9.78,--,1,977,买盘
1390,10:25:42,9.78,--,24,23472,买盘
1391,10:25:37,9.78,--,7,6846,买盘
1392,10:25:31,9.78,--,1,977,买盘
1393,10:25:27,9.78,--,5,4890,买盘
1394,10:25:22,9.78,0.01,12,11736,买盘
1395,10:25:16,9.77,-0.01,9,8793,卖盘
1396,10:25:12,9.78,0.01,11,10758,买盘
1397,10:25:01,9.77,-0.01,10,9770,卖盘
1398,10:24:52,9.78,0.01,99,96822,买盘
1399,10:24:46,9.77,-0.01,21,20517,卖盘
1400,10:24:42,9.78,--,7,6846,买盘
1401,10:24:37,9.78,--,3,2934,买盘
1402,10:24:27,9.78,0.01,5,4890,买盘
1403,10:24:22,9.77,-0.01,8,7816,卖盘
1404,10:24:16,9.78,0.01,8,7823,买盘
1405,10:24:12,9.77,--,69,67413,卖盘
1406,10:24:07,9.77,-0.01,152,148660,卖盘
1407,10:24:01,9.78,0.01,10,9780,买盘
1408,10:23:57,9.77,-0.01,5,4885,卖盘
1409,10:23:52,9.78,--,8,7823,买盘
1410,10:23:12,9.78,--,9,8802,买盘
1411,10:23:07,9.78,--,3,2934,买盘
1412,10:22:57,9.78,--,8,7823,买盘
1413,10:22:52,9.78,--,16,15647,买盘
1414,10:22:46,9.78,--,100,97800,买盘
1415,10:22:42,9.78,--,20,19560,买盘
1416,10:22:31,9.78,0.01,58,56723,买盘
1417,10:22:27,9.77,-0.01,363,354651,卖盘
1418,10:22:22,9.78,-0.01,25,24450,卖盘
1419,10:22:16,9.79,0.01,107,104752,买盘
1420,10:22:12,9.78,--,160,156480,卖盘
1421,10:22:01,9.78,--,150,146700,卖盘
1422,10:21:52,9.78,--,71,69438,卖盘
1423,10:21:46,9.78,--,6,5868,卖盘
1424,10:21:37,9.78,--,25,24450,卖盘
1425,10:21:31,9.78,--,100,97800,卖盘
1426,10:21:25,9.78,-0.01,1,977,卖盘
1427,10:21:22,9.79,0.01,8,7831,买盘
1428,10:21:16,9.78,--,28,27384,卖盘
1429,10:21:10,9.78,--,3,2934,卖盘
1430,10:21:07,9.78,--,149,145722,卖盘
1431,10:20:55,9.78,-0.01,239,233741,卖盘
1432,10:20:52,9.79,0.01,271,265309,买盘
1433,10:20:46,9.78,-0.01,150,146700,卖盘
1434,10:20:25,9.79,--,23,22516,买盘
1435,10:20:21,9.79,0.01,11,10768,买盘
1436,10:20:16,9.78,-0.01,6,5868,卖盘
1437,10:20:10,9.79,--,2,1957,买盘
1438,10:20:06,9.79,--,10,9790,买盘
1439,10:19:55,9.79,--,7,6852,买盘
1440,10:19:51,9.79,0.01,4,3915,买盘
1441,10:19:36,9.78,-0.01,196,191688,卖盘
1442,10:19:25,9.79,--,4,3915,买盘
1443,10:19:16,9.79,0.01,19,18601,买盘
1444,10:19:10,9.78,-0.01,22,21516,卖盘
1445,10:19:06,9.79,0.01,20,19580,买盘
1446,10:19:01,9.78,-0.01,14,13692,卖盘
1447,10:18:51,9.79,0.01,7,6852,买盘
1448,10:18:46,9.78,-0.01,3,2934,卖盘
1449,10:18:31,9.79,--,55,53844,买盘
1450,10:18:25,9.79,0.01,7,6852,买盘
1451,10:18:21,9.78,-0.01,5,4890,卖盘
1452,10:18:16,9.79,0.01,51,49928,买盘
1453,10:18:06,9.78,-0.01,21,20538,卖盘
1454,10:18:01,9.79,--,18,17622,买盘
1455,10:17:51,9.79,0.01,9,8811,买盘
1456,10:17:40,9.78,-0.01,21,20538,卖盘
1457,10:17:25,9.79,0.01,8,7831,买盘
1458,10:17:21,9.78,--,20,19560,卖盘
1459,10:17:01,9.78,--,30,29339,卖盘
1460,10:16:51,9.78,--,2,1955,卖盘
1461,10:16:46,9.78,--,10,9780,卖盘
1462,10:16:36,9.78,--,4,3911,卖盘
1463,10:16:31,9.78,-0.01,8,7823,卖盘
1464,10:16:16,9.79,0.01,8,7831,买盘
1465,10:16:06,9.78,--,9,8802,卖盘
1466,10:15:36,9.78,--,23,22494,卖盘
1467,10:15:31,9.78,--,4,3911,卖盘
1468,10:15:25,9.78,--,70,68460,卖盘
1469,10:15:21,9.78,-0.02,5,4890,卖盘
1470,10:15:10,9.8,--,8,7840,买盘
1471,10:14:51,9.8,--,0,0,买盘
1472,10:14:46,9.8,--,7,6860,买盘
1473,10:14:34,9.8,--,5,4900,买盘
1474,10:14:25,9.8,0.02,1,980,买盘
1475,10:14:16,9.78,--,11,10758,卖盘
1476,10:14:10,9.78,-0.01,92,89976,卖盘
1477,10:14:04,9.79,--,3,2936,买盘
1478,10:14:01,9.79,--,145,141955,卖盘
1479,10:13:55,9.79,--,10,9790,卖盘
1480,10:13:46,9.79,-0.01,126,123353,卖盘
1481,10:13:40,9.8,--,1,980,买盘
1482,10:13:25,9.8,--,10,9800,买盘
1483,10:13:19,9.8,0.01,8,7840,买盘
1484,10:13:15,9.79,-0.01,16,15663,卖盘
1485,10:13:10,9.8,--,104,101920,买盘
1486,10:13:01,9.8,0.01,46,45080,买盘
1487,10:12:55,9.79,--,23,22516,卖盘
1488,10:12:40,9.79,--,10,9790,卖盘
1489,10:12:30,9.79,-0.01,20,19580,卖盘
1490,10:12:25,9.8,--,7,6860,买盘
1491,10:12:15,9.8,--,2,1960,买盘
1492,10:12:10,9.8,0.01,7,6860,买盘
1493,10:12:04,9.79,-0.01,4,3915,卖盘
1494,10:11:55,9.8,--,7,6860,买盘
1495,10:11:40,9.8,--,97,95883,卖盘
1496,10:11:34,9.8,--,104,101920,卖盘
1497,10:11:30,9.8,--,20,19600,卖盘
1498,10:11:15,9.8,--,17,16660,卖盘
1499,10:11:10,9.8,--,20,19600,卖盘
1500,10:11:04,9.8,--,120,117600,卖盘
1501,10:10:49,9.8,--,5,4900,卖盘
1502,10:10:45,9.8,-0.01,20,19600,卖盘
1503,10:10:34,9.81,--,8,7848,买盘
1504,10:10:30,9.81,0.01,19,18639,买盘
1505,10:10:15,9.8,--,185,181300,卖盘
1506,10:10:10,9.8,--,8,7840,卖盘
1507,10:10:04,9.8,--,89,87220,卖盘
1508,10:09:55,9.8,--,48,47040,卖盘
1509,10:09:49,9.8,0.01,77,75616,买盘
1510,10:09:45,9.79,-0.01,7,6852,卖盘
1511,10:09:40,9.8,--,20,19600,买盘
1512,10:09:30,9.8,--,49,48020,买盘
1513,10:09:25,9.8,--,186,182280,买盘
1514,10:09:04,9.8,--,7,6860,买盘
1515,10:08:55,9.8,--,29,28420,买盘
1516,10:08:40,9.8,--,110,108623,卖盘
1517,10:08:30,9.8,--,20,19600,卖盘
1518,10:08:25,9.8,--,6,5880,卖盘
1519,10:08:15,9.8,--,29,28576,买盘
1520,10:08:10,9.8,--,8,7840,买盘
1521,10:08:04,9.8,--,20,19600,买盘
1522,10:08:00,9.8,--,170,166600,买盘
1523,10:07:39,9.8,--,8,7840,买盘
1524,10:07:30,9.8,--,50,49000,买盘
1525,10:07:24,9.8,--,3,2940,买盘
1526,10:07:19,9.8,--,40,39200,买盘
1527,10:07:15,9.8,0.01,2,1960,买盘
1528,10:07:09,9.79,-0.01,4,3915,卖盘
1529,10:07:00,9.8,--,40,39200,买盘
1530,10:06:49,9.8,--,17,16660,买盘
1531,10:06:30,9.8,--,190,186200,买盘
1532,10:06:24,9.8,--,10,9800,买盘
1533,10:06:19,9.8,--,10,9800,买盘
1534,10:06:13,9.8,--,12,11760,买盘
1535,10:06:04,9.8,0.01,10,9800,买盘
1536,10:05:58,9.79,--,3,2936,卖盘
1537,10:05:54,9.79,-0.01,4,3915,卖盘
1538,10:05:49,9.8,--,9,8820,买盘
1539,10:05:43,9.8,--,20,19600,买盘
1540,10:05:39,9.8,--,5,4900,买盘
1541,10:05:28,9.8,0.02,15,14700,买盘
1542,10:05:19,9.78,-0.01,5,4890,卖盘
1543,10:05:13,9.79,--,1,978,买盘
1544,10:05:04,9.79,-0.01,12,11747,卖盘
1545,10:04:58,9.8,0.01,4,3920,买盘
1546,10:04:54,9.79,-0.01,75,73425,卖盘
1547,10:04:34,9.8,0.01,8,7840,买盘
1548,10:04:28,9.79,--,540,528660,卖盘
1549,10:04:24,9.79,--,10,9790,卖盘
1550,10:04:19,9.79,--,17,16643,卖盘
1551,10:04:13,9.79,--,100,97899,卖盘
1552,10:04:09,9.79,-0.01,12,11747,卖盘
1553,10:04:04,9.8,0.01,57,55860,买盘
1554,10:03:43,9.79,--,4,3915,卖盘
1555,10:03:39,9.79,-0.01,8,7831,卖盘
1556,10:03:34,9.8,--,10,9800,买盘
1557,10:03:19,9.8,0.01,8,7840,买盘
1558,10:03:09,9.79,--,516,505163,卖盘
1559,10:03:04,9.79,--,23,22516,卖盘
1560,10:02:58,9.79,--,22,21537,卖盘
1561,10:02:54,9.79,-0.01,49,47970,卖盘
1562,10:02:43,9.8,0.01,5,4900,买盘
1563,10:02:39,9.79,--,1,978,卖盘
1564,10:02:24,9.79,--,11,10768,卖盘
1565,10:02:19,9.79,--,1,978,卖盘
1566,10:02:13,9.79,0.01,40,39160,买盘
1567,10:02:04,9.78,-0.01,97,94866,卖盘
1568,10:01:54,9.79,--,45,44054,买盘
1569,10:01:39,9.79,--,5,4895,买盘
1570,10:01:34,9.79,--,728,712711,卖盘
1571,10:01:24,9.79,--,49,47970,卖盘
1572,10:01:19,9.79,--,4,3915,卖盘
1573,10:01:09,9.79,--,10,9790,卖盘
1574,10:00:58,9.79,-0.01,1,978,卖盘
1575,10:00:54,9.8,--,9,8820,买盘
1576,10:00:49,9.8,--,119,116620,卖盘
1577,10:00:43,9.8,0.01,381,373380,买盘
1578,10:00:39,9.79,-0.01,37,36223,卖盘
1579,10:00:24,9.8,--,20,19600,买盘
1580,10:00:18,9.8,--,20,19600,买盘
1581,10:00:13,9.8,-0.01,322,315560,卖盘
1582,10:00:09,9.81,0.01,208,204048,买盘
1583,09:59:28,9.8,--,24,23520,卖盘
1584,09:59:13,9.8,-0.01,150,147000,卖盘
1585,09:59:03,9.81,0.01,7,6867,买盘
1586,09:58:43,9.8,-0.01,110,107800,卖盘
1587,09:58:33,9.81,--,446,437526,买盘
1588,09:58:28,9.81,--,12,11772,卖盘
1589,09:58:24,9.81,--,10,9810,卖盘
1590,09:58:18,9.81,--,63,61803,买盘
1591,09:58:07,9.81,--,11,10791,买盘
1592,09:57:58,9.81,--,361,354141,卖盘
1593,09:57:48,9.81,--,5,4905,卖盘
1594,09:57:43,9.81,--,35,34335,卖盘
1595,09:57:37,9.81,-0.01,2,1962,卖盘
1596,09:57:33,9.82,0.01,55,54010,买盘
1597,09:57:28,9.81,--,40,39240,卖盘
1598,09:57:22,9.81,-0.01,8,7848,卖盘
1599,09:56:58,9.82,--,0,0,买盘
1600,09:56:52,9.82,0.02,11,10802,买盘
1601,09:56:48,9.8,-0.02,111,108780,卖盘
1602,09:56:37,9.82,0.01,36,35352,买盘
1603,09:56:33,9.81,-0.01,5,4905,卖盘
1604,09:56:28,9.82,--,42,41244,买盘
1605,09:56:22,9.82,0.01,11,10802,买盘
1606,09:56:18,9.81,-0.01,4,3924,卖盘
1607,09:56:13,9.82,--,68,66776,卖盘
1608,09:56:07,9.82,--,6,5892,卖盘
1609,09:56:03,9.82,--,185,181670,卖盘
1610,09:55:58,9.82,--,60,58920,卖盘
1611,09:55:48,9.82,--,70,68740,卖盘
1612,09:55:43,9.82,--,15,14730,卖盘
1613,09:55:37,9.82,--,52,51064,卖盘
1614,09:55:33,9.82,--,20,19640,卖盘
1615,09:55:18,9.82,--,226,221932,买盘
1616,09:55:13,9.82,--,84,82488,买盘
1617,09:55:07,9.82,0.01,104,102128,买盘
1618,09:55:03,9.81,--,10,9810,卖盘
1619,09:54:58,9.81,-0.01,10,9810,卖盘
1620,09:54:52,9.82,0.01,32,31424,买盘
1621,09:54:48,9.81,-0.01,160,156960,卖盘
1622,09:54:43,9.82,0.01,218,214076,买盘
1623,09:54:28,9.81,-0.01,15,14715,卖盘
1624,09:54:07,9.82,--,1,982,卖盘
1625,09:54:03,9.82,-0.01,19,18658,卖盘
1626,09:53:58,9.83,--,261,256563,买盘
1627,09:53:52,9.83,0.01,5,4915,买盘
1628,09:53:43,9.82,-0.01,191,187562,卖盘
1629,09:53:37,9.83,--,5,4915,买盘
1630,09:53:33,9.83,--,192,188736,买盘
1631,09:53:27,9.83,--,8,7864,买盘
1632,09:53:22,9.83,--,200,196600,买盘
1633,09:53:18,9.83,--,15,14745,买盘
1634,09:53:12,9.83,--,10,9830,买盘
1635,09:53:07,9.83,--,90,88470,卖盘
1636,09:52:57,9.83,0.01,183,179889,买盘
1637,09:52:52,9.82,--,240,235680,卖盘
1638,09:52:42,9.82,--,121,118822,卖盘
1639,09:52:37,9.82,--,144,141408,卖盘
1640,09:52:27,9.82,0.01,712,699184,买盘
1641,09:52:22,9.81,--,61,59841,买盘
1642,09:52:07,9.81,--,87,85347,买盘
1643,09:51:57,9.81,0.01,108,105948,买盘
1644,09:51:52,9.8,-0.01,30,29400,卖盘
1645,09:51:47,9.81,0.01,132,129492,买盘
1646,09:51:37,9.8,--,116,113680,卖盘
1647,09:51:27,9.8,-0.01,13,12740,卖盘
1648,09:51:17,9.81,--,5,4905,买盘
1649,09:51:12,9.81,--,48,47088,买盘
1650,09:51:07,9.81,0.01,21,20601,买盘
1651,09:50:57,9.8,--,54,52920,卖盘
1652,09:50:52,9.8,-0.01,2,1960,卖盘
1653,09:50:47,9.81,--,388,380628,卖盘
1654,09:50:42,9.81,--,139,136359,卖盘
1655,09:50:37,9.81,--,4,3924,卖盘
1656,09:50:32,9.81,--,6,5886,卖盘
1657,09:50:27,9.81,-0.01,20,19620,卖盘
1658,09:50:12,9.82,--,220,216040,买盘
1659,09:50:07,9.82,0.01,9,8838,买盘
1660,09:50:01,9.81,--,500,490500,卖盘
1661,09:49:57,9.81,--,465,456165,买盘
1662,09:49:42,9.81,--,100,98100,买盘
1663,09:49:31,9.81,0.01,4,3924,买盘
1664,09:49:27,9.8,--,4,3920,卖盘
1665,09:49:22,9.8,--,5,4900,卖盘
1666,09:49:16,9.8,--,40,39200,卖盘
1667,09:49:12,9.8,--,5,4900,卖盘
1668,09:49:07,9.8,--,60,58800,买盘
1669,09:48:57,9.8,--,5,4900,买盘
1670,09:48:46,9.8,--,17,16660,买盘
1671,09:48:37,9.8,0.01,8,7840,买盘
1672,09:48:27,9.79,-0.01,161,157619,卖盘
1673,09:48:22,9.8,--,200,196000,买盘
1674,09:48:12,9.8,0.01,25,24500,买盘
1675,09:47:57,9.79,--,26,25453,卖盘
1676,09:47:52,9.79,--,252,246707,买盘
1677,09:47:46,9.79,--,60,58739,买盘
1678,09:47:42,9.79,--,29,28390,买盘
1679,09:47:37,9.79,--,100,97899,买盘
1680,09:47:31,9.79,--,100,97899,买盘
1681,09:47:22,9.79,--,2,1957,买盘
1682,09:47:07,9.79,--,12,11747,买盘
1683,09:47:01,9.79,--,20,19580,买盘
1684,09:46:57,9.79,--,3,2936,买盘
1685,09:46:51,9.79,0.01,377,369082,买盘
1686,09:46:46,9.78,-0.01,15,14669,卖盘
1687,09:46:41,9.79,--,10,9790,买盘
1688,09:46:36,9.79,0.01,7,6852,买盘
1689,09:46:31,9.78,-0.01,80,78240,卖盘
1690,09:46:26,9.79,--,1,978,买盘
1691,09:46:21,9.79,0.01,20,19580,买盘
1692,09:46:16,9.78,-0.01,205,200490,卖盘
1693,09:46:11,9.79,--,6,5873,买盘
1694,09:46:06,9.79,0.01,35,34265,买盘
1695,09:45:56,9.78,--,20,19560,卖盘
1696,09:45:51,9.78,-0.01,15,14669,卖盘
1697,09:45:46,9.79,0.01,20,19580,买盘
1698,09:45:41,9.78,-0.01,10,9780,卖盘
1699,09:45:36,9.79,--,20,19580,买盘
1700,09:45:31,9.79,--,24,23495,买盘
1701,09:45:26,9.79,--,4,3915,买盘
1702,09:45:21,9.79,--,113,110626,买盘
1703,09:45:16,9.79,--,21,20559,买盘
1704,09:45:11,9.79,--,12,11747,买盘
1705,09:45:06,9.79,0.01,97,94962,买盘
1706,09:45:01,9.78,--,20,19560,卖盘
1707,09:44:46,9.78,--,19,18582,卖盘
1708,09:44:31,9.78,--,294,288109,买盘
1709,09:44:26,9.78,--,21,20538,买盘
1710,09:44:21,9.78,0.01,33,32273,买盘
1711,09:44:16,9.77,-0.01,4,3908,卖盘
1712,09:44:11,9.78,0.01,411,401958,买盘
1713,09:44:06,9.77,-0.01,9,8793,卖盘
1714,09:44:01,9.78,--,100,97800,买盘
1715,09:43:56,9.78,--,5,4890,买盘
1716,09:43:46,9.78,--,23,22494,买盘
1717,09:43:31,9.78,--,112,109536,买盘
1718,09:43:26,9.78,0.01,15,14669,买盘
1719,09:43:16,9.77,-0.01,36,35172,卖盘
1720,09:43:06,9.78,0.01,126,123227,买盘
1721,09:43:01,9.77,--,4,3908,卖盘
1722,09:42:51,9.77,0.01,39,38103,卖盘
1723,09:42:46,9.76,--,97,94672,卖盘
1724,09:42:36,9.76,--,181,176656,卖盘
1725,09:42:31,9.76,--,20,19520,卖盘
1726,09:42:21,9.76,-0.01,26,25376,卖盘
1727,09:42:16,9.77,0.01,84,82068,买盘
1728,09:42:06,9.76,0.01,1,976,中性盘
1729,09:42:01,9.75,-0.01,96,93600,卖盘
1730,09:41:55,9.76,--,4,3904,卖盘
1731,09:41:51,9.76,-0.01,634,618784,卖盘
1732,09:41:46,9.77,--,29,28333,买盘
1733,09:41:36,9.77,0.01,159,155343,买盘
1734,09:41:31,9.76,-0.01,82,80032,卖盘
1735,09:41:25,9.77,--,901,880277,卖盘
1736,09:41:16,9.77,--,16,15632,卖盘
1737,09:41:06,9.77,-0.01,158,154366,卖盘
1738,09:40:51,9.78,--,60,58679,买盘
1739,09:40:46,9.78,-0.01,121,118337,卖盘
1740,09:40:36,9.79,0.01,40,39160,买盘
1741,09:40:31,9.78,--,147,143766,买盘
1742,09:40:25,9.78,--,10,9780,买盘
1743,09:40:21,9.78,--,6,5868,卖盘
1744,09:40:16,9.78,-0.01,329,321762,卖盘
1745,09:40:06,9.79,--,162,158598,买盘
1746,09:40:00,9.79,--,50,48949,买盘
1747,09:39:55,9.79,0.01,4,3915,买盘
1748,09:39:45,9.78,-0.01,40,39120,卖盘
1749,09:39:40,9.79,0.01,5,4895,买盘
1750,09:39:30,9.78,--,26,25428,卖盘
1751,09:39:25,9.78,--,139,135942,卖盘
1752,09:39:15,9.78,--,456,445967,买盘
1753,09:39:10,9.78,--,121,118337,买盘
1754,09:39:05,9.78,--,41,40098,买盘
1755,09:39:00,9.78,--,45,44010,买盘
1756,09:38:55,9.78,--,33,32273,买盘
1757,09:38:45,9.78,0.01,40,39120,买盘
1758,09:38:40,9.77,-0.01,32,31264,卖盘
1759,09:38:35,9.78,0.01,50,48900,买盘
1760,09:38:30,9.77,-0.01,102,99654,卖盘
1761,09:38:25,9.78,--,44,43032,买盘
1762,09:38:15,9.78,--,44,43032,卖盘
1763,09:38:10,9.78,0.02,36,35208,卖盘
1764,09:38:05,9.76,-0.02,312,304512,卖盘
1765,09:38:00,9.78,--,13,12714,买盘
1766,09:37:45,9.78,--,21,20538,买盘
1767,09:37:40,9.78,--,6,5868,买盘
1768,09:37:35,9.78,0.01,50,48900,买盘
1769,09:37:30,9.77,--,191,186607,买盘
1770,09:37:25,9.77,-0.01,116,113332,卖盘
1771,09:37:20,9.78,--,41,40098,买盘
1772,09:37:15,9.78,-0.02,838,819564,卖盘
1773,09:37:10,9.8,--,318,311640,卖盘
1774,09:37:05,9.8,-0.01,9,8820,卖盘
1775,09:37:00,9.81,--,30,29430,买盘
1776,09:36:55,9.81,0.01,119,116739,买盘
1777,09:36:45,9.8,-0.01,4,3920,卖盘
1778,09:36:40,9.81,0.01,34,33354,买盘
1779,09:36:35,9.8,--,11,10780,卖盘
1780,09:36:30,9.8,-0.01,12,11760,卖盘
1781,09:36:25,9.81,--,256,251136,买盘
1782,09:36:20,9.81,--,20,19620,买盘
1783,09:36:15,9.81,-0.01,96,94176,卖盘
1784,09:36:10,9.82,0.01,131,128642,买盘
1785,09:36:05,9.81,-0.01,141,138321,卖盘
1786,09:36:00,9.82,0.01,94,92308,买盘
1787,09:35:45,9.81,-0.01,38,37278,卖盘
1788,09:35:40,9.82,--,225,220950,买盘
1789,09:35:30,9.82,--,228,223896,买盘
1790,09:35:25,9.82,--,57,55974,卖盘
1791,09:35:19,9.82,--,30,29460,卖盘
1792,09:35:15,9.82,0.01,14,13748,买盘
1793,09:35:10,9.81,-0.01,172,168732,卖盘
1794,09:35:04,9.82,0.01,57,55974,买盘
1795,09:35:00,9.81,--,40,39240,卖盘
1796,09:34:55,9.81,-0.01,4,3924,卖盘
1797,09:34:49,9.82,0.01,15,14730,买盘
1798,09:34:45,9.81,--,79,77499,买盘
1799,09:34:34,9.81,--,19,18639,买盘
1800,09:34:30,9.81,--,25,24525,买盘
1801,09:34:25,9.81,--,8,7848,买盘
1802,09:34:19,9.81,--,100,98100,买盘
1803,09:34:15,9.81,0.01,20,19620,买盘
1804,09:34:10,9.8,-0.01,17,16660,卖盘
1805,09:34:04,9.81,--,2,1962,买盘
1806,09:33:55,9.81,--,11,10791,买盘
1807,09:33:49,9.81,--,3,2943,卖盘
1808,09:33:45,9.81,-0.01,16,15696,卖盘
1809,09:33:40,9.82,--,140,137480,买盘
1810,09:33:34,9.82,--,4,3928,买盘
1811,09:33:30,9.82,--,43,42226,买盘
1812,09:33:25,9.82,--,0,0,买盘
1813,09:33:19,9.82,0.02,291,285762,买盘
1814,09:33:09,9.8,--,130,127400,卖盘
1815,09:33:04,9.8,--,72,70560,卖盘
1816,09:32:49,9.8,--,94,92120,卖盘
1817,09:32:44,9.8,--,506,495880,买盘
1818,09:32:34,9.8,--,115,112700,买盘
1819,09:32:24,9.8,--,22,21560,卖盘
1820,09:32:19,9.8,--,9,8820,卖盘
1821,09:32:14,9.8,--,33,32340,卖盘
1822,09:32:04,9.8,0.01,19,18620,买盘
1823,09:31:59,9.79,-0.01,14,13705,卖盘
1824,09:31:54,9.8,--,171,167580,买盘
1825,09:31:49,9.8,0.01,317,310660,买盘
1826,09:31:39,9.79,--,401,392578,卖盘
1827,09:31:34,9.79,-0.01,36,35244,卖盘
1828,09:31:29,9.8,0.01,242,237160,买盘
1829,09:31:24,9.79,-0.01,77,75383,卖盘
1830,09:31:09,9.8,-0.01,215,210700,卖盘
1831,09:31:04,9.81,--,128,125568,买盘
1832,09:30:59,9.81,-0.01,6,5886,中性盘
1833,09:30:54,9.82,0.01,379,372178,买盘
1834,09:30:49,9.81,--,16,15696,卖盘
1835,09:30:44,9.81,-0.01,39,38259,卖盘
1836,09:30:39,9.82,--,377,370214,买盘
1837,09:30:34,9.82,--,31,30442,买盘
1838,09:30:24,9.82,-0.01,150,147300,卖盘
1839,09:30:19,9.83,--,30,29490,买盘
1840,09:30:09,9.83,--,998,981034,买盘
1841,09:30:04,9.83,--,260,255580,买盘
1842,09:28:55,9.83,--,0,0,买盘
1843,09:25:07,9.83,9.83,1023,1005609,买盘
