,time,price,change,volume,amount,type
0,15:00:00,8.49,--,0,0,卖盘
1,15:00:00,8.49,--,0,0,卖盘
2,14:59:59,8.49,--,45,38205,卖盘
3,14:59:54,8.49,--,60,50940,卖盘
4,14:59:49,8.49,-0.01,56,47544,卖盘
5,14:59:44,8.5,0.01,52,44200,买盘
6,14:59:39,8.49,--,41,34809,卖盘
7,14:59:34,8.49,--,82,69618,买盘
8,14:59:29,8.49,0.01,66,56034,买盘
9,14:59:24,8.48,-0.01,284,240832,卖盘
10,14:59:19,8.49,--,44,37356,买盘
11,14:59:14,8.49,--,48,40752,买盘
12,14:59:09,8.49,0.01,288,244512,买盘
13,14:59:04,8.48,-0.01,148,125504,卖盘
14,14:58:59,8.49,--,23,19527,买盘
15,14:58:54,8.49,0.01,368,312432,买盘
16,14:58:49,8.48,--,123,104304,卖盘
17,14:58:39,8.48,-0.01,115,97520,卖盘
18,14:58:34,8.49,--,273,231777,买盘
19,14:58:29,8.49,0.01,10,8490,买盘
20,14:58:24,8.48,-0.01,120,101760,卖盘
21,14:58:19,8.49,--,122,103578,卖盘
22,14:58:14,8.49,--,5,4245,卖盘
23,14:58:09,8.49,-0.01,63,53487,卖盘
24,14:58:04,8.5,--,81,68850,中性盘
25,14:57:59,8.5,0.01,10,8500,中性盘
26,14:57:54,8.49,-0.01,199,168951,卖盘
27,14:57:49,8.5,--,27,22950,买盘
28,14:57:39,8.5,0.01,14,11900,中性盘
29,14:57:34,8.49,-0.01,291,247059,卖盘
30,14:57:29,8.5,--,5,4250,买盘
31,14:57:24,8.5,--,211,179350,买盘
32,14:57:19,8.5,--,150,127500,买盘
33,14:57:14,8.5,--,10,8500,买盘
34,14:57:09,8.5,--,559,475150,卖盘
35,14:57:04,8.5,--,946,804100,卖盘
36,14:56:59,8.5,--,170,144500,卖盘
37,14:56:54,8.5,-0.01,58,49300,卖盘
38,14:56:49,8.51,--,123,104673,买盘
39,14:56:44,8.51,--,16,13616,买盘
40,14:56:39,8.51,--,255,217005,买盘
41,14:56:34,8.51,--,67,57017,买盘
42,14:56:29,8.51,--,18,15318,买盘
43,14:56:24,8.51,--,78,66378,卖盘
44,14:56:19,8.51,--,41,34891,卖盘
45,14:56:14,8.51,-0.01,93,79143,卖盘
46,14:56:09,8.52,--,76,64752,买盘
47,14:56:04,8.52,0.01,47,40044,买盘
48,14:55:54,8.51,--,73,62123,卖盘
49,14:55:48,8.51,--,58,49358,买盘
50,14:55:43,8.51,0.01,20,17020,买盘
51,14:55:39,8.5,-0.01,72,61200,卖盘
52,14:55:33,8.51,0.01,129,109779,买盘
53,14:55:28,8.5,-0.01,20,17000,卖盘
54,14:55:24,8.51,0.01,190,161690,买盘
55,14:55:18,8.5,-0.01,39,33150,卖盘
56,14:55:13,8.51,0.01,15,12765,买盘
57,14:55:09,8.5,-0.01,138,117300,卖盘
58,14:55:03,8.51,--,59,50209,买盘
59,14:54:58,8.51,0.01,9,7659,中性盘
60,14:54:54,8.5,-0.01,145,123250,卖盘
61,14:54:48,8.51,--,182,154882,买盘
62,14:54:39,8.51,--,5,4255,买盘
63,14:54:33,8.51,--,2,1702,买盘
64,14:54:28,8.51,-0.01,153,130203,卖盘
65,14:54:24,8.52,0.01,2,1704,买盘
66,14:54:18,8.51,-0.01,37,31487,卖盘
67,14:54:13,8.52,--,35,29820,买盘
68,14:54:08,8.52,--,51,43452,买盘
69,14:54:03,8.52,0.01,386,328872,买盘
70,14:53:58,8.51,-0.01,5,4255,卖盘
71,14:53:53,8.52,--,51,43452,买盘
72,14:53:48,8.52,--,56,47712,买盘
73,14:53:43,8.52,--,159,136302,卖盘
74,14:53:38,8.52,-0.01,46,39192,卖盘
75,14:53:33,8.53,0.01,69,58856,买盘
76,14:53:28,8.52,--,59,50268,卖盘
77,14:53:23,8.52,--,172,146544,卖盘
78,14:53:18,8.52,--,44,37488,卖盘
79,14:53:13,8.52,-0.01,232,197664,卖盘
80,14:53:08,8.53,--,9,7676,买盘
81,14:53:03,8.53,--,33,28148,买盘
82,14:52:58,8.53,--,611,521182,卖盘
83,14:52:53,8.53,--,70,59709,卖盘
84,14:52:48,8.53,-0.01,166,141598,卖盘
85,14:52:43,8.54,--,31,26473,买盘
86,14:52:38,8.54,--,17,14517,买盘
87,14:52:33,8.54,--,19,16225,买盘
88,14:52:28,8.54,--,10,8540,买盘
89,14:52:23,8.54,--,12,10247,买盘
90,14:52:18,8.54,0.01,9,7685,买盘
91,14:52:13,8.53,--,84,71652,卖盘
92,14:52:08,8.53,-0.01,71,60562,卖盘
93,14:52:03,8.54,--,70,59779,买盘
94,14:51:58,8.54,--,55,46969,买盘
95,14:51:53,8.54,--,72,61487,买盘
96,14:51:48,8.54,--,5,4270,买盘
97,14:51:43,8.54,--,20,17080,买盘
98,14:51:38,8.54,--,42,35868,买盘
99,14:51:33,8.54,--,43,36721,买盘
100,14:51:28,8.54,--,19,16225,买盘
101,14:51:18,8.54,--,38,32451,买盘
102,14:51:13,8.54,--,69,58925,卖盘
103,14:51:08,8.54,--,5,4270,卖盘
104,14:51:03,8.54,--,377,321957,买盘
105,14:50:58,8.54,--,2,1707,买盘
106,14:50:48,8.54,--,3,2561,买盘
107,14:50:43,8.54,--,21,17934,买盘
108,14:50:38,8.54,0.01,84,71736,买盘
109,14:50:33,8.53,-0.01,9,7676,卖盘
110,14:50:28,8.54,--,55,46969,买盘
111,14:50:18,8.54,--,111,94793,买盘
112,14:50:13,8.54,--,59,50385,买盘
113,14:50:03,8.54,0.01,113,96501,买盘
114,14:49:58,8.53,--,9,7676,卖盘
115,14:49:53,8.53,--,20,17060,卖盘
116,14:49:48,8.53,-0.01,51,43503,卖盘
117,14:49:43,8.54,--,26,22203,买盘
118,14:49:38,8.54,--,10,8540,买盘
119,14:49:33,8.54,0.01,13,11101,买盘
120,14:49:27,8.53,-0.01,61,52032,卖盘
121,14:49:18,8.54,0.01,100,85399,买盘
122,14:49:12,8.53,-0.01,14,11942,卖盘
123,14:49:03,8.54,--,20,17080,买盘
124,14:48:48,8.54,0.01,87,74297,买盘
125,14:48:42,8.53,-0.01,12,10236,卖盘
126,14:48:33,8.54,--,27,23057,买盘
127,14:48:27,8.54,--,109,93085,买盘
128,14:48:22,8.54,--,15,12809,买盘
129,14:48:18,8.54,0.01,10,8540,买盘
130,14:48:12,8.53,--,80,68240,卖盘
131,14:48:03,8.53,-0.01,52,44356,卖盘
132,14:47:57,8.54,0.01,60,51239,买盘
133,14:47:52,8.53,--,143,121978,卖盘
134,14:47:47,8.53,--,10,8530,卖盘
135,14:47:42,8.53,--,20,17060,卖盘
136,14:47:37,8.53,--,35,29854,卖盘
137,14:47:32,8.53,--,22,18766,卖盘
138,14:47:27,8.53,0.01,234,199601,买盘
139,14:47:17,8.52,-0.01,20,17040,卖盘
140,14:47:12,8.53,0.01,109,92977,买盘
141,14:47:07,8.52,-0.01,1,852,卖盘
142,14:46:57,8.53,0.01,1,852,买盘
143,14:46:52,8.52,-0.01,20,17040,卖盘
144,14:46:47,8.53,0.01,1,852,买盘
145,14:46:37,8.52,--,51,43452,卖盘
146,14:46:32,8.52,--,4,3408,卖盘
147,14:46:12,8.52,-0.01,68,57936,卖盘
148,14:46:07,8.53,0.01,24,20472,买盘
149,14:45:57,8.52,--,7,5964,卖盘
150,14:45:52,8.52,--,26,22152,卖盘
151,14:45:47,8.52,--,17,14484,卖盘
152,14:45:42,8.52,--,10,8520,卖盘
153,14:45:37,8.52,--,21,17909,买盘
154,14:45:27,8.52,0.01,75,63900,买盘
155,14:45:17,8.51,--,60,51060,卖盘
156,14:45:12,8.51,--,21,17871,卖盘
157,14:45:07,8.51,--,144,122544,卖盘
158,14:44:47,8.51,--,20,17020,卖盘
159,14:44:42,8.51,--,55,46805,卖盘
160,14:44:37,8.51,--,94,79994,卖盘
161,14:44:27,8.51,--,32,27232,卖盘
162,14:44:22,8.51,--,49,41699,卖盘
163,14:44:17,8.51,--,1,851,卖盘
164,14:44:12,8.51,--,8,6808,卖盘
165,14:44:07,8.51,--,18,15318,卖盘
166,14:44:02,8.51,-0.01,10,8510,卖盘
167,14:43:57,8.52,0.01,6,5112,买盘
168,14:43:52,8.51,--,15,12765,卖盘
169,14:43:47,8.51,-0.01,12,10212,卖盘
170,14:43:42,8.52,--,87,74124,买盘
171,14:43:37,8.52,0.01,10,8520,买盘
172,14:43:32,8.51,-0.01,5,4255,卖盘
173,14:43:27,8.52,--,61,51972,买盘
174,14:43:17,8.52,0.01,16,13632,买盘
175,14:43:12,8.51,--,10,8510,卖盘
176,14:43:06,8.51,-0.01,95,80845,卖盘
177,14:43:01,8.52,0.01,1,852,买盘
178,14:42:57,8.51,-0.01,15,12765,卖盘
179,14:42:42,8.52,--,79,68142,卖盘
180,14:42:36,8.52,-0.01,148,126096,卖盘
181,14:42:31,8.53,0.01,50,42650,买盘
182,14:42:27,8.52,--,10,8520,卖盘
183,14:42:21,8.52,--,50,42600,卖盘
184,14:42:12,8.52,--,129,109908,卖盘
185,14:42:01,8.52,--,100,85200,卖盘
186,14:41:57,8.52,-0.01,15,12780,卖盘
187,14:41:51,8.53,0.01,30,25589,买盘
188,14:41:46,8.52,--,90,76680,卖盘
189,14:41:42,8.52,--,21,17892,卖盘
190,14:41:36,8.52,--,4,3408,卖盘
191,14:41:31,8.52,--,60,51120,卖盘
192,14:41:21,8.52,--,159,135468,卖盘
193,14:41:16,8.52,--,6,5112,卖盘
194,14:41:12,8.52,--,86,73272,卖盘
195,14:41:06,8.52,--,6,5112,卖盘
196,14:40:57,8.52,-0.01,83,70716,卖盘
197,14:40:51,8.53,--,70,59709,卖盘
198,14:40:46,8.53,-0.01,60,51179,卖盘
199,14:40:36,8.54,--,10,8540,买盘
200,14:40:31,8.54,--,10,8540,买盘
201,14:40:21,8.54,--,10,8540,买盘
202,14:40:16,8.54,--,7,5977,买盘
203,14:40:11,8.54,0.01,5,4270,买盘
204,14:40:06,8.53,-0.02,23,19619,卖盘
205,14:39:56,8.55,--,0,0,买盘
206,14:39:51,8.55,--,20,17100,买盘
207,14:39:46,8.55,0.01,39,33345,买盘
208,14:39:36,8.54,--,7,5977,卖盘
209,14:39:31,8.54,--,73,62341,卖盘
210,14:39:21,8.54,--,2,1707,卖盘
211,14:39:16,8.54,--,266,227163,中性盘
212,14:39:11,8.54,0.01,10,8540,卖盘
213,14:39:06,8.53,-0.01,150,127949,卖盘
214,14:39:01,8.54,0.01,20,17080,买盘
215,14:38:51,8.53,-0.01,268,228603,卖盘
216,14:38:46,8.54,--,112,95665,买盘
217,14:38:31,8.54,--,197,169074,卖盘
218,14:38:26,8.54,--,18,15371,卖盘
219,14:38:21,8.54,--,16,13663,卖盘
220,14:38:16,8.54,-0.01,14,11955,卖盘
221,14:38:06,8.55,--,233,199215,卖盘
222,14:38:01,8.55,--,64,54720,卖盘
223,14:37:56,8.55,-0.01,34,29070,卖盘
224,14:37:51,8.56,0.01,17,14552,买盘
225,14:37:41,8.55,--,10,8550,卖盘
226,14:37:36,8.55,--,58,49590,卖盘
227,14:37:31,8.55,0.01,136,116280,买盘
228,14:37:26,8.54,--,24,20495,卖盘
229,14:37:16,8.54,-0.01,56,47823,卖盘
230,14:36:51,8.55,-0.01,7,5985,卖盘
231,14:36:46,8.56,0.01,68,58208,买盘
232,14:36:41,8.55,--,6,5130,卖盘
233,14:36:36,8.55,--,9,7695,卖盘
234,14:36:31,8.55,--,31,26505,卖盘
235,14:36:21,8.55,--,130,111150,卖盘
236,14:36:06,8.55,--,10,8550,卖盘
237,14:36:00,8.55,--,31,26505,卖盘
238,14:35:56,8.55,--,77,65835,卖盘
239,14:35:45,8.55,--,301,257355,买盘
240,14:35:36,8.55,--,30,25650,买盘
241,14:35:06,8.55,--,98,83790,卖盘
242,14:35:00,8.55,--,10,8550,卖盘
243,14:34:55,8.55,--,11,9405,卖盘
244,14:34:45,8.55,--,117,100035,卖盘
245,14:34:36,8.55,--,38,32490,卖盘
246,14:34:30,8.55,--,21,17955,卖盘
247,14:34:25,8.55,--,40,34200,卖盘
248,14:34:21,8.55,--,127,108585,卖盘
249,14:34:15,8.55,-0.01,100,85500,卖盘
250,14:34:10,8.56,0.01,6,5136,买盘
251,14:34:00,8.55,-0.01,40,34200,卖盘
252,14:33:50,8.56,--,10,8560,买盘
253,14:33:45,8.56,--,211,180616,卖盘
254,14:33:36,8.56,--,57,48792,卖盘
255,14:33:30,8.56,--,8,6848,卖盘
256,14:33:25,8.56,-0.01,3,2568,卖盘
257,14:32:45,8.57,--,601,515057,卖盘
258,14:32:40,8.57,--,119,101983,卖盘
259,14:32:25,8.57,--,33,28281,卖盘
260,14:32:15,8.57,--,11,9427,卖盘
261,14:32:10,8.57,-0.01,113,96841,卖盘
262,14:32:05,8.58,0.01,1,858,买盘
263,14:31:55,8.57,--,10,8570,卖盘
264,14:31:50,8.57,--,10,8570,卖盘
265,14:31:45,8.57,--,23,19711,卖盘
266,14:31:40,8.57,-0.01,9,7713,卖盘
267,14:31:30,8.58,0.01,5,4290,买盘
268,14:31:25,8.57,--,38,32566,卖盘
269,14:31:15,8.57,-0.01,10,8570,卖盘
270,14:31:10,8.58,--,110,94380,买盘
271,14:31:05,8.58,0.01,7,6006,买盘
272,14:31:00,8.57,-0.01,23,19711,卖盘
273,14:30:55,8.58,0.01,50,42900,买盘
274,14:30:50,8.57,--,5,4285,卖盘
275,14:30:45,8.57,-0.01,10,8570,卖盘
276,14:30:40,8.58,--,20,17160,买盘
277,14:30:30,8.58,--,8,6864,买盘
278,14:30:25,8.58,--,53,45474,买盘
279,14:30:20,8.58,--,21,18018,买盘
280,14:30:15,8.58,--,81,69498,卖盘
281,14:30:10,8.58,-0.01,43,36894,卖盘
282,14:30:05,8.59,--,5,4295,买盘
283,14:30:00,8.59,0.01,64,54976,买盘
284,14:29:55,8.58,--,3,2574,卖盘
285,14:29:50,8.58,--,5,4290,卖盘
286,14:29:45,8.58,-0.01,40,34320,卖盘
287,14:29:40,8.59,0.01,42,36078,买盘
288,14:29:30,8.58,-0.01,7,6006,卖盘
289,14:29:25,8.59,0.02,57,48963,买盘
290,14:29:20,8.57,--,12,10284,卖盘
291,14:29:15,8.57,-0.01,141,120837,卖盘
292,14:29:10,8.58,--,270,231660,买盘
293,14:29:05,8.58,--,20,17160,买盘
294,14:29:00,8.58,--,69,59202,买盘
295,14:28:55,8.58,--,17,14586,买盘
296,14:28:50,8.58,--,52,44616,买盘
297,14:28:45,8.58,--,53,45474,买盘
298,14:28:39,8.58,--,1,858,买盘
299,14:28:30,8.58,0.01,21,18018,买盘
300,14:28:24,8.57,0.01,52,44564,买盘
301,14:28:15,8.56,-0.01,8,6848,卖盘
302,14:28:09,8.57,0.01,53,45421,买盘
303,14:28:05,8.56,--,32,27392,买盘
304,14:28:00,8.56,--,79,67624,买盘
305,14:27:54,8.56,--,72,61632,买盘
306,14:27:39,8.56,0.01,13,11128,卖盘
307,14:27:24,8.55,--,0,0,卖盘
308,14:27:19,8.55,--,28,23940,卖盘
309,14:27:15,8.55,--,30,25650,卖盘
310,14:27:09,8.55,--,0,0,卖盘
311,14:27:04,8.55,--,204,174420,卖盘
312,14:27:00,8.55,0.01,35,29925,卖盘
313,14:26:54,8.54,-0.01,510,435539,卖盘
314,14:26:49,8.55,--,253,216332,买盘
315,14:26:44,8.55,--,2,1710,买盘
316,14:26:39,8.55,--,12,10260,买盘
317,14:26:30,8.55,--,19,16245,买盘
318,14:26:24,8.55,0.01,6,5130,买盘
319,14:26:19,8.54,--,20,17080,卖盘
320,14:26:14,8.54,--,20,17080,卖盘
321,14:26:04,8.54,0.01,7,5977,买盘
322,14:25:44,8.53,-0.01,11,9383,卖盘
323,14:25:39,8.54,-0.01,41,35014,中性盘
324,14:25:24,8.55,0.03,14,11970,买盘
325,14:25:14,8.52,-0.03,550,468600,卖盘
326,14:25:04,8.55,--,1,855,买盘
327,14:24:59,8.55,--,36,30780,买盘
328,14:24:54,8.55,0.01,52,44460,买盘
329,14:24:49,8.54,--,6,5123,卖盘
330,14:24:39,8.54,--,103,87961,卖盘
331,14:24:34,8.54,-0.01,50,42699,卖盘
332,14:24:19,8.55,--,6,5130,卖盘
333,14:24:14,8.55,--,48,41040,卖盘
334,14:24:09,8.55,--,30,25650,卖盘
335,14:24:04,8.55,--,10,8550,卖盘
336,14:23:59,8.55,--,6,5130,卖盘
337,14:23:54,8.55,--,10,8550,卖盘
338,14:23:49,8.55,--,72,61560,卖盘
339,14:23:44,8.55,--,14,11970,卖盘
340,14:23:39,8.55,--,35,29925,卖盘
341,14:23:34,8.55,--,28,23940,卖盘
342,14:23:24,8.55,--,14,11970,卖盘
343,14:23:19,8.55,-0.01,11,9405,卖盘
344,14:23:14,8.56,--,6,5136,买盘
345,14:23:09,8.56,0.01,20,17120,买盘
346,14:23:04,8.55,--,0,0,卖盘
347,14:22:54,8.55,-0.01,28,23940,卖盘
348,14:22:44,8.56,0.01,10,8560,中性盘
349,14:22:39,8.55,-0.02,13,11115,卖盘
350,14:22:34,8.57,--,44,37708,买盘
351,14:22:29,8.57,0.02,55,47135,买盘
352,14:22:24,8.55,--,17,14535,卖盘
353,14:22:18,8.55,--,60,51300,卖盘
354,14:22:14,8.55,-0.01,18,15390,卖盘
355,14:22:09,8.56,-0.01,151,129256,卖盘
356,14:22:03,8.57,0.01,10,8570,买盘
357,14:21:59,8.56,--,6,5136,卖盘
358,14:21:54,8.56,-0.01,25,21400,卖盘
359,14:21:48,8.57,0.01,123,105411,买盘
360,14:21:44,8.56,--,24,20544,卖盘
361,14:21:39,8.56,-0.01,39,33384,卖盘
362,14:21:33,8.57,--,4,3428,卖盘
363,14:21:29,8.57,--,0,0,中性盘
364,14:21:24,8.57,--,3,2571,买盘
365,14:21:18,8.57,--,26,22282,买盘
366,14:21:09,8.57,--,12,10284,卖盘
367,14:21:03,8.57,0.01,5,4285,买盘
368,14:20:59,8.56,-0.01,77,65912,卖盘
369,14:20:54,8.57,--,18,15426,卖盘
370,14:20:47,8.57,0.01,34,29138,买盘
371,14:20:39,8.56,-0.01,45,38520,卖盘
372,14:20:33,8.57,0.01,5,4285,中性盘
373,14:20:29,8.56,--,34,29104,卖盘
374,14:20:23,8.56,-0.01,46,39376,卖盘
375,14:20:18,8.57,0.01,8,6856,买盘
376,14:20:14,8.56,-0.01,5,4280,卖盘
377,14:20:08,8.57,--,34,29138,买盘
378,14:20:03,8.57,0.01,15,12855,买盘
379,14:19:58,8.56,-0.02,36,30816,卖盘
380,14:19:53,8.58,--,50,42900,买盘
381,14:19:48,8.58,--,20,17160,买盘
382,14:19:43,8.58,0.02,50,42900,买盘
383,14:19:38,8.56,-0.02,12,10272,卖盘
384,14:19:33,8.58,--,55,47190,卖盘
385,14:19:28,8.58,--,225,193050,卖盘
386,14:19:18,8.58,-0.01,219,187902,卖盘
387,14:19:13,8.59,--,91,78169,卖盘
388,14:19:08,8.59,--,41,35219,卖盘
389,14:19:03,8.59,-0.01,36,30924,卖盘
390,14:18:58,8.6,--,35,30100,买盘
391,14:18:53,8.6,0.01,15,12900,买盘
392,14:18:48,8.59,-0.01,122,104798,卖盘
393,14:18:43,8.6,0.01,233,200380,买盘
394,14:18:38,8.59,-0.01,39,33501,卖盘
395,14:18:33,8.6,0.01,46,39560,买盘
396,14:18:28,8.59,-0.01,213,182967,卖盘
397,14:18:23,8.6,0.01,15,12900,买盘
398,14:18:18,8.59,--,169,145171,卖盘
399,14:18:13,8.59,0.01,307,263713,买盘
400,14:18:03,8.58,--,26,22308,卖盘
401,14:17:58,8.58,--,103,88374,卖盘
402,14:17:53,8.58,0.01,189,162162,买盘
403,14:17:48,8.57,--,66,56562,卖盘
404,14:17:38,8.57,--,324,277668,买盘
405,14:17:33,8.57,--,11,9427,买盘
406,14:17:28,8.57,0.01,6,5142,买盘
407,14:17:23,8.56,-0.01,55,47080,卖盘
408,14:17:18,8.57,--,38,32566,买盘
409,14:17:13,8.57,--,79,67703,卖盘
410,14:17:03,8.57,-0.01,35,29995,卖盘
411,14:16:58,8.58,--,3,2574,卖盘
412,14:16:53,8.58,-0.01,27,23166,卖盘
413,14:16:48,8.59,--,50,42950,买盘
414,14:16:43,8.59,-0.01,322,276598,卖盘
415,14:16:38,8.6,0.01,60,51600,买盘
416,14:16:33,8.59,--,215,184685,卖盘
417,14:16:28,8.59,--,84,72156,卖盘
418,14:16:23,8.59,--,39,33501,卖盘
419,14:16:18,8.59,-0.02,296,254264,卖盘
420,14:16:13,8.61,0.01,707,608727,买盘
421,14:16:08,8.6,-0.01,199,171140,卖盘
422,14:16:03,8.61,--,358,308238,买盘
423,14:15:58,8.61,-0.01,205,176505,卖盘
424,14:15:53,8.62,--,53,45685,买盘
425,14:15:48,8.62,--,390,336179,卖盘
426,14:15:43,8.62,-0.01,150,129299,卖盘
427,14:15:38,8.63,--,80,69040,买盘
428,14:15:33,8.63,--,348,300324,卖盘
429,14:15:28,8.63,--,639,551457,买盘
430,14:15:23,8.63,--,484,417692,买盘
431,14:15:18,8.63,--,305,263215,买盘
432,14:15:12,8.63,--,623,537649,卖盘
433,14:15:08,8.63,--,115,99245,买盘
434,14:15:03,8.63,--,647,558361,卖盘
435,14:14:57,8.63,--,145,125135,买盘
436,14:14:53,8.63,--,276,238188,买盘
437,14:14:48,8.63,0.01,108,93204,买盘
438,14:14:42,8.62,0.02,1009,869757,买盘
439,14:14:38,8.6,0.01,639,550056,买盘
440,14:14:33,8.59,--,1128,968952,卖盘
441,14:14:27,8.59,--,385,330715,买盘
442,14:14:22,8.59,0.01,355,304945,买盘
443,14:14:18,8.58,-0.01,465,398970,卖盘
444,14:14:12,8.59,0.02,338,290788,买盘
445,14:14:08,8.57,--,263,225391,卖盘
446,14:14:02,8.57,0.01,48,41136,中性盘
447,14:13:57,8.56,-0.01,612,523872,卖盘
448,14:13:53,8.57,--,55,47135,买盘
449,14:13:48,8.57,--,37,31709,买盘
450,14:13:42,8.57,-0.01,101,86557,卖盘
451,14:13:38,8.58,--,204,175032,买盘
452,14:13:33,8.58,--,62,53196,买盘
453,14:13:27,8.58,--,770,660660,中性盘
454,14:13:23,8.58,-0.01,197,169026,买盘
455,14:13:17,8.59,0.01,455,390845,买盘
456,14:13:12,8.58,-0.01,381,326898,卖盘
457,14:13:08,8.59,-0.01,300,257700,买盘
458,14:13:02,8.6,0.02,477,410220,买盘
459,14:12:57,8.58,--,214,183612,买盘
460,14:12:53,8.58,-0.01,515,442213,卖盘
461,14:12:47,8.59,--,47,40373,卖盘
462,14:12:42,8.59,0.01,643,552852,买盘
463,14:12:37,8.58,0.01,790,678540,买盘
464,14:12:32,8.57,--,182,155974,卖盘
465,14:12:27,8.57,0.01,376,322232,买盘
466,14:12:22,8.56,--,322,275632,卖盘
467,14:12:17,8.56,0.01,57,49391,买盘
468,14:12:12,8.55,0.02,185,158175,中性盘
469,14:12:07,8.53,-0.02,665,567245,卖盘
470,14:12:02,8.55,0.01,360,307800,买盘
471,14:11:57,8.54,0.01,90,76859,买盘
472,14:11:52,8.53,--,272,232015,买盘
473,14:11:47,8.53,--,358,305374,买盘
474,14:11:42,8.53,--,190,162070,买盘
475,14:11:37,8.53,--,138,117969,买盘
476,14:11:32,8.53,0.01,35,29854,买盘
477,14:11:27,8.52,0.02,213,181476,买盘
478,14:11:22,8.5,0.02,301,256445,买盘
479,14:11:17,8.48,0.04,190,161120,买盘
480,14:11:07,8.44,--,5,4220,买盘
481,14:11:02,8.44,--,4,3376,买盘
482,14:10:52,8.44,0.02,160,135040,买盘
483,14:10:42,8.42,--,5,4210,卖盘
484,14:10:27,8.42,--,94,79148,买盘
485,14:10:17,8.42,0.01,45,37890,买盘
486,14:10:12,8.41,--,23,19343,买盘
487,14:10:07,8.41,--,2,1682,买盘
488,14:10:02,8.41,--,10,8410,买盘
489,14:09:57,8.41,0.01,10,8410,中性盘
490,14:09:52,8.4,-0.02,70,58800,卖盘
491,14:09:42,8.42,0.01,14,11788,买盘
492,14:09:37,8.41,--,31,26071,买盘
493,14:09:27,8.41,--,10,8410,买盘
494,14:09:22,8.41,--,3,2523,买盘
495,14:09:07,8.41,--,253,212773,买盘
496,14:08:57,8.41,0.01,31,26071,买盘
497,14:08:51,8.4,-0.01,5,4200,卖盘
498,14:08:42,8.41,-0.01,172,144652,卖盘
499,14:08:21,8.42,--,34,28628,卖盘
500,14:08:12,8.42,--,12,10104,卖盘
501,14:08:06,8.42,--,29,24418,卖盘
502,14:07:57,8.42,-0.01,16,13472,卖盘
503,14:07:51,8.43,--,42,35406,买盘
504,14:07:46,8.43,--,37,31191,买盘
505,14:07:21,8.43,--,1,843,买盘
506,14:07:06,8.43,-0.01,67,56481,卖盘
507,14:06:56,8.44,-0.01,7,5908,买盘
508,14:06:51,8.45,0.01,200,169000,买盘
509,14:06:41,8.44,--,63,53172,卖盘
510,14:06:36,8.44,0.01,18,15192,买盘
511,14:06:31,8.43,-0.01,10,8430,卖盘
512,14:06:27,8.44,0.02,4,3376,买盘
513,14:06:11,8.42,--,100,84200,卖盘
514,14:06:06,8.42,--,154,129668,卖盘
515,14:06:01,8.42,--,26,21892,卖盘
516,14:05:51,8.42,--,104,87568,买盘
517,14:05:46,8.42,--,11,9262,买盘
518,14:05:36,8.42,0.01,24,20208,买盘
519,14:05:31,8.41,-0.01,30,25230,卖盘
520,14:05:26,8.42,--,4,3368,买盘
521,14:05:06,8.42,0.01,5,4210,买盘
522,14:05:01,8.41,--,114,95874,买盘
523,14:04:56,8.41,--,36,30276,卖盘
524,14:04:51,8.41,--,29,24389,买盘
525,14:04:46,8.41,--,48,40368,买盘
526,14:04:41,8.41,--,10,8410,买盘
527,14:04:36,8.41,--,1,841,买盘
528,14:04:31,8.41,-0.01,4,3364,买盘
529,14:04:26,8.42,0.01,88,74096,买盘
530,14:04:21,8.41,-0.01,12,10092,卖盘
531,14:04:16,8.42,0.01,1,842,买盘
532,14:04:11,8.41,--,25,21025,卖盘
533,14:04:01,8.41,--,10,8410,卖盘
534,14:03:56,8.41,--,31,26071,卖盘
535,14:03:51,8.41,--,10,8410,卖盘
536,14:03:36,8.41,--,38,31958,卖盘
537,14:03:26,8.41,--,54,45582,买盘
538,14:03:21,8.41,--,39,32799,买盘
539,14:03:16,8.41,--,15,12615,买盘
540,14:03:11,8.41,--,7,5887,买盘
541,14:03:01,8.41,--,145,121945,买盘
542,14:02:56,8.41,-0.01,39,32799,卖盘
543,14:02:51,8.42,0.02,25,21050,买盘
544,14:02:46,8.4,-0.02,28,23520,卖盘
545,14:02:36,8.42,0.02,53,44626,买盘
546,14:02:31,8.4,--,54,45360,卖盘
547,14:02:26,8.4,--,56,47040,买盘
548,14:02:21,8.4,--,53,44520,买盘
549,14:02:16,8.4,0.01,31,26040,买盘
550,14:02:11,8.39,-0.01,5,4195,卖盘
551,14:02:06,8.4,0.02,102,85680,买盘
552,14:02:01,8.38,--,3,2514,卖盘
553,14:01:55,8.38,0.01,8,6704,买盘
554,14:01:51,8.37,--,194,162377,买盘
555,14:01:46,8.37,--,589,492992,买盘
556,14:01:40,8.37,--,192,160703,买盘
557,14:01:36,8.37,--,455,380834,买盘
558,14:01:30,8.37,0.01,27,22598,买盘
559,14:01:21,8.36,0.01,39,32603,买盘
560,14:01:15,8.35,--,7,5845,卖盘
561,14:01:10,8.35,--,128,106880,买盘
562,14:01:06,8.35,--,96,80160,买盘
563,14:01:00,8.35,0.01,53,44255,买盘
564,14:00:55,8.34,--,90,75060,卖盘
565,14:00:51,8.34,-0.01,50,41700,卖盘
566,14:00:45,8.35,--,98,81830,买盘
567,14:00:40,8.35,--,0,0,买盘
568,14:00:35,8.35,--,26,21710,买盘
569,14:00:30,8.35,-0.02,364,303940,卖盘
570,14:00:25,8.37,--,5,4185,买盘
571,14:00:21,8.37,--,92,77004,买盘
572,14:00:15,8.37,--,5,4185,买盘
573,14:00:10,8.37,--,3,2510,买盘
574,14:00:06,8.37,-0.03,596,498851,卖盘
575,14:00:00,8.4,--,10,8400,买盘
576,13:59:55,8.4,0.01,10,8400,买盘
577,13:59:51,8.39,-0.01,5,4195,中性盘
578,13:59:45,8.4,0.01,168,141120,买盘
579,13:59:40,8.39,-0.01,6,5034,卖盘
580,13:59:35,8.4,-0.01,758,636720,卖盘
581,13:59:30,8.41,--,116,97556,卖盘
582,13:59:25,8.41,-0.01,100,84100,卖盘
583,13:59:15,8.42,--,25,21050,买盘
584,13:59:10,8.42,--,1,842,买盘
585,13:59:05,8.42,--,5,4210,买盘
586,13:59:00,8.42,-0.01,158,133036,卖盘
587,13:58:55,8.43,--,54,45522,买盘
588,13:58:50,8.43,--,10,8430,买盘
589,13:58:45,8.43,--,73,61539,卖盘
590,13:58:35,8.43,-0.01,14,11802,卖盘
591,13:58:25,8.44,-0.01,12,10128,买盘
592,13:58:20,8.45,--,0,0,买盘
593,13:58:15,8.45,--,10,8450,买盘
594,13:58:10,8.45,--,30,25349,买盘
595,13:58:05,8.45,--,0,0,买盘
596,13:58:00,8.45,--,62,52389,买盘
597,13:57:55,8.45,0.01,100,84500,买盘
598,13:57:50,8.44,-0.01,188,158672,卖盘
599,13:57:45,8.45,-0.01,40,33800,卖盘
600,13:57:40,8.46,0.01,1,846,买盘
601,13:57:30,8.45,-0.01,58,49009,卖盘
602,13:57:25,8.46,--,20,16920,买盘
603,13:57:15,8.46,--,9,7614,买盘
604,13:57:05,8.46,--,15,12690,买盘
605,13:57:00,8.46,--,10,8460,买盘
606,13:56:55,8.46,--,155,131130,买盘
607,13:56:45,8.46,-0.01,57,48222,卖盘
608,13:56:40,8.47,0.01,20,16940,买盘
609,13:56:35,8.46,--,50,42300,卖盘
610,13:56:30,8.46,--,50,42300,卖盘
611,13:56:20,8.46,--,100,84600,卖盘
612,13:56:15,8.46,--,10,8460,卖盘
613,13:55:55,8.46,--,100,84600,卖盘
614,13:55:34,8.46,--,100,84600,卖盘
615,13:55:30,8.46,--,19,16074,卖盘
616,13:55:24,8.46,--,0,0,卖盘
617,13:55:15,8.46,-0.01,60,50760,卖盘
618,13:55:04,8.47,-0.01,5,4235,卖盘
619,13:54:54,8.48,0.02,1,848,买盘
620,13:54:49,8.46,--,200,169200,卖盘
621,13:54:44,8.46,-0.01,35,29610,卖盘
622,13:54:39,8.47,--,13,11011,买盘
623,13:54:30,8.47,--,19,16093,买盘
624,13:54:24,8.47,--,4,3388,买盘
625,13:54:14,8.47,0.01,10,8470,买盘
626,13:54:04,8.46,--,326,275796,卖盘
627,13:53:59,8.46,--,0,0,卖盘
628,13:53:44,8.46,-0.02,500,423000,卖盘
629,13:53:39,8.48,0.01,21,17808,买盘
630,13:53:29,8.47,-0.01,17,14399,卖盘
631,13:53:19,8.48,--,0,0,买盘
632,13:53:14,8.48,--,1,848,买盘
633,13:53:09,8.48,0.02,22,18656,买盘
634,13:53:04,8.46,-0.01,600,507600,卖盘
635,13:52:59,8.47,--,11,9317,卖盘
636,13:52:54,8.47,--,274,232078,买盘
637,13:52:49,8.47,--,1,847,买盘
638,13:52:44,8.47,--,4,3388,买盘
639,13:52:39,8.47,0.01,83,70301,买盘
640,13:52:34,8.46,-0.01,57,48222,卖盘
641,13:52:29,8.47,--,12,10164,买盘
642,13:52:24,8.47,--,1,847,买盘
643,13:52:19,8.47,--,3,2541,买盘
644,13:52:14,8.47,--,157,132979,卖盘
645,13:52:09,8.47,-0.01,1,847,卖盘
646,13:52:04,8.48,0.01,10,8480,买盘
647,13:51:59,8.47,-0.01,431,365057,卖盘
648,13:51:54,8.48,--,21,17808,买盘
649,13:51:49,8.48,0.01,182,154336,买盘
650,13:51:44,8.47,-0.01,10,8470,卖盘
651,13:51:39,8.48,0.02,5,4240,买盘
652,13:51:34,8.46,-0.01,154,130284,卖盘
653,13:51:29,8.47,-0.01,1,847,卖盘
654,13:51:23,8.48,0.01,5,4240,买盘
655,13:51:19,8.47,--,95,80465,买盘
656,13:51:04,8.47,-0.01,450,381150,卖盘
657,13:50:49,8.48,--,30,25440,卖盘
658,13:50:44,8.48,--,69,58512,卖盘
659,13:50:34,8.48,--,101,85648,买盘
660,13:50:23,8.48,0.02,11,9328,买盘
661,13:50:19,8.46,--,0,0,卖盘
662,13:50:09,8.46,-0.03,688,582048,卖盘
663,13:49:59,8.49,--,14,11886,买盘
664,13:49:54,8.49,--,2,1698,买盘
665,13:49:39,8.49,--,201,170649,卖盘
666,13:49:24,8.49,0.01,34,28866,买盘
667,13:49:19,8.48,-0.01,17,14416,买盘
668,13:49:14,8.49,--,0,0,买盘
669,13:49:09,8.49,0.02,14,11886,买盘
670,13:49:03,8.47,-0.01,561,475167,卖盘
671,13:48:59,8.48,--,2,1696,卖盘
672,13:48:53,8.48,--,184,156032,买盘
673,13:48:49,8.48,0.01,26,22048,买盘
674,13:48:33,8.47,0.01,110,93170,买盘
675,13:48:24,8.46,--,807,682722,卖盘
676,13:48:18,8.46,--,22,18612,卖盘
677,13:48:13,8.46,--,59,50717,买盘
678,13:48:08,8.46,--,76,64296,买盘
679,13:48:03,8.46,--,64,54186,卖盘
680,13:47:58,8.46,-0.01,178,150588,卖盘
681,13:47:54,8.47,0.01,110,93170,买盘
682,13:47:48,8.46,-0.01,41,34686,卖盘
683,13:47:43,8.47,0.01,12,10164,买盘
684,13:47:38,8.46,-0.01,46,38916,卖盘
685,13:47:33,8.47,0.01,185,156695,买盘
686,13:47:28,8.46,--,25,21150,卖盘
687,13:47:18,8.46,-0.01,504,426384,卖盘
688,13:47:13,8.47,--,1,847,买盘
689,13:47:09,8.47,0.01,153,129591,买盘
690,13:47:03,8.46,-0.01,20,16920,卖盘
691,13:46:58,8.47,--,19,16093,买盘
692,13:46:53,8.47,--,205,173635,卖盘
693,13:46:43,8.47,--,41,34727,卖盘
694,13:46:38,8.47,-0.01,60,50820,卖盘
695,13:46:33,8.48,-0.01,116,98368,卖盘
696,13:46:18,8.49,--,32,27168,卖盘
697,13:46:13,8.49,--,54,45846,卖盘
698,13:46:08,8.49,--,1,849,卖盘
699,13:46:03,8.49,--,61,51789,卖盘
700,13:45:58,8.49,-0.01,82,69618,卖盘
701,13:45:53,8.5,--,100,85000,卖盘
702,13:45:48,8.5,-0.01,90,76500,卖盘
703,13:45:38,8.51,--,37,31699,卖盘
704,13:45:32,8.51,--,210,178710,卖盘
705,13:45:28,8.51,--,10,8510,卖盘
706,13:45:13,8.51,--,19,16169,卖盘
707,13:45:08,8.51,-0.01,50,42550,卖盘
708,13:45:02,8.52,--,36,30672,买盘
709,13:44:58,8.52,--,148,126096,买盘
710,13:44:53,8.52,--,1,852,买盘
711,13:44:43,8.52,0.01,8,6816,买盘
712,13:44:33,8.51,--,63,53613,卖盘
713,13:44:18,8.51,--,21,17871,卖盘
714,13:44:13,8.51,--,30,25530,卖盘
715,13:43:58,8.51,--,10,8510,卖盘
716,13:43:53,8.51,--,10,8510,卖盘
717,13:43:47,8.51,--,2,1702,卖盘
718,13:43:28,8.51,--,116,98716,卖盘
719,13:43:18,8.51,-0.01,20,17020,卖盘
720,13:43:13,8.52,0.01,85,72420,买盘
721,13:43:02,8.51,--,136,115736,卖盘
722,13:42:58,8.51,-0.01,30,25530,卖盘
723,13:42:53,8.52,0.01,17,14484,买盘
724,13:42:41,8.51,-0.01,164,140202,卖盘
725,13:42:33,8.52,--,10,8520,买盘
726,13:42:23,8.52,0.01,6,5112,买盘
727,13:42:17,8.51,--,4,3404,卖盘
728,13:42:11,8.51,--,50,42550,卖盘
729,13:42:02,8.51,--,157,133607,卖盘
730,13:41:56,8.51,--,4,3404,卖盘
731,13:41:47,8.51,--,10,8510,卖盘
732,13:41:41,8.51,--,212,180412,卖盘
733,13:41:32,8.51,--,6,5106,卖盘
734,13:41:26,8.51,--,35,29785,卖盘
735,13:41:17,8.51,--,61,51911,卖盘
736,13:41:07,8.51,--,40,34040,卖盘
737,13:41:02,8.51,--,16,13616,卖盘
738,13:40:57,8.51,--,18,15318,卖盘
739,13:40:52,8.51,--,22,18722,卖盘
740,13:40:47,8.51,-0.01,40,34040,卖盘
741,13:40:41,8.52,--,3,2556,买盘
742,13:40:26,8.52,--,82,69864,卖盘
743,13:40:22,8.52,--,2,1704,卖盘
744,13:40:17,8.52,0.01,616,524832,买盘
745,13:40:11,8.51,-0.01,3,2553,卖盘
746,13:40:02,8.52,--,1,852,买盘
747,13:39:52,8.52,--,3,2556,买盘
748,13:39:37,8.52,0.01,4,3408,买盘
749,13:39:27,8.51,-0.02,17,14467,卖盘
750,13:39:17,8.53,--,380,324140,卖盘
751,13:39:11,8.53,0.02,422,359966,买盘
752,13:39:02,8.51,--,0,0,卖盘
753,13:38:56,8.51,-0.01,43,37018,卖盘
754,13:38:41,8.52,--,7,6390,卖盘
755,13:38:26,8.52,--,22,18744,卖盘
756,13:38:17,8.52,--,24,20448,卖盘
757,13:38:11,8.52,--,7,5964,卖盘
758,13:38:02,8.52,--,75,63900,卖盘
759,13:37:56,8.52,--,29,24708,卖盘
760,13:37:52,8.52,--,17,14484,卖盘
761,13:37:47,8.52,--,30,25560,卖盘
762,13:37:41,8.52,--,130,111186,卖盘
763,13:37:32,8.52,--,3,2556,卖盘
764,13:37:22,8.52,--,200,170400,卖盘
765,13:37:11,8.52,--,29,24708,卖盘
766,13:37:07,8.52,--,87,74124,卖盘
767,13:36:37,8.52,--,77,65604,卖盘
768,13:36:26,8.52,--,20,17040,卖盘
769,13:36:22,8.52,--,7,5964,卖盘
770,13:36:07,8.52,--,10,8520,卖盘
771,13:36:01,8.52,--,2,1704,卖盘
772,13:35:56,8.52,--,10,8520,卖盘
773,13:35:50,8.52,--,50,42600,卖盘
774,13:35:20,8.52,-0.01,10,8520,卖盘
775,13:34:35,8.53,--,34,29001,卖盘
776,13:34:11,8.53,-0.01,1,852,卖盘
777,13:33:56,8.54,--,3,2561,买盘
778,13:33:50,8.54,--,11,9393,买盘
779,13:33:31,8.54,--,2,1707,买盘
780,13:33:26,8.54,0.01,5,4270,买盘
781,13:33:01,8.53,-0.01,81,69093,卖盘
782,13:32:50,8.54,0.01,110,93939,买盘
783,13:32:46,8.53,--,6,5118,卖盘
784,13:32:35,8.53,-0.01,21,17913,卖盘
785,13:32:20,8.54,0.01,15,12809,买盘
786,13:32:16,8.53,--,27,23031,卖盘
787,13:32:11,8.53,-0.01,5,4265,卖盘
788,13:32:05,8.54,--,20,17080,买盘
789,13:31:46,8.54,--,12,10247,买盘
790,13:31:41,8.54,-0.01,1,853,买盘
791,13:31:35,8.55,--,29,24795,买盘
792,13:31:20,8.55,--,20,17100,买盘
793,13:31:05,8.55,--,4,3420,买盘
794,13:30:31,8.55,0.02,23,19665,买盘
795,13:30:05,8.53,--,20,17060,卖盘
796,13:29:56,8.53,--,26,22178,买盘
797,13:29:46,8.53,-0.02,1224,1044071,卖盘
798,13:29:35,8.55,0.01,49,41895,买盘
799,13:29:26,8.54,--,197,168237,买盘
800,13:29:20,8.54,-0.01,82,70028,卖盘
801,13:29:05,8.55,0.01,9,7695,买盘
802,13:28:55,8.54,--,52,44407,买盘
803,13:28:46,8.54,--,195,166529,买盘
804,13:27:59,8.54,--,7,5977,买盘
805,13:27:35,8.54,0.01,10,8540,买盘
806,13:27:29,8.53,--,6,5118,卖盘
807,13:26:59,8.53,--,31,26442,买盘
808,13:26:50,8.53,--,10,8530,买盘
809,13:26:44,8.53,--,36,30707,买盘
810,13:26:35,8.53,0.01,20,17060,买盘
811,13:26:20,8.52,--,27,23004,卖盘
812,13:26:10,8.52,0.01,12,10224,卖盘
813,13:26:05,8.51,--,0,0,卖盘
814,13:25:59,8.51,--,37,31487,卖盘
815,13:25:55,8.51,--,222,188922,卖盘
816,13:25:44,8.51,-0.01,20,17020,卖盘
817,13:25:40,8.52,--,9,7668,买盘
818,13:25:35,8.52,0.01,5,4260,买盘
819,13:25:10,8.51,--,73,62548,买盘
820,13:24:59,8.51,0.01,100,85100,买盘
821,13:24:55,8.5,-0.01,7,5950,卖盘
822,13:24:44,8.51,--,108,91908,买盘
823,13:24:25,8.51,0.01,110,93610,买盘
824,13:24:14,8.5,-0.01,13,11050,卖盘
825,13:24:05,8.51,0.01,8,6808,买盘
826,13:23:55,8.5,-0.01,3,2550,卖盘
827,13:23:50,8.51,--,10,8510,买盘
828,13:23:35,8.51,0.01,2,1702,买盘
829,13:23:25,8.5,-0.01,12,10200,卖盘
830,13:23:14,8.51,--,2,1702,买盘
831,13:23:10,8.51,--,4,3404,卖盘
832,13:22:59,8.51,--,5,4255,卖盘
833,13:22:55,8.51,--,19,16169,卖盘
834,13:22:44,8.51,0.01,3,2553,买盘
835,13:22:25,8.5,--,3,2550,卖盘
836,13:22:14,8.5,-0.01,1,850,卖盘
837,13:21:59,8.51,--,2,1702,买盘
838,13:21:55,8.51,--,3,2553,买盘
839,13:21:44,8.51,--,32,27232,卖盘
840,13:21:40,8.51,--,1,851,卖盘
841,13:21:29,8.51,--,10,8510,卖盘
842,13:21:24,8.51,-0.01,15,12765,卖盘
843,13:21:14,8.52,--,20,17040,买盘
844,13:20:55,8.52,--,164,139728,卖盘
845,13:20:39,8.52,--,60,51120,卖盘
846,13:20:34,8.52,--,34,28968,卖盘
847,13:20:14,8.52,--,10,8520,卖盘
848,13:19:38,8.52,-0.01,7,5964,卖盘
849,13:19:34,8.53,0.01,28,23884,买盘
850,13:19:08,8.52,--,2,1704,卖盘
851,13:19:04,8.52,--,19,16188,卖盘
852,13:18:53,8.52,--,4,3408,卖盘
853,13:18:49,8.52,--,10,8520,卖盘
854,13:18:38,8.52,--,63,53676,卖盘
855,13:18:04,8.52,--,15,12780,卖盘
856,13:17:59,8.52,--,25,21300,卖盘
857,13:17:53,8.52,--,2,1704,卖盘
858,13:17:49,8.52,0.01,148,126096,买盘
859,13:17:04,8.51,-0.01,110,93610,卖盘
860,13:16:59,8.52,--,220,187440,买盘
861,13:16:53,8.52,--,41,34932,买盘
862,13:16:49,8.52,0.01,1,852,买盘
863,13:16:34,8.51,--,2,1702,卖盘
864,13:16:29,8.51,--,20,17020,卖盘
865,13:16:14,8.51,--,2,1702,卖盘
866,13:15:53,8.51,--,7,5957,卖盘
867,13:15:49,8.51,--,35,29785,卖盘
868,13:15:34,8.51,-0.01,4,3404,卖盘
869,13:15:19,8.52,--,10,8520,卖盘
870,13:14:53,8.52,-0.01,20,17040,卖盘
871,13:14:48,8.53,0.01,40,34120,买盘
872,13:14:43,8.52,--,32,27264,卖盘
873,13:14:23,8.52,--,103,87756,卖盘
874,13:14:18,8.52,--,3,2556,卖盘
875,13:14:08,8.52,--,70,59640,卖盘
876,13:14:03,8.52,-0.01,50,42600,卖盘
877,13:13:58,8.53,0.01,1,852,买盘
878,13:13:53,8.52,--,51,43452,卖盘
879,13:13:48,8.52,-0.01,4,3408,卖盘
880,13:13:38,8.53,--,56,47768,卖盘
881,13:13:28,8.53,--,12,10236,卖盘
882,13:13:23,8.53,--,25,21325,卖盘
883,13:13:18,8.53,--,5,4265,卖盘
884,13:13:13,8.53,--,25,21325,卖盘
885,13:13:03,8.53,--,11,9383,卖盘
886,13:12:58,8.53,-0.01,20,17060,卖盘
887,13:12:53,8.54,0.01,4,3415,买盘
888,13:12:48,8.53,--,22,18766,卖盘
889,13:12:43,8.53,--,2,1705,卖盘
890,13:12:38,8.53,--,20,17060,卖盘
891,13:12:23,8.53,-0.01,58,49473,卖盘
892,13:12:17,8.54,--,10,8540,买盘
893,13:11:47,8.54,--,26,22203,买盘
894,13:11:43,8.54,--,11,9393,买盘
895,13:11:38,8.54,0.01,20,17080,买盘
896,13:11:32,8.53,-0.01,8,6823,卖盘
897,13:11:28,8.54,--,10,8540,买盘
898,13:11:13,8.54,--,8,6831,买盘
899,13:11:08,8.54,--,27,23484,卖盘
900,13:11:02,8.54,--,29,24765,卖盘
901,13:10:58,8.54,--,160,136640,卖盘
902,13:10:53,8.54,--,9,7685,卖盘
903,13:10:47,8.54,--,15,12809,卖盘
904,13:10:43,8.54,--,30,25619,卖盘
905,13:10:28,8.54,--,90,76859,卖盘
906,13:10:17,8.54,-0.01,240,204959,卖盘
907,13:10:13,8.55,0.01,8,6840,买盘
908,13:10:02,8.54,-0.01,8,7258,卖盘
909,13:09:53,8.55,--,8,6840,买盘
910,13:09:43,8.55,-0.01,212,181260,卖盘
911,13:09:17,8.56,0.01,57,48792,买盘
912,13:09:13,8.55,--,5,4275,卖盘
913,13:09:02,8.55,-0.01,7,5985,卖盘
914,13:08:12,8.56,--,170,145520,卖盘
915,13:08:02,8.56,-0.01,5,4280,卖盘
916,13:07:57,8.57,--,96,82272,买盘
917,13:07:47,8.57,--,57,48849,买盘
918,13:07:32,8.57,--,5,4285,买盘
919,13:07:27,8.57,0.01,15,12855,买盘
920,13:07:22,8.56,--,15,12840,卖盘
921,13:07:17,8.56,--,4,3424,卖盘
922,13:07:07,8.56,--,32,27392,卖盘
923,13:06:57,8.56,--,6,5136,卖盘
924,13:06:47,8.56,--,114,97584,卖盘
925,13:06:42,8.56,--,86,73616,买盘
926,13:06:12,8.56,--,66,56496,买盘
927,13:06:07,8.56,--,58,49648,买盘
928,13:05:57,8.56,--,20,17120,买盘
929,13:05:42,8.56,--,2,1712,买盘
930,13:05:32,8.56,--,68,58208,买盘
931,13:05:27,8.56,0.01,50,42800,买盘
932,13:05:22,8.55,--,28,23940,卖盘
933,13:05:12,8.55,-0.01,15,12825,中性盘
934,13:05:02,8.56,0.01,147,125832,买盘
935,13:04:56,8.55,--,20,17100,买盘
936,13:04:41,8.55,--,101,86355,买盘
937,13:04:37,8.55,--,100,85500,买盘
938,13:04:26,8.55,--,10,8550,买盘
939,13:04:17,8.55,--,3,2565,买盘
940,13:04:11,8.55,--,100,85500,买盘
941,13:04:07,8.55,--,125,106875,买盘
942,13:03:52,8.55,0.01,1,855,买盘
943,13:03:37,8.54,--,5,4270,卖盘
944,13:03:22,8.54,0.01,5,4270,买盘
945,13:03:11,8.53,--,10,8530,卖盘
946,13:03:02,8.53,--,82,69946,卖盘
947,13:02:56,8.53,-0.01,11,9383,卖盘
948,13:02:52,8.54,-0.01,120,102479,卖盘
949,13:02:31,8.55,--,5,4275,买盘
950,13:02:26,8.55,-0.01,139,118845,卖盘
951,13:02:22,8.56,0.01,2,1712,买盘
952,13:02:17,8.55,--,4,3420,买盘
953,13:02:11,8.55,--,0,0,中性盘
954,13:02:07,8.55,--,5,4275,买盘
955,13:02:02,8.55,--,50,42750,买盘
956,13:01:56,8.55,--,10,8550,买盘
957,13:01:52,8.55,--,10,8550,买盘
958,13:01:41,8.55,--,10,8550,买盘
959,13:01:37,8.55,--,0,0,中性盘
960,13:01:26,8.55,--,0,0,卖盘
961,13:01:21,8.55,--,26,22230,买盘
962,13:01:06,8.55,--,57,48735,买盘
963,13:01:01,8.55,0.02,20,17100,买盘
964,13:00:46,8.53,--,0,0,卖盘
965,13:00:11,8.53,-0.01,78,66534,卖盘
966,13:00:06,8.54,0.01,473,404368,买盘
967,11:30:00,8.53,--,0,0,买盘
968,11:30:00,8.53,--,0,0,买盘
969,11:30:00,8.53,--,141,120272,卖盘
970,11:29:56,8.53,--,4,3411,卖盘
971,11:29:47,8.53,-0.01,10,8530,卖盘
972,11:29:36,8.54,0.01,23,19641,买盘
973,11:29:32,8.53,-0.01,40,34120,卖盘
974,11:29:26,8.54,--,11,9393,买盘
975,11:29:02,8.54,--,100,85399,买盘
976,11:28:51,8.54,--,2,1707,买盘
977,11:28:47,8.54,0.01,26,22203,买盘
978,11:28:41,8.53,-0.01,5,4265,卖盘
979,11:28:26,8.54,--,22,18787,买盘
980,11:28:16,8.54,--,13,11101,买盘
981,11:27:56,8.54,--,15,12809,买盘
982,11:27:41,8.54,--,2,1707,买盘
983,11:27:32,8.54,--,51,43553,买盘
984,11:27:17,8.54,--,10,8540,买盘
985,11:27:11,8.54,0.01,3,2561,买盘
986,11:27:02,8.53,--,20,17060,卖盘
987,11:26:47,8.53,0.01,7,5971,卖盘
988,11:26:41,8.52,--,0,0,卖盘
989,11:26:36,8.52,-0.01,41,34932,卖盘
990,11:26:17,8.53,--,2,1705,卖盘
991,11:26:06,8.53,--,14,11942,卖盘
992,11:25:51,8.53,--,5,4265,买盘
993,11:25:41,8.53,--,0,0,中性盘
994,11:25:36,8.53,--,24,20472,买盘
995,11:25:31,8.53,--,30,25589,买盘
996,11:25:06,8.53,--,6,5118,买盘
997,11:24:41,8.53,--,12,10236,买盘
998,11:24:31,8.53,0.01,196,167188,买盘
999,11:24:21,8.52,-0.01,4,3408,卖盘
1000,11:24:16,8.53,--,10,8530,买盘
1001,11:24:11,8.53,--,5,4265,卖盘
1002,11:24:01,8.53,--,1,852,卖盘
1003,11:23:56,8.53,-0.01,14,11942,卖盘
1004,11:23:51,8.54,--,0,0,买盘
1005,11:23:46,8.54,0.01,30,25619,买盘
1006,11:23:41,8.53,-0.01,1,852,买盘
1007,11:23:36,8.54,--,0,0,买盘
1008,11:23:31,8.54,--,216,184463,买盘
1009,11:23:15,8.54,--,35,29889,买盘
1010,11:22:56,8.54,--,0,0,买盘
1011,11:22:41,8.54,0.02,250,213499,买盘
1012,11:22:35,8.52,-0.01,2,1704,卖盘
1013,11:22:30,8.53,--,235,200881,卖盘
1014,11:21:35,8.53,--,15,12794,卖盘
1015,11:21:20,8.53,-0.01,10,8530,卖盘
1016,11:20:35,8.54,0.01,18,15371,买盘
1017,11:20:25,8.53,--,5,4265,卖盘
1018,11:20:20,8.53,--,4,3411,卖盘
1019,11:20:05,8.53,-0.01,10,8530,卖盘
1020,11:20:00,8.54,0.01,13,11101,买盘
1021,11:19:55,8.53,--,70,59709,卖盘
1022,11:19:50,8.53,-0.01,26,22178,卖盘
1023,11:19:35,8.54,0.01,32,27327,买盘
1024,11:19:26,8.53,-0.01,10,8530,卖盘
1025,11:19:20,8.54,0.01,40,34160,买盘
1026,11:19:05,8.53,--,10,8530,卖盘
1027,11:18:56,8.53,--,10,8530,卖盘
1028,11:18:35,8.53,--,3,2559,卖盘
1029,11:18:30,8.53,--,13,11089,卖盘
1030,11:18:25,8.53,--,32,27295,卖盘
1031,11:18:20,8.53,--,3,2985,卖盘
1032,11:18:00,8.53,--,100,85300,卖盘
1033,11:17:55,8.53,-0.01,20,17060,卖盘
1034,11:17:35,8.54,-0.01,256,218623,卖盘
1035,11:17:30,8.55,--,30,25650,卖盘
1036,11:17:20,8.55,--,360,307800,买盘
1037,11:17:00,8.55,--,103,88065,买盘
1038,11:16:40,8.55,--,1,855,买盘
1039,11:16:35,8.55,--,5,4275,卖盘
1040,11:16:19,8.55,--,14,11970,卖盘
1041,11:16:14,8.55,--,19,16245,卖盘
1042,11:15:55,8.55,--,15,12825,卖盘
1043,11:15:29,8.55,--,16,13680,买盘
1044,11:15:24,8.55,--,6,5130,买盘
1045,11:15:20,8.55,0.01,20,17100,买盘
1046,11:15:09,8.54,--,3,2561,卖盘
1047,11:14:59,8.54,--,256,218623,卖盘
1048,11:14:29,8.54,--,15,12809,卖盘
1049,11:13:49,8.54,--,1,853,卖盘
1050,11:13:44,8.54,-0.01,2,1707,卖盘
1051,11:13:29,8.55,--,62,53010,买盘
1052,11:13:24,8.55,--,63,53865,卖盘
1053,11:12:34,8.55,--,4,3420,卖盘
1054,11:12:29,8.55,--,10,8550,买盘
1055,11:11:59,8.55,--,63,53865,卖盘
1056,11:11:39,8.55,--,24,20520,卖盘
1057,11:11:29,8.55,--,15,12825,卖盘
1058,11:11:19,8.55,--,30,25650,卖盘
1059,11:11:14,8.55,--,80,68400,卖盘
1060,11:10:59,8.55,-0.01,61,52155,卖盘
1061,11:10:54,8.56,0.01,1,856,买盘
1062,11:10:44,8.55,--,12,10260,卖盘
1063,11:10:24,8.55,0.01,33,28215,买盘
1064,11:10:04,8.54,-0.01,5,4270,卖盘
1065,11:09:54,8.55,--,21,17955,卖盘
1066,11:09:49,8.55,--,9,7695,卖盘
1067,11:09:44,8.55,-0.01,15,12825,卖盘
1068,11:09:39,8.56,0.01,5,4280,买盘
1069,11:09:34,8.55,--,120,102600,卖盘
1070,11:09:23,8.55,-0.01,7,5985,卖盘
1071,11:09:14,8.56,0.01,25,21400,卖盘
1072,11:08:59,8.55,-0.02,31,26505,卖盘
1073,11:08:34,8.57,--,0,0,买盘
1074,11:08:29,8.57,--,13,11141,买盘
1075,11:08:23,8.57,0.01,18,15426,买盘
1076,11:08:14,8.56,-0.01,59,50504,卖盘
1077,11:07:59,8.57,--,5,4285,买盘
1078,11:07:53,8.57,--,30,25710,买盘
1079,11:07:44,8.57,--,20,17140,买盘
1080,11:07:33,8.57,--,15,12855,卖盘
1081,11:07:23,8.57,--,10,8570,卖盘
1082,11:07:18,8.57,--,5,4285,卖盘
1083,11:07:14,8.57,-0.01,3,2571,卖盘
1084,11:07:08,8.58,0.01,14,12012,买盘
1085,11:06:53,8.57,--,41,35137,卖盘
1086,11:06:44,8.57,--,14,11998,卖盘
1087,11:06:38,8.57,0.01,24,20568,中性盘
1088,11:06:33,8.56,-0.01,1,856,卖盘
1089,11:06:28,8.57,--,322,275954,买盘
1090,11:06:23,8.57,--,49,41993,买盘
1091,11:06:18,8.57,--,26,22282,买盘
1092,11:06:14,8.57,--,73,62561,买盘
1093,11:06:08,8.57,0.01,64,54848,买盘
1094,11:05:59,8.56,-0.01,14,11984,卖盘
1095,11:05:53,8.57,0.01,100,85700,买盘
1096,11:05:48,8.56,--,11,9416,买盘
1097,11:05:43,8.56,--,11,9416,买盘
1098,11:05:33,8.56,--,77,65912,买盘
1099,11:05:28,8.56,0.01,5,4280,买盘
1100,11:05:23,8.55,-0.01,20,17100,中性盘
1101,11:05:18,8.56,0.02,90,77040,买盘
1102,11:05:13,8.54,--,5,4270,卖盘
1103,11:05:07,8.54,-0.01,8,6831,卖盘
1104,11:05:03,8.55,--,7,5985,买盘
1105,11:04:58,8.55,--,20,17100,买盘
1106,11:04:53,8.55,0.01,70,59850,买盘
1107,11:04:43,8.54,-0.01,10,8540,卖盘
1108,11:04:33,8.55,-0.01,9,7695,卖盘
1109,11:04:28,8.56,--,2,1712,买盘
1110,11:04:03,8.56,--,60,51360,卖盘
1111,11:03:58,8.56,-0.02,9,7704,卖盘
1112,11:03:53,8.58,--,0,0,买盘
1113,11:03:48,8.58,0.02,100,85800,买盘
1114,11:03:43,8.56,--,0,0,卖盘
1115,11:03:37,8.56,-0.01,159,136104,卖盘
1116,11:03:33,8.57,--,46,39422,卖盘
1117,11:03:28,8.57,--,20,17140,卖盘
1118,11:03:23,8.57,-0.01,9,7713,卖盘
1119,11:03:18,8.58,--,14,12012,买盘
1120,11:03:03,8.58,--,4,3432,买盘
1121,11:02:58,8.58,0.01,5,4290,买盘
1122,11:02:53,8.57,-0.01,5,4285,卖盘
1123,11:02:47,8.58,--,7,6006,买盘
1124,11:02:38,8.58,0.01,13,11154,买盘
1125,11:02:13,8.57,--,3,2571,卖盘
1126,11:02:08,8.57,--,65,55705,买盘
1127,11:02:02,8.57,--,32,27424,买盘
1128,11:01:58,8.57,--,70,59990,买盘
1129,11:01:46,8.57,0.01,200,171400,买盘
1130,11:01:43,8.56,--,5,4280,卖盘
1131,11:01:28,8.56,--,59,50504,买盘
1132,11:01:17,8.56,--,1,856,买盘
1133,11:01:13,8.56,--,10,8560,买盘
1134,11:01:08,8.56,0.01,11,9416,买盘
1135,11:01:02,8.55,--,5,4275,卖盘
1136,11:00:53,8.55,-0.01,18,15390,卖盘
1137,11:00:47,8.56,0.01,75,64200,买盘
1138,11:00:38,8.55,-0.01,2,1710,买盘
1139,11:00:32,8.56,--,3,2568,卖盘
1140,11:00:27,8.56,0.01,97,83032,买盘
1141,11:00:22,8.55,-0.01,43,36765,卖盘
1142,11:00:08,8.56,--,10,8560,买盘
1143,11:00:01,8.56,-0.01,11,9416,中性盘
1144,10:59:57,8.57,0.01,61,52277,买盘
1145,10:59:52,8.56,-0.01,38,32528,卖盘
1146,10:59:47,8.57,0.01,42,35994,买盘
1147,10:59:42,8.56,--,46,39376,卖盘
1148,10:59:22,8.56,0.01,108,92448,买盘
1149,10:59:16,8.55,--,13,11115,卖盘
1150,10:59:07,8.55,--,4,3420,卖盘
1151,10:59:01,8.55,-0.01,4,3420,卖盘
1152,10:58:57,8.56,--,1,856,买盘
1153,10:58:52,8.56,--,1,856,卖盘
1154,10:58:46,8.56,--,19,16264,买盘
1155,10:58:42,8.56,--,3,2568,买盘
1156,10:58:31,8.56,--,11,9416,买盘
1157,10:58:27,8.56,0.01,1,856,买盘
1158,10:58:16,8.55,--,9,7695,买盘
1159,10:58:12,8.55,--,12,10260,卖盘
1160,10:58:07,8.55,--,18,15390,买盘
1161,10:58:01,8.55,--,38,32490,卖盘
1162,10:57:57,8.55,--,96,82080,卖盘
1163,10:57:52,8.55,--,104,88920,卖盘
1164,10:57:37,8.55,--,57,48735,卖盘
1165,10:57:31,8.55,-0.02,210,179550,卖盘
1166,10:57:27,8.57,-0.01,114,97698,卖盘
1167,10:57:16,8.58,0.01,130,111540,买盘
1168,10:57:12,8.57,-0.01,5,4285,卖盘
1169,10:57:07,8.58,-0.01,20,17160,买盘
1170,10:57:01,8.59,--,0,0,买盘
1171,10:56:57,8.59,--,65,55835,买盘
1172,10:56:46,8.59,--,1,859,买盘
1173,10:56:42,8.59,--,19,16321,买盘
1174,10:56:37,8.59,0.01,205,176095,买盘
1175,10:56:31,8.58,--,87,74646,买盘
1176,10:56:22,8.58,0.01,127,108966,买盘
1177,10:56:16,8.57,-0.01,29,24853,卖盘
1178,10:56:10,8.58,0.01,92,78936,买盘
1179,10:56:07,8.57,-0.01,30,25710,卖盘
1180,10:56:01,8.58,0.01,140,120120,买盘
1181,10:55:55,8.57,--,413,353941,卖盘
1182,10:55:52,8.57,-0.01,20,17140,卖盘
1183,10:55:46,8.58,--,98,84084,买盘
1184,10:55:31,8.58,--,10,8580,买盘
1185,10:55:25,8.58,--,30,25740,买盘
1186,10:55:22,8.58,-0.02,281,241098,卖盘
1187,10:55:16,8.6,--,193,165980,买盘
1188,10:55:10,8.6,--,10,8600,买盘
1189,10:55:01,8.6,--,103,88580,卖盘
1190,10:54:55,8.6,-0.01,42,36120,卖盘
1191,10:54:52,8.61,0.01,142,122261,买盘
1192,10:54:46,8.6,-0.01,85,73100,卖盘
1193,10:54:40,8.61,--,46,39606,买盘
1194,10:54:37,8.61,0.01,110,94710,买盘
1195,10:54:31,8.6,-0.01,18,15480,中性盘
1196,10:54:25,8.61,--,8,6888,买盘
1197,10:54:22,8.61,0.02,202,173922,买盘
1198,10:54:16,8.59,-0.02,168,144312,卖盘
1199,10:54:10,8.61,-0.01,99,85239,卖盘
1200,10:54:07,8.62,0.01,140,120679,买盘
1201,10:54:01,8.61,0.01,5,4305,卖盘
1202,10:53:55,8.6,-0.02,100,86000,卖盘
1203,10:53:52,8.62,0.01,12,10343,买盘
1204,10:53:46,8.61,0.01,137,117956,买盘
1205,10:53:40,8.6,--,416,357760,买盘
1206,10:53:37,8.6,--,194,166840,买盘
1207,10:53:31,8.6,--,30,25800,买盘
1208,10:53:25,8.6,-0.01,72,61920,买盘
1209,10:53:22,8.61,0.02,100,86100,买盘
1210,10:53:16,8.59,-0.01,200,171800,卖盘
1211,10:53:10,8.6,--,355,305300,买盘
1212,10:53:07,8.6,0.01,44,37840,买盘
1213,10:53:01,8.59,-0.01,290,249110,中性盘
1214,10:52:55,8.6,0.01,255,219300,买盘
1215,10:52:51,8.59,0.01,20,17180,买盘
1216,10:52:46,8.58,-0.01,29,24882,卖盘
1217,10:52:40,8.59,0.01,240,206160,买盘
1218,10:52:36,8.58,-0.01,118,101244,卖盘
1219,10:52:31,8.59,--,75,64425,买盘
1220,10:52:21,8.59,--,27,23193,买盘
1221,10:52:16,8.59,--,100,85900,买盘
1222,10:52:10,8.59,0.01,152,130568,买盘
1223,10:52:06,8.58,-0.01,135,115830,中性盘
1224,10:52:01,8.59,--,111,95349,买盘
1225,10:51:55,8.59,0.01,486,417474,买盘
1226,10:51:51,8.58,-0.02,95,81510,卖盘
1227,10:51:46,8.6,0.02,792,681120,买盘
1228,10:51:40,8.58,--,173,148434,买盘
1229,10:51:36,8.58,--,4,3432,买盘
1230,10:51:31,8.58,--,12,10296,买盘
1231,10:51:25,8.58,0.01,33,28314,买盘
1232,10:51:21,8.57,-0.01,27,23139,卖盘
1233,10:51:16,8.58,0.01,288,247104,买盘
1234,10:51:10,8.57,--,20,17140,卖盘
1235,10:51:01,8.57,-0.01,35,29995,卖盘
1236,10:50:55,8.58,0.01,80,68640,买盘
1237,10:50:51,8.57,-0.01,97,83129,卖盘
1238,10:50:46,8.58,--,273,234234,买盘
1239,10:50:40,8.58,0.01,9,7722,买盘
1240,10:50:36,8.57,-0.01,30,25710,卖盘
1241,10:50:31,8.58,--,109,93522,卖盘
1242,10:50:25,8.58,-0.01,268,229944,卖盘
1243,10:50:21,8.59,--,17,14603,买盘
1244,10:50:16,8.59,--,23,19757,买盘
1245,10:50:10,8.59,--,50,42950,买盘
1246,10:50:06,8.59,0.01,82,70438,买盘
1247,10:50:01,8.58,-0.01,3,2574,卖盘
1248,10:49:55,8.59,--,176,151184,买盘
1249,10:49:51,8.59,0.03,101,86759,买盘
1250,10:49:46,8.56,-0.03,390,333840,卖盘
1251,10:49:40,8.59,--,243,208737,买盘
1252,10:49:34,8.59,0.02,824,707816,买盘
1253,10:49:31,8.57,0.01,75,64275,买盘
1254,10:49:25,8.56,-0.01,686,587216,卖盘
1255,10:49:19,8.57,0.01,67,57419,买盘
1256,10:49:16,8.56,--,129,110424,买盘
1257,10:49:10,8.56,--,28,23968,买盘
1258,10:49:01,8.56,0.01,89,76184,买盘
1259,10:48:55,8.55,-0.01,54,46170,卖盘
1260,10:48:49,8.56,0.01,325,278200,买盘
1261,10:48:46,8.55,--,0,0,中性盘
1262,10:48:40,8.55,--,21,17955,买盘
1263,10:48:34,8.55,--,325,277875,买盘
1264,10:48:31,8.55,0.01,104,88920,买盘
1265,10:48:25,8.54,-0.01,17,14517,卖盘
1266,10:48:16,8.55,0.01,23,19665,买盘
1267,10:48:10,8.54,-0.01,50,42699,卖盘
1268,10:48:04,8.55,0.01,34,29070,买盘
1269,10:47:55,8.54,--,5,4270,卖盘
1270,10:47:49,8.54,--,7,5977,卖盘
1271,10:47:46,8.54,-0.01,20,17080,卖盘
1272,10:47:40,8.55,--,78,66690,买盘
1273,10:47:34,8.55,0.01,34,29070,买盘
1274,10:47:31,8.54,--,3,2561,卖盘
1275,10:47:25,8.54,--,35,29889,卖盘
1276,10:47:10,8.54,--,112,95647,买盘
1277,10:46:55,8.54,0.01,5,4270,买盘
1278,10:46:40,8.53,--,6,5118,卖盘
1279,10:46:31,8.53,0.01,21,17913,买盘
1280,10:46:25,8.52,--,5,4260,卖盘
1281,10:46:19,8.52,--,31,26412,卖盘
1282,10:46:16,8.52,--,73,62196,买盘
1283,10:46:10,8.52,--,5,4260,买盘
1284,10:46:04,8.52,0.01,5,4260,买盘
1285,10:45:55,8.51,-0.01,1,851,卖盘
1286,10:45:45,8.52,--,21,17892,卖盘
1287,10:45:34,8.52,--,3,2556,卖盘
1288,10:45:30,8.52,--,18,15336,卖盘
1289,10:45:19,8.52,-0.01,10,8520,卖盘
1290,10:45:15,8.53,--,79,67387,买盘
1291,10:45:10,8.53,--,26,22178,卖盘
1292,10:45:04,8.53,-0.01,15,12794,卖盘
1293,10:44:55,8.54,--,4,3415,买盘
1294,10:44:45,8.54,--,0,0,中性盘
1295,10:44:34,8.54,--,7,5977,卖盘
1296,10:44:30,8.54,--,28,23911,买盘
1297,10:44:15,8.54,--,3,2561,卖盘
1298,10:44:10,8.54,--,14,11955,买盘
1299,10:44:04,8.54,--,13,11101,卖盘
1300,10:44:00,8.54,--,8,6831,买盘
1301,10:43:55,8.54,--,157,134078,卖盘
1302,10:43:45,8.54,-0.01,4,3415,买盘
1303,10:43:34,8.55,--,5,4275,买盘
1304,10:43:30,8.55,--,4,3420,买盘
1305,10:43:19,8.55,0.02,4,3420,买盘
1306,10:43:15,8.53,-0.02,28,23884,中性盘
1307,10:43:10,8.55,--,9,7695,卖盘
1308,10:43:04,8.55,--,52,44460,卖盘
1309,10:43:00,8.55,--,35,29925,买盘
1310,10:42:49,8.55,--,33,28215,买盘
1311,10:42:45,8.55,-0.02,56,47880,卖盘
1312,10:42:39,8.57,0.01,550,471350,买盘
1313,10:42:34,8.56,--,360,308314,买盘
1314,10:42:28,8.56,0.01,25,21400,买盘
1315,10:42:24,8.55,--,99,84645,卖盘
1316,10:42:19,8.55,-0.01,12,10260,卖盘
1317,10:42:13,8.56,--,226,193456,买盘
1318,10:42:09,8.56,0.01,20,17120,买盘
1319,10:42:04,8.55,--,21,17955,卖盘
1320,10:41:58,8.55,--,29,24795,卖盘
1321,10:41:54,8.55,--,479,409545,买盘
1322,10:41:49,8.55,--,245,209475,买盘
1323,10:41:43,8.55,0.01,187,159885,买盘
1324,10:41:39,8.54,--,126,107603,卖盘
1325,10:41:34,8.54,--,25,21828,买盘
1326,10:41:28,8.54,--,229,195565,买盘
1327,10:41:19,8.54,--,72,61487,买盘
1328,10:41:09,8.54,0.01,3,2561,买盘
1329,10:41:04,8.53,--,114,97241,卖盘
1330,10:40:58,8.53,--,145,123684,买盘
1331,10:40:54,8.53,--,29,24736,买盘
1332,10:40:49,8.53,--,8,6823,买盘
1333,10:40:43,8.53,0.01,22,18766,买盘
1334,10:40:39,8.52,--,4,3408,卖盘
1335,10:40:34,8.52,--,14,11928,卖盘
1336,10:40:28,8.52,--,21,17892,卖盘
1337,10:40:24,8.52,0.01,61,51972,买盘
1338,10:40:19,8.51,-0.01,23,19573,卖盘
1339,10:40:13,8.52,0.01,3,2556,买盘
1340,10:40:09,8.51,-0.01,5,4255,卖盘
1341,10:40:04,8.52,0.01,95,80940,买盘
1342,10:39:58,8.51,-0.01,15,12765,卖盘
1343,10:39:54,8.52,0.01,28,23856,买盘
1344,10:39:43,8.51,0.01,17,14467,买盘
1345,10:39:39,8.5,-0.01,60,51000,卖盘
1346,10:39:28,8.51,--,0,0,中性盘
1347,10:39:19,8.51,--,14,11914,买盘
1348,10:39:13,8.51,--,21,17871,卖盘
1349,10:39:09,8.51,0.01,172,146372,买盘
1350,10:39:04,8.5,--,100,85000,卖盘
1351,10:38:58,8.5,-0.01,9,7650,卖盘
1352,10:38:49,8.51,0.01,50,42550,买盘
1353,10:38:13,8.5,--,8,6800,买盘
1354,10:38:04,8.5,-0.01,42,35700,卖盘
1355,10:37:58,8.51,--,52,44252,买盘
1356,10:37:54,8.51,0.01,1,851,买盘
1357,10:37:34,8.5,--,20,17000,卖盘
1358,10:37:28,8.5,--,8,6800,买盘
1359,10:37:19,8.5,-0.01,2,1700,卖盘
1360,10:37:13,8.51,--,22,18722,买盘
1361,10:37:04,8.51,--,26,22126,买盘
1362,10:36:54,8.51,--,23,19573,买盘
1363,10:36:49,8.51,0.01,5,4255,买盘
1364,10:36:43,8.5,-0.01,8,6800,卖盘
1365,10:36:28,8.51,--,0,0,买盘
1366,10:36:24,8.51,0.01,100,85100,买盘
1367,10:36:13,8.5,-0.01,217,184450,卖盘
1368,10:36:09,8.51,--,105,89355,买盘
1369,10:36:04,8.51,--,32,27232,买盘
1370,10:35:52,8.51,--,38,32338,买盘
1371,10:35:49,8.51,0.01,33,28083,买盘
1372,10:35:28,8.5,--,87,73950,买盘
1373,10:35:22,8.5,--,90,76500,买盘
1374,10:35:18,8.5,--,100,85000,买盘
1375,10:35:13,8.5,0.01,362,307700,买盘
1376,10:35:07,8.49,--,150,127630,买盘
1377,10:34:58,8.49,0.01,22,18678,买盘
1378,10:34:43,8.48,--,176,149248,买盘
1379,10:34:33,8.48,--,300,254400,买盘
1380,10:34:13,8.48,0.01,2,1696,买盘
1381,10:34:07,8.47,-0.01,67,56749,卖盘
1382,10:33:58,8.48,--,5,4240,买盘
1383,10:33:52,8.48,--,10,8480,买盘
1384,10:33:28,8.48,--,20,16960,买盘
1385,10:33:13,8.48,0.01,23,19504,买盘
1386,10:33:07,8.47,--,10,8470,卖盘
1387,10:32:52,8.47,-0.01,3,2541,卖盘
1388,10:32:37,8.48,--,29,24592,买盘
1389,10:32:33,8.48,--,14,11872,买盘
1390,10:32:28,8.48,0.01,3,2544,买盘
1391,10:32:22,8.47,-0.01,15,12705,卖盘
1392,10:32:07,8.48,--,27,22896,买盘
1393,10:31:48,8.48,--,69,58512,卖盘
1394,10:31:43,8.48,--,19,16112,卖盘
1395,10:31:37,8.48,--,60,50880,卖盘
1396,10:31:33,8.48,0.01,16,13568,买盘
1397,10:31:28,8.47,--,223,188881,卖盘
1398,10:31:22,8.47,--,30,25410,卖盘
1399,10:31:13,8.47,-0.01,3,2541,卖盘
1400,10:31:07,8.48,--,15,12720,买盘
1401,10:30:58,8.48,--,31,26288,买盘
1402,10:30:48,8.48,0.01,10,8480,买盘
1403,10:30:43,8.47,-0.01,141,119427,卖盘
1404,10:30:37,8.48,--,20,16960,买盘
1405,10:30:28,8.48,0.01,120,101760,买盘
1406,10:30:22,8.47,--,51,43197,卖盘
1407,10:30:07,8.47,--,20,16940,卖盘
1408,10:29:52,8.47,-0.01,30,25410,卖盘
1409,10:29:48,8.48,0.01,2,1696,买盘
1410,10:29:43,8.47,--,3,2541,卖盘
1411,10:29:37,8.47,--,100,84700,卖盘
1412,10:29:33,8.47,-0.01,5,4235,卖盘
1413,10:29:18,8.48,0.01,9,7632,买盘
1414,10:29:07,8.47,--,10,8470,卖盘
1415,10:29:03,8.47,--,0,0,卖盘
1416,10:28:58,8.47,-0.01,717,607299,卖盘
1417,10:28:52,8.48,--,199,168752,卖盘
1418,10:28:47,8.48,--,116,98368,卖盘
1419,10:28:43,8.48,--,20,16960,卖盘
1420,10:28:31,8.48,--,44,37312,卖盘
1421,10:28:16,8.48,--,20,16960,卖盘
1422,10:28:07,8.48,--,60,50880,卖盘
1423,10:28:01,8.48,--,10,8480,卖盘
1424,10:27:57,8.48,--,56,47488,卖盘
1425,10:27:52,8.48,--,32,27136,卖盘
1426,10:27:46,8.48,--,30,25440,卖盘
1427,10:27:42,8.48,-0.01,50,42400,卖盘
1428,10:27:37,8.49,--,41,34809,买盘
1429,10:27:22,8.49,--,10,8490,买盘
1430,10:27:07,8.49,--,1,849,买盘
1431,10:26:52,8.49,--,63,53487,买盘
1432,10:26:37,8.49,0.01,59,50091,买盘
1433,10:26:31,8.48,-0.01,7,5936,卖盘
1434,10:26:27,8.49,--,25,21225,买盘
1435,10:26:16,8.49,-0.01,168,142632,卖盘
1436,10:26:01,8.5,0.01,4,3400,买盘
1437,10:25:52,8.49,--,128,108672,卖盘
1438,10:25:42,8.49,-0.01,2,1698,卖盘
1439,10:25:37,8.5,--,2,1700,买盘
1440,10:25:31,8.5,0.01,14,11900,买盘
1441,10:24:52,8.49,--,102,86598,卖盘
1442,10:24:46,8.49,--,76,64524,卖盘
1443,10:24:42,8.49,--,10,8490,卖盘
1444,10:24:37,8.49,--,17,14433,卖盘
1445,10:24:22,8.49,--,10,8490,卖盘
1446,10:24:16,8.49,--,5,4245,卖盘
1447,10:23:57,8.49,--,70,59430,卖盘
1448,10:23:52,8.49,--,40,33968,卖盘
1449,10:23:42,8.49,--,122,103578,卖盘
1450,10:23:37,8.49,--,5,4245,卖盘
1451,10:23:31,8.49,--,50,42450,买盘
1452,10:23:22,8.49,--,0,0,中性盘
1453,10:23:16,8.49,0.01,30,25470,买盘
1454,10:23:01,8.48,--,200,169600,卖盘
1455,10:22:57,8.48,--,100,84800,卖盘
1456,10:22:52,8.48,--,10,8480,卖盘
1457,10:22:42,8.48,-0.01,100,84800,卖盘
1458,10:22:37,8.49,--,18,15282,卖盘
1459,10:22:31,8.49,0.01,77,65373,买盘
1460,10:22:27,8.48,-0.01,100,84800,卖盘
1461,10:22:22,8.49,0.01,10,8490,买盘
1462,10:22:16,8.48,-0.01,42,35616,卖盘
1463,10:21:55,8.49,--,34,28866,卖盘
1464,10:21:52,8.49,--,40,33960,卖盘
1465,10:21:46,8.49,--,10,8490,卖盘
1466,10:21:40,8.49,--,11,9339,卖盘
1467,10:21:25,8.49,-0.01,14,11886,卖盘
1468,10:21:16,8.5,0.01,1,850,买盘
1469,10:21:10,8.49,-0.01,10,8490,卖盘
1470,10:20:55,8.5,0.01,5,4250,买盘
1471,10:20:46,8.49,--,9,7641,卖盘
1472,10:20:40,8.49,-0.01,101,85749,卖盘
1473,10:20:31,8.5,--,18,15300,买盘
1474,10:20:25,8.5,0.01,14,11900,买盘
1475,10:20:21,8.49,-0.01,224,190176,卖盘
1476,10:20:01,8.5,--,20,17000,买盘
1477,10:19:55,8.5,0.01,32,27200,买盘
1478,10:19:46,8.49,-0.01,3,2547,卖盘
1479,10:19:16,8.5,0.01,7,5950,买盘
1480,10:19:10,8.49,--,10,8490,卖盘
1481,10:18:51,8.49,-0.01,4,3396,卖盘
1482,10:18:46,8.5,--,2,1700,买盘
1483,10:18:40,8.5,--,60,51000,买盘
1484,10:18:31,8.5,--,20,17000,买盘
1485,10:18:06,8.5,--,36,30600,买盘
1486,10:18:01,8.5,--,226,192100,卖盘
1487,10:17:55,8.5,--,4,3400,卖盘
1488,10:17:51,8.5,--,100,85000,卖盘
1489,10:17:40,8.5,--,17,14450,买盘
1490,10:17:36,8.5,--,10,8500,买盘
1491,10:17:25,8.5,--,40,34000,买盘
1492,10:17:16,8.5,--,119,101150,卖盘
1493,10:17:10,8.5,--,10,8500,卖盘
1494,10:16:55,8.5,-0.01,20,17000,卖盘
1495,10:16:46,8.51,0.01,22,18722,买盘
1496,10:16:40,8.5,--,50,42500,卖盘
1497,10:16:36,8.5,--,70,59500,卖盘
1498,10:16:31,8.5,-0.01,10,8500,卖盘
1499,10:16:25,8.51,0.01,140,119140,买盘
1500,10:16:16,8.5,--,74,62900,买盘
1501,10:16:10,8.5,0.01,25,21250,买盘
1502,10:16:06,8.49,-0.01,8,6792,卖盘
1503,10:15:55,8.5,0.01,2,1700,买盘
1504,10:15:46,8.49,-0.02,3,2547,卖盘
1505,10:15:40,8.51,0.02,118,100418,买盘
1506,10:15:36,8.49,--,5,4245,卖盘
1507,10:15:16,8.49,--,0,0,卖盘
1508,10:15:10,8.49,-0.02,7,5943,卖盘
1509,10:15:06,8.51,0.01,138,117438,买盘
1510,10:15:01,8.5,0.01,7,5950,买盘
1511,10:14:51,8.49,-0.01,206,174894,卖盘
1512,10:14:40,8.5,0.01,123,104550,买盘
1513,10:14:25,8.49,--,25,21225,卖盘
1514,10:14:19,8.49,--,5,4245,卖盘
1515,10:14:16,8.49,-0.01,6,5094,卖盘
1516,10:14:10,8.5,0.01,101,85850,买盘
1517,10:14:04,8.49,-0.01,20,16980,卖盘
1518,10:13:49,8.5,--,10,8500,买盘
1519,10:13:46,8.5,--,35,29750,卖盘
1520,10:13:40,8.5,--,56,47600,卖盘
1521,10:13:34,8.5,--,10,8500,卖盘
1522,10:13:31,8.5,0.01,139,118150,买盘
1523,10:13:19,8.49,-0.01,2,1698,卖盘
1524,10:13:04,8.5,--,115,97750,买盘
1525,10:12:49,8.5,--,227,192950,卖盘
1526,10:12:40,8.5,--,40,34000,卖盘
1527,10:12:34,8.5,--,93,79050,卖盘
1528,10:12:30,8.5,--,1,850,卖盘
1529,10:12:25,8.5,--,75,63750,卖盘
1530,10:12:19,8.5,--,5,4250,卖盘
1531,10:12:15,8.5,--,10,8500,卖盘
1532,10:12:10,8.5,--,120,102000,卖盘
1533,10:12:04,8.5,--,6,5100,卖盘
1534,10:11:45,8.5,--,179,152150,卖盘
1535,10:11:25,8.5,--,272,231200,卖盘
1536,10:11:19,8.5,--,10,8500,卖盘
1537,10:11:10,8.5,-0.01,46,39100,卖盘
1538,10:11:04,8.51,0.01,5,4255,买盘
1539,10:11:00,8.5,-0.01,11,9350,卖盘
1540,10:10:55,8.51,0.01,123,104673,买盘
1541,10:10:45,8.5,--,16,13600,卖盘
1542,10:10:34,8.5,--,4,3400,卖盘
1543,10:10:25,8.5,--,101,85850,卖盘
1544,10:10:19,8.5,-0.01,102,86700,卖盘
1545,10:10:10,8.51,0.01,62,52762,买盘
1546,10:10:04,8.5,-0.01,70,59500,卖盘
1547,10:10:00,8.51,--,1,851,买盘
1548,10:09:49,8.51,--,6,5106,卖盘
1549,10:09:40,8.51,--,15,12765,买盘
1550,10:09:34,8.51,--,117,99567,买盘
1551,10:09:25,8.51,--,118,100418,卖盘
1552,10:09:19,8.51,--,131,111481,卖盘
1553,10:09:10,8.51,--,115,97865,买盘
1554,10:09:04,8.51,--,131,111481,买盘
1555,10:09:00,8.51,--,128,108928,买盘
1556,10:08:55,8.51,--,100,85100,买盘
1557,10:08:49,8.51,-0.01,103,87653,卖盘
1558,10:08:45,8.52,0.01,1,852,买盘
1559,10:08:40,8.51,-0.01,5,4255,卖盘
1560,10:08:34,8.52,0.01,2,1704,买盘
1561,10:08:30,8.51,-0.01,100,85100,卖盘
1562,10:08:25,8.52,--,49,41748,买盘
1563,10:08:19,8.52,--,30,25560,买盘
1564,10:08:15,8.52,0.01,15,12780,买盘
1565,10:08:04,8.51,--,28,23828,卖盘
1566,10:08:00,8.51,--,205,174455,卖盘
1567,10:07:49,8.51,--,95,81006,买盘
1568,10:07:34,8.51,--,117,99567,买盘
1569,10:07:30,8.51,--,3,2553,买盘
1570,10:07:24,8.51,--,50,42550,买盘
1571,10:07:19,8.51,--,27,22977,买盘
1572,10:07:15,8.51,--,80,68080,买盘
1573,10:07:00,8.51,--,5,4255,买盘
1574,10:06:49,8.51,0.01,7,5957,买盘
1575,10:06:45,8.5,--,5,4675,卖盘
1576,10:06:19,8.5,--,44,37400,买盘
1577,10:06:13,8.5,--,3,2550,买盘
1578,10:06:09,8.5,--,15,12750,买盘
1579,10:06:04,8.5,--,10,8500,买盘
1580,10:05:58,8.5,--,6,5100,买盘
1581,10:05:49,8.5,-0.01,20,17000,买盘
1582,10:05:39,8.51,--,0,0,买盘
1583,10:05:34,8.51,0.02,118,100418,买盘
1584,10:05:19,8.49,0.01,61,51789,买盘
1585,10:05:13,8.48,-0.01,55,46640,卖盘
1586,10:05:09,8.49,--,10,8490,买盘
1587,10:05:04,8.49,--,600,509400,买盘
1588,10:04:58,8.49,0.01,118,100182,买盘
1589,10:04:54,8.48,-0.01,1,848,卖盘
1590,10:04:49,8.49,--,2,1698,买盘
1591,10:04:43,8.49,0.01,6,5094,买盘
1592,10:04:34,8.48,--,215,182320,卖盘
1593,10:04:28,8.48,-0.01,158,133984,卖盘
1594,10:04:24,8.49,--,3,2547,买盘
1595,10:04:09,8.49,--,10,8490,买盘
1596,10:04:04,8.49,-0.01,104,88296,卖盘
1597,10:03:58,8.5,--,87,73950,买盘
1598,10:03:54,8.5,0.01,28,23800,买盘
1599,10:03:49,8.49,-0.01,24,20376,卖盘
1600,10:03:43,8.5,--,2,1700,买盘
1601,10:03:34,8.5,--,5,4250,买盘
1602,10:03:28,8.5,0.01,4,3400,买盘
1603,10:03:19,8.49,-0.01,3,2547,卖盘
1604,10:03:13,8.5,0.01,30,25500,买盘
1605,10:02:34,8.49,-0.01,382,324318,卖盘
1606,10:02:28,8.5,0.01,183,155550,买盘
1607,10:02:19,8.49,--,345,292905,买盘
1608,10:02:13,8.49,--,44,38043,卖盘
1609,10:01:43,8.49,--,45,38366,买盘
1610,10:01:39,8.49,0.01,137,116313,买盘
1611,10:01:28,8.48,-0.01,2,1696,卖盘
1612,10:01:19,8.49,0.01,19,16131,买盘
1613,10:01:13,8.48,-0.01,42,35616,卖盘
1614,10:01:04,8.49,0.01,30,25470,买盘
1615,10:00:54,8.48,--,164,139072,卖盘
1616,10:00:48,8.48,-0.01,3,2544,卖盘
1617,10:00:43,8.49,0.01,101,85749,买盘
1618,10:00:33,8.48,--,1,848,卖盘
1619,10:00:28,8.48,-0.01,80,67840,卖盘
1620,10:00:24,8.49,--,73,61977,买盘
1621,10:00:13,8.49,--,139,118011,买盘
1622,10:00:09,8.49,0.01,56,47544,买盘
1623,09:59:54,8.48,--,296,251008,卖盘
1624,09:59:48,8.48,-0.01,68,57664,卖盘
1625,09:59:43,8.49,0.01,10,8490,买盘
1626,09:59:39,8.48,-0.01,100,84800,卖盘
1627,09:59:33,8.49,--,37,31413,买盘
1628,09:59:28,8.49,--,30,25470,买盘
1629,09:59:24,8.49,-0.01,97,82353,卖盘
1630,09:59:18,8.5,--,30,25500,买盘
1631,09:59:13,8.5,--,1,850,买盘
1632,09:59:09,8.5,--,40,34000,买盘
1633,09:59:03,8.5,--,5,4250,买盘
1634,09:58:58,8.5,--,35,29750,买盘
1635,09:58:48,8.5,--,19,16150,买盘
1636,09:58:39,8.5,0.02,5,4250,买盘
1637,09:58:33,8.48,-0.02,187,158576,卖盘
1638,09:58:28,8.5,0.02,47,39950,买盘
1639,09:58:23,8.48,--,18,15264,卖盘
1640,09:58:18,8.48,-0.02,208,176384,卖盘
1641,09:58:13,8.5,--,118,100300,买盘
1642,09:58:07,8.5,0.02,3,2550,买盘
1643,09:57:52,8.48,-0.01,189,160272,卖盘
1644,09:57:48,8.49,-0.01,9,7641,卖盘
1645,09:57:37,8.5,--,106,90100,买盘
1646,09:57:33,8.5,--,10,8500,买盘
1647,09:57:28,8.5,--,82,69700,卖盘
1648,09:57:22,8.5,-0.01,235,199750,卖盘
1649,09:57:18,8.51,--,5,4255,卖盘
1650,09:57:13,8.51,-0.01,36,30636,卖盘
1651,09:57:07,8.52,--,167,142284,买盘
1652,09:57:03,8.52,-0.01,72,61344,买盘
1653,09:56:52,8.53,0.01,510,435029,买盘
1654,09:56:48,8.52,-0.01,10,8520,卖盘
1655,09:56:43,8.53,--,489,417116,买盘
1656,09:56:37,8.53,--,20,17060,买盘
1657,09:56:33,8.53,0.01,10,8530,买盘
1658,09:56:28,8.52,--,3,2556,卖盘
1659,09:56:22,8.52,--,262,223224,买盘
1660,09:56:18,8.52,-0.01,5,4260,中性盘
1661,09:56:13,8.53,0.02,476,406027,买盘
1662,09:56:07,8.51,0.03,6,5106,卖盘
1663,09:55:58,8.48,--,0,0,卖盘
1664,09:55:52,8.48,-0.05,281,238288,卖盘
1665,09:55:48,8.53,0.03,117,99800,买盘
1666,09:55:43,8.5,0.02,107,91392,买盘
1667,09:55:28,8.48,-0.02,1,848,卖盘
1668,09:55:22,8.5,0.02,185,157411,买盘
1669,09:55:18,8.48,--,0,0,卖盘
1670,09:55:13,8.48,-0.02,310,262880,卖盘
1671,09:55:07,8.5,--,118,100300,买盘
1672,09:55:03,8.5,--,117,99450,买盘
1673,09:54:58,8.5,0.01,118,100300,买盘
1674,09:54:52,8.49,--,21,17829,卖盘
1675,09:54:48,8.49,-0.01,1,849,中性盘
1676,09:54:43,8.5,0.01,295,250750,买盘
1677,09:54:37,8.49,-0.01,25,21225,卖盘
1678,09:54:28,8.5,-0.01,77,66147,卖盘
1679,09:54:22,8.51,-0.01,12,10212,卖盘
1680,09:54:13,8.52,0.02,1,852,中性盘
1681,09:54:07,8.5,-0.03,264,224400,卖盘
1682,09:54:03,8.53,--,0,0,买盘
1683,09:53:58,8.53,--,1,852,买盘
1684,09:53:52,8.53,--,21,17913,买盘
1685,09:53:43,8.53,--,10,8530,买盘
1686,09:53:37,8.53,0.03,62,52885,买盘
1687,09:53:33,8.5,-0.03,242,205700,卖盘
1688,09:53:22,8.53,--,257,219220,卖盘
1689,09:53:18,8.53,--,3,2559,卖盘
1690,09:53:07,8.53,0.02,21,17913,中性盘
1691,09:53:03,8.51,-0.01,289,245939,卖盘
1692,09:52:57,8.52,--,37,31524,卖盘
1693,09:52:52,8.52,--,5,4260,卖盘
1694,09:52:48,8.52,--,9,7668,卖盘
1695,09:52:42,8.52,--,164,139728,卖盘
1696,09:52:37,8.52,0.02,14,11928,中性盘
1697,09:52:33,8.5,-0.04,252,214200,卖盘
1698,09:52:27,8.54,0.02,141,120636,买盘
1699,09:52:22,8.52,-0.01,134,114951,卖盘
1700,09:52:18,8.53,0.01,40,34120,买盘
1701,09:52:12,8.52,--,4,3408,卖盘
1702,09:52:07,8.52,-0.02,238,202776,卖盘
1703,09:52:03,8.54,--,2,1707,买盘
1704,09:51:52,8.54,0.02,2,1707,买盘
1705,09:51:47,8.52,-0.02,15,12780,卖盘
1706,09:51:42,8.54,--,2,1707,买盘
1707,09:51:37,8.54,0.04,44,37575,买盘
1708,09:51:33,8.5,-0.02,319,271150,卖盘
1709,09:51:27,8.52,-0.03,50,42600,卖盘
1710,09:51:22,8.55,--,9,7695,买盘
1711,09:51:17,8.55,0.03,122,104310,买盘
1712,09:51:12,8.52,-0.03,63,53676,卖盘
1713,09:51:07,8.55,--,213,182115,卖盘
1714,09:51:02,8.55,0.03,351,300105,买盘
1715,09:50:57,8.52,-0.03,15,12780,卖盘
1716,09:50:52,8.55,0.01,308,263340,买盘
1717,09:50:47,8.54,--,0,0,买盘
1718,09:50:42,8.54,--,20,17080,买盘
1719,09:50:37,8.54,-0.01,30,25619,中性盘
1720,09:50:32,8.55,0.01,875,748287,买盘
1721,09:50:16,8.54,--,19,16225,买盘
1722,09:50:12,8.54,0.01,30,25619,买盘
1723,09:50:07,8.53,0.01,215,183659,买盘
1724,09:50:01,8.52,0.01,427,363804,买盘
1725,09:49:46,8.51,--,241,205091,买盘
1726,09:49:42,8.51,--,96,81696,买盘
1727,09:49:37,8.51,--,33,28083,买盘
1728,09:49:31,8.51,--,539,458850,买盘
1729,09:49:22,8.51,--,807,686757,买盘
1730,09:49:16,8.51,0.01,8,6808,买盘
1731,09:49:12,8.5,0.02,95,81260,买盘
1732,09:49:07,8.48,--,285,241680,买盘
1733,09:49:01,8.48,0.01,301,255248,卖盘
1734,09:48:52,8.47,-0.04,121,102487,卖盘
1735,09:48:46,8.51,0.02,97,82547,买盘
1736,09:48:42,8.49,--,0,0,卖盘
1737,09:48:37,8.49,0.02,1,849,中性盘
1738,09:48:31,8.47,-0.01,407,344881,卖盘
1739,09:48:22,8.48,-0.02,222,188256,卖盘
1740,09:48:16,8.5,0.04,4,3400,买盘
1741,09:48:07,8.46,--,0,0,卖盘
1742,09:47:52,8.46,--,0,0,卖盘
1743,09:47:46,8.46,-0.04,160,135360,卖盘
1744,09:47:42,8.5,0.02,30,25500,买盘
1745,09:47:37,8.48,-0.03,388,329524,卖盘
1746,09:47:31,8.51,0.01,201,171051,买盘
1747,09:47:27,8.5,--,2,1700,卖盘
1748,09:47:22,8.5,--,39,33150,买盘
1749,09:47:07,8.5,0.02,9,7650,买盘
1750,09:47:01,8.48,-0.02,11,9328,卖盘
1751,09:46:57,8.5,0.02,2,1700,买盘
1752,09:46:51,8.48,--,147,125003,买盘
1753,09:46:46,8.48,--,10,8480,买盘
1754,09:46:41,8.48,--,173,146704,买盘
1755,09:46:36,8.48,-0.03,62,53237,卖盘
1756,09:46:31,8.51,0.01,7,6144,买盘
1757,09:46:26,8.5,0.03,17,14450,买盘
1758,09:46:21,8.47,-0.01,426,360822,卖盘
1759,09:46:11,8.48,-0.01,115,98206,卖盘
1760,09:46:06,8.49,--,49,41601,卖盘
1761,09:46:01,8.49,-0.01,96,81504,卖盘
1762,09:45:56,8.5,0.01,12,10200,买盘
1763,09:45:46,8.49,--,21,17829,卖盘
1764,09:45:41,8.49,--,470,399191,卖盘
1765,09:45:31,8.49,0.02,34,28866,买盘
1766,09:45:26,8.47,-0.02,558,472626,卖盘
1767,09:45:16,8.49,0.01,11,9339,买盘
1768,09:45:11,8.48,-0.01,10,8480,卖盘
1769,09:45:06,8.49,--,10,8490,买盘
1770,09:45:01,8.49,0.01,6,5094,买盘
1771,09:44:56,8.48,-0.01,3,2544,卖盘
1772,09:44:46,8.49,0.01,257,218345,买盘
1773,09:44:41,8.48,-0.01,138,117024,卖盘
1774,09:44:31,8.49,--,14,11886,买盘
1775,09:44:21,8.49,--,188,159612,买盘
1776,09:44:16,8.49,0.01,4,3396,买盘
1777,09:44:11,8.48,-0.01,6,5088,卖盘
1778,09:44:06,8.49,--,142,120558,买盘
1779,09:44:01,8.49,--,35,29715,买盘
1780,09:43:56,8.49,-0.01,15,12735,买盘
1781,09:43:51,8.5,--,0,0,买盘
1782,09:43:46,8.5,0.02,288,244800,买盘
1783,09:43:41,8.48,-0.02,175,148561,卖盘
1784,09:43:31,8.5,0.01,5,4250,买盘
1785,09:43:26,8.49,0.01,23,19527,中性盘
1786,09:43:21,8.48,-0.02,202,171296,卖盘
1787,09:43:16,8.5,--,100,85000,卖盘
1788,09:43:11,8.5,--,35,29750,买盘
1789,09:43:06,8.5,--,5,4250,买盘
1790,09:43:01,8.5,0.03,14,11900,买盘
1791,09:42:51,8.47,--,0,0,卖盘
1792,09:42:46,8.47,-0.03,494,418578,卖盘
1793,09:42:40,8.5,-0.01,4,3400,卖盘
1794,09:42:36,8.51,0.01,8,6808,买盘
1795,09:42:31,8.5,--,1,850,买盘
1796,09:42:25,8.5,--,20,17000,买盘
1797,09:42:16,8.5,-0.01,20,17000,卖盘
1798,09:42:10,8.51,0.03,28,23828,买盘
1799,09:42:06,8.48,--,0,0,卖盘
1800,09:42:01,8.48,-0.02,213,180624,卖盘
1801,09:41:55,8.5,-0.01,159,135150,卖盘
1802,09:41:51,8.51,0.01,40,34040,买盘
1803,09:41:46,8.5,--,30,25500,卖盘
1804,09:41:40,8.5,-0.02,122,103700,卖盘
1805,09:41:36,8.52,0.04,20,17210,买盘
1806,09:41:31,8.48,--,0,0,卖盘
1807,09:41:25,8.48,-0.02,243,206064,卖盘
1808,09:41:21,8.5,--,63,53550,买盘
1809,09:41:16,8.5,--,196,166600,买盘
1810,09:41:01,8.5,0.02,66,56100,买盘
1811,09:40:55,8.48,0.02,9,7632,中性盘
1812,09:40:51,8.46,-0.02,378,319788,卖盘
1813,09:40:46,8.48,-0.01,336,285089,卖盘
1814,09:40:40,8.49,--,11,9339,买盘
1815,09:40:36,8.49,0.01,35,29715,买盘
1816,09:40:31,8.48,--,40,33920,卖盘
1817,09:40:25,8.48,--,1,848,卖盘
1818,09:40:16,8.48,--,1,848,卖盘
1819,09:40:10,8.48,--,198,167904,买盘
1820,09:40:06,8.48,--,90,76320,卖盘
1821,09:39:55,8.48,--,49,41552,卖盘
1822,09:39:50,8.48,-0.02,134,113632,卖盘
1823,09:39:45,8.5,0.01,10,8500,买盘
1824,09:39:40,8.49,--,11,9339,卖盘
1825,09:39:35,8.49,-0.01,12,10188,卖盘
1826,09:39:30,8.5,--,2,1700,买盘
1827,09:39:25,8.5,-0.01,18,15300,中性盘
1828,09:39:20,8.51,0.01,458,389758,买盘
1829,09:39:10,8.5,--,104,88400,卖盘
1830,09:39:05,8.5,--,66,56100,卖盘
1831,09:39:00,8.5,--,6,5100,卖盘
1832,09:38:55,8.5,-0.01,91,77350,卖盘
1833,09:38:50,8.51,--,19,16169,买盘
1834,09:38:40,8.51,-0.02,110,93610,卖盘
1835,09:38:35,8.53,--,41,34973,买盘
1836,09:38:25,8.53,0.01,20,17060,买盘
1837,09:38:20,8.52,--,14,11928,买盘
1838,09:38:15,8.52,--,53,45156,卖盘
1839,09:38:10,8.52,--,66,56232,卖盘
1840,09:38:05,8.52,--,32,27264,卖盘
1841,09:37:55,8.52,-0.02,18,15336,卖盘
1842,09:37:50,8.54,0.01,50,42699,买盘
1843,09:37:45,8.53,--,22,18766,买盘
1844,09:37:40,8.53,--,111,94683,买盘
1845,09:37:35,8.53,--,45,39067,卖盘
1846,09:37:30,8.53,--,32,27295,卖盘
1847,09:37:25,8.53,-0.01,120,102359,卖盘
1848,09:37:20,8.54,0.01,397,339037,买盘
1849,09:37:15,8.53,--,2,1705,卖盘
1850,09:37:10,8.53,-0.01,118,100653,卖盘
1851,09:37:05,8.54,0.01,144,122975,买盘
1852,09:37:00,8.53,-0.01,10,8530,卖盘
1853,09:36:45,8.54,--,60,51239,卖盘
1854,09:36:40,8.54,-0.01,105,89669,卖盘
1855,09:36:35,8.55,--,19,16245,买盘
1856,09:36:30,8.55,--,82,70811,卖盘
1857,09:36:25,8.55,--,49,41895,卖盘
1858,09:36:20,8.55,--,36,30780,卖盘
1859,09:36:15,8.55,--,30,25650,卖盘
1860,09:36:10,8.55,-0.01,46,39330,卖盘
1861,09:36:05,8.56,0.01,41,35250,买盘
1862,09:36:00,8.55,--,20,17100,买盘
1863,09:35:55,8.55,-0.01,249,212895,卖盘
1864,09:35:49,8.56,--,0,0,买盘
1865,09:35:45,8.56,0.02,6,5136,买盘
1866,09:35:40,8.54,-0.01,3,2561,卖盘
1867,09:35:35,8.55,--,26,22230,卖盘
1868,09:35:25,8.55,0.01,52,44460,买盘
1869,09:35:19,8.54,-0.01,72,61487,卖盘
1870,09:35:15,8.55,0.02,64,54720,买盘
1871,09:35:10,8.53,-0.01,362,308786,卖盘
1872,09:35:04,8.54,--,50,42699,卖盘
1873,09:35:00,8.54,0.01,388,331522,买盘
1874,09:34:55,8.53,--,25,21325,卖盘
1875,09:34:49,8.53,0.01,58,49473,买盘
1876,09:34:45,8.52,-0.01,25,21300,卖盘
1877,09:34:40,8.53,0.01,20,17060,买盘
1878,09:34:30,8.52,-0.01,280,238560,卖盘
1879,09:34:25,8.53,--,14,11942,卖盘
1880,09:34:19,8.53,-0.01,40,34120,卖盘
1881,09:34:15,8.54,--,80,68320,卖盘
1882,09:34:10,8.54,-0.01,77,65758,卖盘
1883,09:34:04,8.55,--,21,17955,买盘
1884,09:34:00,8.55,--,142,122102,卖盘
1885,09:33:55,8.55,--,92,78660,卖盘
1886,09:33:49,8.55,--,8,6840,卖盘
1887,09:33:45,8.55,-0.02,52,44460,卖盘
1888,09:33:40,8.57,0.02,41,35137,买盘
1889,09:33:34,8.55,-0.01,33,28215,卖盘
1890,09:33:30,8.56,0.01,64,54784,卖盘
1891,09:33:24,8.55,-0.01,15,12825,卖盘
1892,09:33:19,8.56,-0.01,130,111280,卖盘
1893,09:33:15,8.57,0.02,94,80558,买盘
1894,09:33:09,8.55,-0.01,20,17100,卖盘
1895,09:33:04,8.56,0.01,258,221010,中性盘
1896,09:32:59,8.55,-0.02,43,36765,卖盘
1897,09:32:54,8.57,0.02,9,7713,买盘
1898,09:32:49,8.55,-0.03,4,3420,卖盘
1899,09:32:44,8.58,0.03,377,323466,买盘
1900,09:32:39,8.55,--,4,3420,卖盘
1901,09:32:34,8.55,--,63,53865,卖盘
1902,09:32:29,8.55,--,488,417240,卖盘
1903,09:32:24,8.55,-0.02,43,36765,卖盘
1904,09:32:19,8.57,0.01,1125,964125,买盘
1905,09:32:14,8.56,-0.01,11,9416,中性盘
1906,09:32:09,8.57,--,20,17140,买盘
1907,09:32:04,8.57,-0.02,5,4285,卖盘
1908,09:31:59,8.59,0.04,30,25770,买盘
1909,09:31:54,8.55,-0.05,20,17100,卖盘
1910,09:31:49,8.6,0.01,20,17776,买盘
1911,09:31:44,8.59,--,298,255982,卖盘
1912,09:31:39,8.59,--,66,56694,卖盘
1913,09:31:34,8.59,0.04,865,743318,买盘
1914,09:31:29,8.55,-0.02,1,855,卖盘
1915,09:31:24,8.57,0.02,20,17140,买盘
1916,09:31:19,8.55,-0.03,219,187245,买盘
1917,09:31:14,8.58,0.03,434,372372,买盘
1918,09:31:09,8.55,-0.01,69,58995,卖盘
1919,09:31:04,8.56,-0.03,238,204472,卖盘
1920,09:30:59,8.59,0.01,63,54117,买盘
1921,09:30:54,8.58,0.02,16,13728,买盘
1922,09:30:49,8.56,-0.04,58,49648,卖盘
1923,09:30:39,8.6,0.05,104,89551,买盘
1924,09:30:34,8.55,-0.06,125,107618,卖盘
1925,09:30:29,8.61,-0.02,29,24969,买盘
1926,09:30:24,8.63,0.08,22,18986,买盘
1927,09:30:19,8.55,--,67,57285,卖盘
1928,09:30:14,8.55,-0.05,282,241221,卖盘
1929,09:30:09,8.6,-0.05,899,773140,卖盘
1930,09:30:04,8.65,0.05,2072,1792280,买盘
1931,09:28:55,8.6,--,0,0,卖盘
1932,09:25:07,8.6,8.6,728,626080,买盘
