,time,price,change,volume,amount,type
0,15:00:00,13.17,--,0,0,卖盘
1,15:00:00,13.17,-0.01,11,14487,卖盘
2,14:59:59,13.18,0.01,2,2636,买盘
3,14:59:54,13.17,--,43,56631,卖盘
4,14:59:49,13.17,-0.01,11,14487,卖盘
5,14:59:39,13.18,--,158,208244,买盘
6,14:59:34,13.18,0.01,349,459982,买盘
7,14:59:29,13.17,--,28,36876,卖盘
8,14:59:24,13.17,--,5,6585,卖盘
9,14:59:19,13.17,--,47,61899,卖盘
10,14:59:14,13.17,-0.01,2,2634,卖盘
11,14:59:09,13.18,0.02,9,11862,买盘
12,14:59:04,13.16,-0.02,14,18424,卖盘
13,14:58:49,13.18,--,477,629345,卖盘
14,14:58:44,13.18,--,38,50084,卖盘
15,14:58:39,13.18,-0.01,23,30314,卖盘
16,14:58:29,13.19,0.01,10,13190,买盘
17,14:58:24,13.18,--,111,146298,卖盘
18,14:58:19,13.18,-0.01,83,110053,卖盘
19,14:58:14,13.19,0.01,3,3957,买盘
20,14:58:04,13.18,-0.01,29,38222,卖盘
21,14:57:59,13.19,--,5,6595,买盘
22,14:57:54,13.19,0.01,16,21104,买盘
23,14:57:49,13.18,-0.01,111,146298,卖盘
24,14:57:44,13.19,--,43,56717,买盘
25,14:57:34,13.19,0.01,41,54079,买盘
26,14:57:29,13.18,0.01,18,23724,买盘
27,14:57:24,13.17,--,5,6585,卖盘
28,14:57:14,13.17,--,42,55314,卖盘
29,14:57:09,13.17,-0.01,28,36876,卖盘
30,14:57:04,13.18,--,18,23724,卖盘
31,14:56:58,13.18,--,12,15816,卖盘
32,14:56:54,13.18,--,15,19770,卖盘
33,14:56:48,13.18,--,42,55356,卖盘
34,14:56:43,13.18,--,44,57992,卖盘
35,14:56:33,13.18,-0.01,73,96214,卖盘
36,14:56:18,13.19,--,32,42208,买盘
37,14:56:12,13.19,--,28,36932,买盘
38,14:55:57,13.19,--,23,30337,买盘
39,14:55:54,13.19,0.01,67,88373,买盘
40,14:55:48,13.18,--,50,65900,卖盘
41,14:55:43,13.18,-0.01,224,295232,卖盘
42,14:55:39,13.19,0.01,50,65950,买盘
43,14:55:33,13.18,--,120,158160,卖盘
44,14:55:28,13.18,-0.01,104,137072,卖盘
45,14:55:23,13.19,--,22,29018,买盘
46,14:55:18,13.19,0.01,83,109477,买盘
47,14:55:13,13.18,-0.01,10,13180,卖盘
48,14:55:08,13.19,0.01,60,79140,买盘
49,14:55:03,13.18,--,24,31632,卖盘
50,14:54:58,13.18,--,27,35586,卖盘
51,14:54:53,13.18,--,11,14498,卖盘
52,14:54:48,13.18,-0.01,6,7908,卖盘
53,14:54:38,13.19,0.01,22,29018,买盘
54,14:54:33,13.18,-0.01,16,21088,卖盘
55,14:54:28,13.19,--,5,6595,买盘
56,14:54:23,13.19,--,1,1319,买盘
57,14:54:18,13.19,--,619,816461,卖盘
58,14:54:08,13.19,--,5,6595,卖盘
59,14:54:03,13.19,-0.01,48,63312,卖盘
60,14:53:58,13.2,0.01,110,145200,买盘
61,14:53:53,13.19,-0.01,43,56717,卖盘
62,14:53:48,13.2,0.01,12,15840,买盘
63,14:53:43,13.19,--,10,13190,卖盘
64,14:53:38,13.19,--,20,26380,卖盘
65,14:53:28,13.19,0.01,22,29018,买盘
66,14:53:23,13.18,--,0,0,卖盘
67,14:53:18,13.18,-0.01,52,68536,卖盘
68,14:53:13,13.19,--,95,125305,买盘
69,14:53:08,13.19,--,106,139814,卖盘
70,14:53:03,13.19,--,2,2638,卖盘
71,14:52:58,13.19,--,29,38251,卖盘
72,14:52:43,13.19,--,12,15828,卖盘
73,14:52:38,13.19,--,50,65950,卖盘
74,14:52:33,13.19,--,35,46165,卖盘
75,14:52:27,13.19,-0.01,95,125305,卖盘
76,14:52:18,13.2,0.01,21,27720,买盘
77,14:52:13,13.19,-0.01,56,73864,卖盘
78,14:52:03,13.2,--,14,18480,卖盘
79,14:51:57,13.2,-0.01,55,72600,卖盘
80,14:51:53,13.21,0.01,8,10568,买盘
81,14:51:48,13.2,-0.01,20,26400,卖盘
82,14:51:43,13.21,0.01,5,6605,买盘
83,14:51:33,13.2,-0.01,2,2640,卖盘
84,14:51:27,13.21,--,1,1321,买盘
85,14:51:23,13.21,0.01,2,2642,买盘
86,14:51:18,13.2,--,12,15840,卖盘
87,14:51:13,13.2,--,72,95040,卖盘
88,14:51:03,13.2,--,8,10560,卖盘
89,14:50:58,13.2,-0.01,15,19800,卖盘
90,14:50:48,13.21,--,5,6605,买盘
91,14:50:42,13.21,--,5,6605,买盘
92,14:50:27,13.21,0.01,44,58124,买盘
93,14:50:12,13.2,--,2,2640,卖盘
94,14:50:07,13.2,--,9,11880,卖盘
95,14:49:57,13.2,-0.02,20,26400,卖盘
96,14:49:52,13.22,0.01,8,10576,买盘
97,14:49:48,13.21,-0.01,14,18494,卖盘
98,14:49:41,13.22,0.01,30,39660,买盘
99,14:49:37,13.21,--,8,10568,卖盘
100,14:49:33,13.21,0.01,22,29062,卖盘
101,14:49:27,13.2,-0.02,2,2640,中性盘
102,14:49:21,13.22,0.02,260,343720,买盘
103,14:49:18,13.2,--,2,2640,卖盘
104,14:49:12,13.2,--,30,39600,卖盘
105,14:49:07,13.2,-0.01,8,10560,卖盘
106,14:49:02,13.21,--,8,10568,买盘
107,14:48:57,13.21,0.01,2,2642,买盘
108,14:48:52,13.2,0.01,15,19800,中性盘
109,14:48:47,13.19,-0.02,85,112115,卖盘
110,14:48:42,13.21,0.02,15,19815,买盘
111,14:48:37,13.19,--,0,0,卖盘
112,14:48:32,13.19,--,10,13190,卖盘
113,14:48:27,13.19,-0.01,25,32975,卖盘
114,14:48:22,13.2,--,44,58080,买盘
115,14:48:17,13.2,0.01,34,44880,买盘
116,14:48:12,13.19,-0.01,1,1319,卖盘
117,14:48:07,13.2,0.01,45,59400,买盘
118,14:48:02,13.19,0.01,64,84416,买盘
119,14:47:57,13.18,--,60,79080,卖盘
120,14:47:52,13.18,--,8,10544,卖盘
121,14:47:47,13.18,--,309,407262,卖盘
122,14:47:41,13.18,-0.01,30,39540,卖盘
123,14:47:37,13.19,0.01,11,14509,中性盘
124,14:47:32,13.18,-0.01,248,326864,卖盘
125,14:47:27,13.19,0.01,48,63312,买盘
126,14:47:22,13.18,-0.01,53,69854,卖盘
127,14:47:17,13.19,--,52,68588,买盘
128,14:47:12,13.19,0.02,36,47484,买盘
129,14:47:07,13.17,-0.02,19,25023,卖盘
130,14:47:02,13.19,-0.01,3,3957,中性盘
131,14:46:57,13.2,--,10,13200,买盘
132,14:46:52,13.2,--,40,52800,买盘
133,14:46:47,13.2,--,23,30360,买盘
134,14:46:42,13.2,--,77,101640,买盘
135,14:46:36,13.2,--,300,396000,买盘
136,14:46:32,13.2,--,22,29040,买盘
137,14:46:27,13.2,-0.01,51,67320,卖盘
138,14:46:22,13.21,0.01,21,27741,买盘
139,14:46:12,13.2,-0.02,56,73920,卖盘
140,14:46:06,13.22,0.02,67,88574,买盘
141,14:46:02,13.2,--,9,11880,买盘
142,14:45:57,13.2,-0.03,68,89760,卖盘
143,14:45:52,13.23,0.01,110,145530,买盘
144,14:45:41,13.22,0.02,12,15864,买盘
145,14:45:36,13.2,--,59,77880,买盘
146,14:45:32,13.2,-0.02,11,14520,买盘
147,14:45:27,13.22,0.02,26,34372,买盘
148,14:45:22,13.2,0.04,17,22440,卖盘
149,14:45:17,13.16,--,6,7896,卖盘
150,14:45:12,13.16,-0.04,2,2632,中性盘
151,14:45:07,13.2,--,0,0,买盘
152,14:45:02,13.2,0.05,28,36960,买盘
153,14:44:57,13.15,-0.08,15,19725,卖盘
154,14:44:52,13.23,0.08,1115,1475145,买盘
155,14:44:41,13.15,--,4,5260,卖盘
156,14:44:36,13.15,0.02,1,1315,中性盘
157,14:44:26,13.13,-0.02,138,181194,卖盘
158,14:44:22,13.15,--,7,9205,卖盘
159,14:44:12,13.15,--,15,19725,卖盘
160,14:44:02,13.15,-0.01,8,10520,卖盘
161,14:43:51,13.16,0.01,13,17108,买盘
162,14:43:45,13.15,--,3,3945,卖盘
163,14:43:36,13.15,-0.01,1,1315,卖盘
164,14:43:27,13.16,--,8,10528,买盘
165,14:43:21,13.16,--,0,0,买盘
166,14:43:15,13.16,0.01,48,63168,买盘
167,14:43:12,13.15,--,25,32875,买盘
168,14:43:06,13.15,-0.04,167,219605,卖盘
169,14:42:56,13.19,-0.01,21,27699,中性盘
170,14:42:51,13.2,--,2,2640,卖盘
171,14:42:42,13.2,--,8,10560,卖盘
172,14:42:36,13.2,0.05,995,1313400,买盘
173,14:42:06,13.15,--,4,5260,买盘
174,14:42:01,13.15,--,123,161745,卖盘
175,14:41:56,13.15,--,58,76270,卖盘
176,14:41:46,13.15,--,13,17095,卖盘
177,14:41:41,13.15,-0.01,14,18410,卖盘
178,14:41:36,13.16,0.01,9,11844,买盘
179,14:41:31,13.15,-0.01,51,67065,卖盘
180,14:41:26,13.16,-0.01,10,13160,卖盘
181,14:41:16,13.17,--,4,5268,买盘
182,14:41:01,13.17,0.01,33,43461,买盘
183,14:40:51,13.16,0.01,2,2632,中性盘
184,14:40:45,13.15,-0.01,9,11835,卖盘
185,14:40:41,13.16,-0.02,6,7896,卖盘
186,14:40:36,13.18,0.02,40,52720,买盘
187,14:40:16,13.16,--,14,18424,中性盘
188,14:40:11,13.16,0.01,2,2632,中性盘
189,14:40:05,13.15,-0.02,3,3945,卖盘
190,14:40:00,13.17,0.02,40,52680,买盘
191,14:39:56,13.15,-0.01,14,18410,卖盘
192,14:39:50,13.16,--,7,9212,买盘
193,14:39:35,13.16,-0.01,23,30268,卖盘
194,14:39:30,13.17,--,1,1317,买盘
195,14:39:21,13.17,-0.01,39,51363,卖盘
196,14:39:15,13.18,0.01,3,3954,买盘
197,14:39:11,13.17,-0.01,11,14487,卖盘
198,14:39:06,13.18,--,50,65900,卖盘
199,14:39:01,13.18,0.01,18,23724,买盘
200,14:38:45,13.17,--,3,3951,卖盘
201,14:38:36,13.17,-0.02,16,21072,中性盘
202,14:38:26,13.19,--,0,0,中性盘
203,14:38:20,13.19,-0.01,2,2638,卖盘
204,14:38:16,13.2,0.04,20,26400,买盘
205,14:38:11,13.16,--,0,0,卖盘
206,14:38:05,13.16,-0.02,35,46060,卖盘
207,14:38:01,13.18,-0.01,16,21088,中性盘
208,14:37:56,13.19,0.01,5,6595,买盘
209,14:37:46,13.18,-0.02,44,57992,卖盘
210,14:37:41,13.2,--,118,155760,卖盘
211,14:37:36,13.2,0.04,390,514800,买盘
212,14:37:30,13.16,-0.03,7,9212,中性盘
213,14:37:26,13.19,0.03,450,593550,买盘
214,14:37:21,13.16,--,6,7896,卖盘
215,14:37:15,13.16,--,18,23688,卖盘
216,14:37:11,13.16,--,26,34216,卖盘
217,14:37:06,13.16,--,40,52640,卖盘
218,14:37:00,13.16,-0.01,152,200032,卖盘
219,14:36:56,13.17,0.01,60,79020,买盘
220,14:36:45,13.16,--,4,5264,卖盘
221,14:36:41,13.16,0.01,256,336896,买盘
222,14:36:35,13.15,0.03,189,248535,买盘
223,14:36:30,13.12,--,19,24928,买盘
224,14:36:21,13.12,0.02,115,151011,买盘
225,14:36:15,13.1,--,43,56330,买盘
226,14:36:11,13.1,0.03,15,19650,买盘
227,14:36:06,13.07,-0.02,76,99332,卖盘
228,14:36:00,13.09,--,7,9163,卖盘
229,14:35:55,13.09,-0.01,10,13090,卖盘
230,14:35:50,13.1,0.01,9,11790,买盘
231,14:35:45,13.09,--,23,30107,买盘
232,14:35:40,13.09,--,27,35343,买盘
233,14:35:36,13.09,0.01,8,10472,买盘
234,14:35:29,13.08,--,45,58860,买盘
235,14:35:21,13.08,0.01,6,7848,买盘
236,14:35:15,13.07,0.01,5,6535,买盘
237,14:35:05,13.06,--,0,0,卖盘
238,14:34:54,13.06,-0.01,5,6530,卖盘
239,14:34:45,13.07,--,6,7842,卖盘
240,14:34:36,13.07,--,0,0,中性盘
241,14:34:25,13.07,--,0,0,中性盘
242,14:34:20,13.07,-0.03,10,13070,卖盘
243,14:34:05,13.1,--,16,20960,买盘
244,14:33:54,13.1,-0.02,96,126939,卖盘
245,14:33:50,13.12,-0.01,7,9184,买盘
246,14:33:45,13.13,0.03,7,9191,买盘
247,14:33:40,13.1,-0.03,13,17030,卖盘
248,14:33:29,13.13,0.03,4,5383,买盘
249,14:33:25,13.1,-0.03,11,14410,卖盘
250,14:33:15,13.13,--,49,64337,买盘
251,14:33:00,13.13,0.03,26,34138,卖盘
252,14:32:55,13.1,-0.04,10,13100,卖盘
253,14:32:50,13.14,0.04,56,73584,买盘
254,14:32:45,13.1,-0.03,90,117900,卖盘
255,14:32:39,13.13,0.03,375,492375,买盘
256,14:32:30,13.1,-0.03,139,182090,卖盘
257,14:32:25,13.13,--,6,7878,买盘
258,14:32:20,13.13,0.03,10,13130,买盘
259,14:32:15,13.1,-0.04,48,62880,卖盘
260,14:32:05,13.14,0.04,48,63072,买盘
261,14:31:59,13.1,0.07,321,420510,买盘
262,14:31:55,13.03,-0.02,30,39090,卖盘
263,14:31:50,13.05,--,6,7830,买盘
264,14:31:45,13.05,--,42,54810,买盘
265,14:31:25,13.05,--,10,13050,买盘
266,14:31:20,13.05,--,0,0,买盘
267,14:31:15,13.05,0.02,12,15660,买盘
268,14:31:10,13.03,--,58,75574,买盘
269,14:31:00,13.03,-0.02,141,183723,卖盘
270,14:30:55,13.05,--,20,26100,买盘
271,14:30:45,13.05,--,9,11745,买盘
272,14:30:35,13.05,--,54,70470,买盘
273,14:30:30,13.05,--,29,37845,买盘
274,14:30:25,13.05,--,31,40455,买盘
275,14:30:15,13.05,--,110,143550,买盘
276,14:30:09,13.05,--,0,0,买盘
277,14:29:59,13.05,--,10,13050,买盘
278,14:29:53,13.05,--,6,7830,买盘
279,14:29:50,13.05,--,10,13050,买盘
280,14:29:39,13.05,0.01,55,71775,买盘
281,14:29:35,13.04,--,13,16952,买盘
282,14:29:29,13.04,--,0,0,买盘
283,14:29:24,13.04,--,80,104320,买盘
284,14:29:15,13.04,--,0,0,买盘
285,14:29:08,13.04,0.01,8,10432,买盘
286,14:29:00,13.03,0.01,34,44302,买盘
287,14:28:54,13.02,0.02,6,7812,买盘
288,14:28:44,13.0,--,0,0,卖盘
289,14:28:39,13.0,--,1,1300,买盘
290,14:28:30,13.0,-0.02,7,9100,卖盘
291,14:28:24,13.02,0.04,9,11718,买盘
292,14:28:14,12.98,-0.02,46,59708,卖盘
293,14:27:59,13.0,--,3,3900,买盘
294,14:27:54,13.0,0.02,6,7800,买盘
295,14:27:44,12.98,--,16,20768,买盘
296,14:27:39,12.98,--,63,81774,买盘
297,14:27:34,12.98,--,23,29854,买盘
298,14:27:29,12.98,--,31,40238,买盘
299,14:27:24,12.98,-0.02,174,225852,卖盘
300,14:27:08,13.0,-0.01,6,7800,卖盘
301,14:26:59,13.01,0.01,10,13010,买盘
302,14:26:49,13.0,-0.01,6,7800,卖盘
303,14:26:24,13.01,0.01,10,13010,买盘
304,14:26:19,13.0,--,36,46800,买盘
305,14:26:08,13.0,--,10,13000,买盘
306,14:26:03,13.0,-0.01,6,7800,卖盘
307,14:25:59,13.01,--,6,7806,买盘
308,14:25:53,13.01,--,31,40331,买盘
309,14:25:48,13.01,0.01,47,61147,买盘
310,14:25:44,13.0,--,26,33800,买盘
311,14:25:34,13.0,--,0,0,中性盘
312,14:25:19,13.0,--,0,0,卖盘
313,14:25:09,13.0,0.01,13,16900,买盘
314,14:24:53,12.99,-0.01,2,2598,卖盘
315,14:24:29,13.0,0.01,6,7800,买盘
316,14:24:23,12.99,--,8,10392,买盘
317,14:24:09,12.99,--,25,32475,买盘
318,14:24:02,12.99,--,3,3897,买盘
319,14:23:59,12.99,--,6,7794,买盘
320,14:23:49,12.99,--,6,7794,买盘
321,14:23:44,12.99,--,32,41568,买盘
322,14:23:38,12.99,--,36,46764,买盘
323,14:23:33,12.99,-0.01,211,274089,卖盘
324,14:23:29,13.0,--,20,26000,卖盘
325,14:23:24,13.0,-0.01,10,13000,卖盘
326,14:23:09,13.01,0.01,6,7806,买盘
327,14:23:03,13.0,-0.01,36,46800,卖盘
328,14:22:59,13.01,--,4,5204,卖盘
329,14:22:53,13.01,-0.01,17,22117,中性盘
330,14:22:47,13.02,--,0,0,买盘
331,14:22:44,13.02,0.01,10,13020,买盘
332,14:22:39,13.01,--,34,44234,买盘
333,14:22:32,13.01,--,15,19515,买盘
334,14:22:23,13.01,--,10,13010,卖盘
335,14:22:09,13.01,-0.01,13,16913,卖盘
336,14:21:53,13.02,--,1,1302,买盘
337,14:21:23,13.02,0.03,7,9114,买盘
338,14:21:18,12.99,--,1,1299,卖盘
339,14:21:13,12.99,0.01,11,14289,卖盘
340,14:21:02,12.98,--,0,0,卖盘
341,14:20:53,12.98,-0.03,9,11682,卖盘
342,14:20:47,13.01,0.03,15,19515,买盘
343,14:20:38,12.98,-0.02,103,133694,卖盘
344,14:20:32,13.0,0.01,30,39000,买盘
345,14:20:23,12.99,-0.01,9,11691,卖盘
346,14:20:18,13.0,0.01,16,20800,买盘
347,14:20:12,12.99,-0.01,40,51960,卖盘
348,14:20:08,13.0,--,41,53300,买盘
349,14:20:03,13.0,--,14,18200,买盘
350,14:19:53,13.0,-0.01,59,76700,卖盘
351,14:19:33,13.01,-0.01,4,5204,中性盘
352,14:19:13,13.02,0.01,19,24738,买盘
353,14:19:08,13.01,--,14,18214,买盘
354,14:19:03,13.01,-0.01,27,35127,卖盘
355,14:18:58,13.02,--,10,13020,买盘
356,14:18:32,13.02,--,16,20832,买盘
357,14:18:27,13.02,--,28,36456,买盘
358,14:18:18,13.02,--,10,13020,买盘
359,14:18:13,13.02,--,12,15624,买盘
360,14:18:08,13.02,--,20,26040,买盘
361,14:17:57,13.02,--,14,18228,卖盘
362,14:17:38,13.02,--,1,1302,卖盘
363,14:17:32,13.02,-0.01,10,13020,卖盘
364,14:17:28,13.03,0.01,6,7818,买盘
365,14:17:23,13.02,--,5,6510,买盘
366,14:17:17,13.02,-0.01,7,9114,卖盘
367,14:17:12,13.03,0.01,1,1303,买盘
368,14:16:58,13.02,--,8,10416,买盘
369,14:16:47,13.02,--,2,2604,中性盘
370,14:16:42,13.02,-0.01,10,13020,买盘
371,14:16:28,13.03,0.03,13,16939,买盘
372,14:16:17,13.0,--,51,66300,买盘
373,14:16:12,13.0,--,7,9100,买盘
374,14:16:08,13.0,--,30,39000,买盘
375,14:16:03,13.0,0.02,10,13000,买盘
376,14:15:52,12.98,-0.02,25,32450,卖盘
377,14:15:48,13.0,0.01,18,23400,买盘
378,14:15:42,12.99,--,29,37671,买盘
379,14:15:37,12.99,--,4,5196,买盘
380,14:15:32,12.99,--,101,131199,买盘
381,14:15:26,12.99,0.01,13,16887,买盘
382,14:15:17,12.98,--,2,2596,卖盘
383,14:15:08,12.98,--,4,5192,买盘
384,14:15:02,12.98,--,24,31152,买盘
385,14:14:57,12.98,0.01,24,31152,买盘
386,14:14:52,12.97,-0.01,6,7782,卖盘
387,14:14:48,12.98,--,4,5192,买盘
388,14:14:42,12.98,--,8,10384,买盘
389,14:14:33,12.98,--,37,48026,买盘
390,14:14:27,12.98,-0.01,38,49324,卖盘
391,14:14:22,12.99,--,15,19485,买盘
392,14:14:17,12.99,--,6,7794,买盘
393,14:14:12,12.99,--,49,63651,买盘
394,14:14:07,12.99,0.01,19,24681,买盘
395,14:14:02,12.98,-0.01,51,66198,卖盘
396,14:13:57,12.99,--,21,27279,买盘
397,14:13:47,12.99,0.05,81,105219,买盘
398,14:13:41,12.94,-0.04,175,226450,卖盘
399,14:13:37,12.98,--,6,7788,买盘
400,14:13:32,12.98,--,11,14278,买盘
401,14:13:17,12.98,--,6,7788,买盘
402,14:13:12,12.98,--,27,35046,买盘
403,14:13:07,12.98,0.02,10,12980,买盘
404,14:13:02,12.96,0.01,5,6480,中性盘
405,14:12:56,12.95,--,65,84175,卖盘
406,14:12:47,12.95,--,80,103600,买盘
407,14:12:42,12.95,--,12,15540,买盘
408,14:12:37,12.95,--,10,12950,买盘
409,14:12:32,12.95,--,80,103600,买盘
410,14:12:26,12.95,--,177,229215,买盘
411,14:12:21,12.95,--,1,1295,买盘
412,14:12:17,12.95,--,36,46620,买盘
413,14:12:11,12.95,--,10,12950,买盘
414,14:12:07,12.95,-0.03,209,270655,卖盘
415,14:11:57,12.98,--,0,0,买盘
416,14:11:47,12.98,0.03,31,40238,买盘
417,14:11:37,12.95,-0.03,60,77700,卖盘
418,14:11:26,12.98,0.04,7,9086,买盘
419,14:11:22,12.94,-0.03,41,53054,卖盘
420,14:11:11,12.97,--,0,0,中性盘
421,14:10:51,12.97,0.02,11,14267,买盘
422,14:10:41,12.95,--,48,62160,卖盘
423,14:10:37,12.95,--,15,19425,卖盘
424,14:10:11,12.95,-0.02,5,6475,卖盘
425,14:09:56,12.97,0.02,6,7782,买盘
426,14:09:51,12.95,-0.03,30,38850,卖盘
427,14:09:41,12.98,0.03,10,12980,买盘
428,14:09:36,12.95,-0.03,40,51800,卖盘
429,14:09:31,12.98,0.01,8,10384,买盘
430,14:09:26,12.97,0.02,13,16861,卖盘
431,14:09:20,12.95,-0.03,55,71225,卖盘
432,14:09:16,12.98,0.01,6,7788,买盘
433,14:09:12,12.97,-0.01,5,6485,卖盘
434,14:09:05,12.98,0.01,22,28556,买盘
435,14:09:01,12.97,-0.01,3,3891,卖盘
436,14:08:57,12.98,0.01,11,14278,买盘
437,14:08:46,12.97,--,42,54474,卖盘
438,14:08:42,12.97,-0.02,1,1297,卖盘
439,14:08:31,12.99,--,5,6495,买盘
440,14:08:27,12.99,0.02,20,25980,买盘
441,14:08:21,12.97,--,5,6485,买盘
442,14:08:16,12.97,-0.02,69,89493,卖盘
443,14:08:01,12.99,--,0,0,买盘
444,14:07:57,12.99,0.02,31,40269,买盘
445,14:07:35,12.97,--,9,11673,买盘
446,14:07:26,12.97,--,65,84305,买盘
447,14:07:20,12.97,0.01,14,18158,买盘
448,14:07:16,12.96,-0.01,1,1296,卖盘
449,14:07:11,12.97,--,19,24643,买盘
450,14:07:05,12.97,--,30,38910,买盘
451,14:07:01,12.97,--,30,38910,买盘
452,14:06:56,12.97,-0.01,96,124512,卖盘
453,14:06:41,12.98,--,6,7788,买盘
454,14:06:35,12.98,--,13,16874,买盘
455,14:06:31,12.98,-0.01,7,9086,卖盘
456,14:06:26,12.99,--,9,11691,买盘
457,14:06:16,12.99,0.01,8,10392,买盘
458,14:06:11,12.98,-0.02,20,25960,卖盘
459,14:06:06,13.0,--,15,19500,买盘
460,14:05:56,13.0,--,1,1300,买盘
461,14:05:51,13.0,0.01,5,6500,买盘
462,14:05:41,12.99,-0.01,26,33774,卖盘
463,14:05:36,13.0,--,0,0,买盘
464,14:05:26,13.0,0.02,4,5200,买盘
465,14:05:16,12.98,--,23,29854,卖盘
466,14:05:11,12.98,--,85,110330,买盘
467,14:05:05,12.98,--,10,12980,买盘
468,14:05:01,12.98,0.01,36,46728,买盘
469,14:04:56,12.97,-0.01,24,31128,卖盘
470,14:04:51,12.98,--,20,25960,买盘
471,14:04:46,12.98,--,10,12980,买盘
472,14:04:41,12.98,--,70,90860,买盘
473,14:04:31,12.98,--,245,318010,买盘
474,14:04:26,12.98,--,23,29854,买盘
475,14:04:21,12.98,--,20,25960,买盘
476,14:04:11,12.98,--,12,15576,买盘
477,14:04:06,12.98,--,16,20768,买盘
478,14:04:00,12.98,--,0,0,买盘
479,14:03:56,12.98,0.01,33,42834,买盘
480,14:03:50,12.97,-0.01,10,12970,卖盘
481,14:03:46,12.98,0.01,105,136290,买盘
482,14:03:36,12.97,--,19,24643,买盘
483,14:03:31,12.97,0.01,10,12970,买盘
484,14:03:20,12.96,0.02,39,50544,买盘
485,14:03:16,12.94,-0.01,20,25880,卖盘
486,14:02:55,12.95,0.01,2,2590,买盘
487,14:02:50,12.94,0.01,5,6470,买盘
488,14:02:45,12.93,--,14,18102,买盘
489,14:02:40,12.93,--,23,29739,卖盘
490,14:02:35,12.93,0.01,56,72408,买盘
491,14:02:29,12.92,-0.01,56,72352,卖盘
492,14:02:25,12.93,-0.01,12,15516,买盘
493,14:02:21,12.94,0.03,41,53054,买盘
494,14:02:14,12.91,-0.02,53,68423,卖盘
495,14:02:10,12.93,-0.01,141,182313,卖盘
496,14:02:06,12.94,0.01,92,119048,买盘
497,14:01:59,12.93,-0.01,18,23274,卖盘
498,14:01:55,12.94,--,43,55642,卖盘
499,14:01:51,12.94,-0.01,67,86698,卖盘
500,14:01:45,12.95,0.01,50,64750,买盘
501,14:01:40,12.94,-0.01,9,11646,卖盘
502,14:01:35,12.95,--,10,12950,买盘
503,14:01:29,12.95,-0.01,36,46620,卖盘
504,14:01:21,12.96,--,77,99792,买盘
505,14:01:15,12.96,-0.01,83,107568,卖盘
506,14:01:10,12.97,0.01,18,23346,买盘
507,14:01:06,12.96,-0.02,139,180144,卖盘
508,14:00:59,12.98,--,10,12980,买盘
509,14:00:55,12.98,--,50,64900,买盘
510,14:00:50,12.98,--,33,42834,买盘
511,14:00:44,12.98,-0.01,150,194700,卖盘
512,14:00:40,12.99,--,14,18186,卖盘
513,14:00:35,12.99,-0.01,74,96126,卖盘
514,14:00:30,13.0,0.01,45,58500,买盘
515,14:00:25,12.99,--,23,29877,卖盘
516,14:00:20,12.99,-0.01,69,89631,卖盘
517,14:00:15,13.0,-0.03,432,562250,卖盘
518,14:00:10,13.03,0.02,24,31272,买盘
519,14:00:05,13.01,0.01,86,111886,买盘
520,14:00:00,13.0,-0.01,166,215800,卖盘
521,13:59:55,13.01,0.01,41,53341,买盘
522,13:59:50,13.0,-0.01,273,355550,卖盘
523,13:59:44,13.01,0.01,1,1301,买盘
524,13:59:40,13.0,--,30,39000,卖盘
525,13:59:35,13.0,-0.01,34,44200,卖盘
526,13:59:29,13.01,--,2,2602,买盘
527,13:59:25,13.01,-0.02,51,66351,卖盘
528,13:59:20,13.03,0.02,26,33878,买盘
529,13:59:15,13.01,--,138,179538,卖盘
530,13:59:05,13.01,-0.01,13,16913,卖盘
531,13:58:50,13.02,--,21,27342,买盘
532,13:58:45,13.02,--,2,2604,买盘
533,13:58:40,13.02,-0.02,44,57288,卖盘
534,13:58:35,13.04,--,0,0,买盘
535,13:58:20,13.04,0.02,2,2608,买盘
536,13:58:10,13.02,--,1,1302,卖盘
537,13:57:59,13.02,--,0,0,卖盘
538,13:57:54,13.02,-0.03,2,2604,卖盘
539,13:57:50,13.05,0.03,6,7830,买盘
540,13:57:45,13.02,--,0,0,卖盘
541,13:57:38,13.02,-0.03,26,33852,卖盘
542,13:57:35,13.05,0.03,11,14355,买盘
543,13:57:29,13.02,--,0,0,卖盘
544,13:57:24,13.02,--,53,69006,买盘
545,13:57:20,13.02,--,20,26040,买盘
546,13:57:15,13.02,0.01,81,105462,买盘
547,13:57:09,13.01,--,32,41632,卖盘
548,13:57:05,13.01,-0.01,2,2602,卖盘
549,13:56:49,13.02,--,10,13020,买盘
550,13:56:44,13.02,--,17,22134,买盘
551,13:56:40,13.02,-0.01,56,72912,卖盘
552,13:56:29,13.03,0.01,12,15636,买盘
553,13:56:04,13.02,-0.01,14,18228,卖盘
554,13:56:00,13.03,0.01,10,13030,买盘
555,13:55:53,13.02,-0.01,4,5208,卖盘
556,13:55:44,13.03,--,13,16939,买盘
557,13:55:39,13.03,0.01,50,65150,买盘
558,13:55:34,13.02,-0.03,19,24738,卖盘
559,13:55:29,13.05,0.02,6,7830,买盘
560,13:55:23,13.03,--,23,29969,卖盘
561,13:55:14,13.03,-0.02,20,26060,卖盘
562,13:55:08,13.05,--,0,0,买盘
563,13:55:04,13.05,--,4,5220,买盘
564,13:54:49,13.05,0.03,3,3915,买盘
565,13:54:44,13.02,-0.03,8,10416,卖盘
566,13:54:38,13.05,--,25,32625,买盘
567,13:54:29,13.05,0.02,481,627705,买盘
568,13:54:23,13.03,-0.01,4,5212,卖盘
569,13:54:14,13.04,-0.01,97,126487,卖盘
570,13:54:09,13.05,--,5,6525,买盘
571,13:54:04,13.05,-0.01,16,20880,卖盘
572,13:53:43,13.06,--,5,6530,买盘
573,13:53:38,13.06,--,4,5224,卖盘
574,13:53:19,13.06,--,1,1306,买盘
575,13:53:14,13.06,--,7,9142,买盘
576,13:53:04,13.06,--,10,13060,买盘
577,13:52:59,13.06,--,12,15672,卖盘
578,13:52:53,13.06,-0.02,13,16978,卖盘
579,13:52:44,13.08,0.02,9,11772,买盘
580,13:52:38,13.06,--,0,0,卖盘
581,13:52:34,13.06,--,37,48322,卖盘
582,13:52:29,13.06,0.01,1,1306,买盘
583,13:52:23,13.05,--,20,26100,卖盘
584,13:52:14,13.05,-0.01,40,52200,买盘
585,13:52:04,13.06,--,18,23508,买盘
586,13:51:59,13.06,0.03,12,15672,买盘
587,13:51:54,13.03,-0.01,120,156360,卖盘
588,13:51:49,13.04,-0.02,46,59983,卖盘
589,13:51:44,13.06,0.01,13,16978,买盘
590,13:51:38,13.05,--,24,31320,买盘
591,13:51:34,13.05,--,1,1305,买盘
592,13:51:23,13.05,0.01,23,30015,卖盘
593,13:51:14,13.04,-0.02,100,130399,卖盘
594,13:51:09,13.06,--,11,14366,买盘
595,13:51:04,13.06,0.01,9,11754,买盘
596,13:50:59,13.05,--,26,33930,卖盘
597,13:50:44,13.05,--,2,2610,买盘
598,13:50:39,13.05,--,1,1305,买盘
599,13:50:34,13.05,--,15,19575,买盘
600,13:50:29,13.05,--,15,19575,买盘
601,13:50:23,13.05,--,92,120060,买盘
602,13:50:14,13.05,--,10,13050,买盘
603,13:50:08,13.05,--,5,6525,买盘
604,13:50:03,13.05,--,48,62640,买盘
605,13:49:58,13.05,0.01,22,28710,买盘
606,13:49:54,13.04,--,18,23472,买盘
607,13:49:48,13.04,--,10,13040,买盘
608,13:49:44,13.04,-0.01,77,100408,卖盘
609,13:49:32,13.05,0.01,7,9135,买盘
610,13:49:28,13.04,--,6,7823,买盘
611,13:49:23,13.04,--,10,13040,买盘
612,13:49:17,13.04,0.02,1,1304,买盘
613,13:49:02,13.02,--,0,0,卖盘
614,13:48:53,13.02,-0.02,21,27342,卖盘
615,13:48:47,13.04,--,5,6520,买盘
616,13:48:38,13.04,0.02,10,13040,买盘
617,13:48:28,13.02,--,50,65100,卖盘
618,13:48:23,13.02,--,2,2604,卖盘
619,13:48:18,13.02,-0.03,5,6510,卖盘
620,13:48:08,13.05,0.03,6,7830,买盘
621,13:48:02,13.02,--,5,6510,卖盘
622,13:47:58,13.02,-0.02,15,19530,卖盘
623,13:47:54,13.04,0.03,113,147352,买盘
624,13:47:47,13.01,-0.01,17,22117,卖盘
625,13:47:38,13.02,--,7,9114,买盘
626,13:47:32,13.02,--,16,20832,卖盘
627,13:47:28,13.02,-0.02,18,23436,卖盘
628,13:47:23,13.04,0.02,16,20864,买盘
629,13:47:17,13.02,-0.01,56,72912,卖盘
630,13:47:13,13.03,-0.03,1,1303,卖盘
631,13:47:08,13.06,--,2,2612,买盘
632,13:46:53,13.06,0.04,10,13060,买盘
633,13:46:47,13.02,-0.04,5,6510,卖盘
634,13:46:43,13.06,--,10,13060,买盘
635,13:46:38,13.06,--,32,42431,卖盘
636,13:46:32,13.06,--,4,5224,卖盘
637,13:46:28,13.06,--,9,11754,卖盘
638,13:46:23,13.06,--,28,36568,卖盘
639,13:46:17,13.06,--,45,58770,卖盘
640,13:46:13,13.06,0.01,36,47682,买盘
641,13:46:08,13.05,--,833,1087704,卖盘
642,13:46:03,13.05,-0.03,12,15660,卖盘
643,13:45:58,13.08,--,0,0,买盘
644,13:45:53,13.08,0.01,385,503580,买盘
645,13:45:47,13.07,--,84,110454,买盘
646,13:45:43,13.07,-0.01,20,26780,卖盘
647,13:45:28,13.08,0.01,10,13080,买盘
648,13:45:23,13.07,-0.01,60,79086,卖盘
649,13:45:08,13.08,--,6,7848,买盘
650,13:45:02,13.08,-0.01,39,51012,卖盘
651,13:44:53,13.09,--,58,75922,买盘
652,13:44:43,13.09,-0.01,3,3927,卖盘
653,13:44:38,13.1,--,0,0,买盘
654,13:44:18,13.1,0.02,8,10480,买盘
655,13:44:12,13.08,--,9,11772,买盘
656,13:44:08,13.08,--,20,26160,买盘
657,13:44:02,13.08,--,6,7848,买盘
658,13:43:53,13.08,--,31,40548,卖盘
659,13:43:47,13.08,--,40,52320,买盘
660,13:43:38,13.08,--,62,81096,买盘
661,13:43:32,13.08,--,118,154344,买盘
662,13:43:23,13.08,0.01,20,26160,买盘
663,13:43:17,13.07,-0.01,15,19605,卖盘
664,13:43:11,13.08,--,2,2616,买盘
665,13:43:02,13.08,--,16,20928,买盘
666,13:42:56,13.08,--,18,23544,买盘
667,13:42:53,13.08,--,51,66708,买盘
668,13:42:47,13.08,--,14,18312,买盘
669,13:42:41,13.08,--,6,7848,买盘
670,13:42:37,13.08,--,114,149112,卖盘
671,13:42:32,13.08,-0.01,31,40548,卖盘
672,13:42:26,13.09,--,110,143990,买盘
673,13:42:17,13.09,--,10,13090,买盘
674,13:42:11,13.09,0.01,15,19635,买盘
675,13:42:02,13.08,-0.01,83,108564,卖盘
676,13:41:56,13.09,0.01,17,22253,买盘
677,13:41:47,13.08,-0.01,91,119028,卖盘
678,13:41:41,13.09,--,10,13090,买盘
679,13:41:37,13.09,--,9,11781,买盘
680,13:41:32,13.09,--,13,17017,卖盘
681,13:41:26,13.09,-0.01,37,48433,买盘
682,13:41:22,13.1,--,0,0,买盘
683,13:41:17,13.1,0.02,72,94320,买盘
684,13:41:11,13.08,-0.01,55,71940,卖盘
685,13:41:07,13.09,--,11,14399,买盘
686,13:41:01,13.09,--,20,26180,卖盘
687,13:40:57,13.09,-0.01,75,98175,卖盘
688,13:40:47,13.1,0.01,53,69430,买盘
689,13:40:41,13.09,-0.01,168,219912,卖盘
690,13:40:37,13.1,-0.01,112,146720,卖盘
691,13:40:32,13.11,0.01,32,41952,买盘
692,13:40:26,13.1,-0.01,200,262000,卖盘
693,13:40:17,13.11,0.01,7,9177,买盘
694,13:40:11,13.1,--,25,32750,卖盘
695,13:40:02,13.1,-0.01,20,26200,卖盘
696,13:39:47,13.11,--,8,10488,买盘
697,13:39:41,13.11,-0.01,28,36708,卖盘
698,13:39:26,13.12,0.01,10,13120,买盘
699,13:39:17,13.11,--,9,11799,卖盘
700,13:39:07,13.11,--,32,41952,卖盘
701,13:38:56,13.11,-0.01,2,2622,卖盘
702,13:38:47,13.12,--,48,62975,买盘
703,13:38:41,13.12,0.01,13,17056,买盘
704,13:38:32,13.11,--,60,78660,卖盘
705,13:38:26,13.11,-0.01,2,2622,卖盘
706,13:38:22,13.12,--,11,14432,买盘
707,13:38:17,13.12,-0.02,62,81344,卖盘
708,13:37:56,13.14,--,1,1314,卖盘
709,13:37:41,13.14,-0.01,6,7884,卖盘
710,13:37:17,13.15,0.01,7,9205,买盘
711,13:37:11,13.14,--,1,1314,卖盘
712,13:37:07,13.14,0.03,12,15768,买盘
713,13:37:02,13.11,--,0,0,卖盘
714,13:36:56,13.11,--,0,0,卖盘
715,13:36:41,13.11,--,0,0,卖盘
716,13:36:35,13.11,-0.04,5,6555,卖盘
717,13:36:31,13.15,--,11,14465,买盘
718,13:36:26,13.15,0.04,18,23670,买盘
719,13:36:20,13.11,-0.04,71,93081,卖盘
720,13:36:17,13.15,--,59,77585,卖盘
721,13:36:11,13.15,0.04,33,43395,买盘
722,13:36:01,13.11,-0.03,655,858705,卖盘
723,13:35:46,13.14,--,2,2628,买盘
724,13:35:26,13.14,-0.01,6,7884,卖盘
725,13:35:01,13.15,--,20,26300,买盘
726,13:34:56,13.15,0.01,18,23670,买盘
727,13:33:31,13.14,--,5,6570,卖盘
728,13:33:26,13.14,-0.01,4,5256,卖盘
729,13:33:16,13.15,--,14,18410,卖盘
730,13:32:50,13.15,--,1,1315,卖盘
731,13:32:35,13.15,-0.01,2,2630,卖盘
732,13:32:26,13.16,0.01,1,1316,买盘
733,13:32:20,13.15,-0.01,25,32875,卖盘
734,13:32:11,13.16,0.01,20,26320,买盘
735,13:32:05,13.15,--,40,52600,卖盘
736,13:31:50,13.15,--,2,2630,卖盘
737,13:31:20,13.15,--,30,39450,卖盘
738,13:31:05,13.15,-0.01,20,26300,卖盘
739,13:31:01,13.16,0.01,6,7896,买盘
740,13:30:35,13.15,-0.01,20,26300,卖盘
741,13:30:26,13.16,0.01,1,1316,买盘
742,13:29:50,13.15,--,10,13150,卖盘
743,13:29:35,13.15,0.01,4,5260,买盘
744,13:29:25,13.14,--,4,5256,卖盘
745,13:29:20,13.14,-0.01,8,10512,卖盘
746,13:29:15,13.15,--,5,6575,卖盘
747,13:29:10,13.15,--,2,2630,卖盘
748,13:29:05,13.15,0.02,6,7890,买盘
749,13:28:50,13.13,--,0,0,卖盘
750,13:28:40,13.13,--,8,10504,卖盘
751,13:28:35,13.13,--,9,11817,卖盘
752,13:28:20,13.13,-0.02,9,11817,卖盘
753,13:27:59,13.15,--,2,2630,卖盘
754,13:27:35,13.15,-0.01,4,5260,卖盘
755,13:27:29,13.16,--,0,0,买盘
756,13:27:25,13.16,0.01,20,26320,买盘
757,13:27:20,13.15,--,8,10520,卖盘
758,13:27:10,13.15,--,1,1315,卖盘
759,13:27:05,13.15,--,6,7890,卖盘
760,13:26:54,13.15,0.02,5,6575,买盘
761,13:26:44,13.13,--,100,131300,卖盘
762,13:26:35,13.13,-0.02,4,5252,卖盘
763,13:26:29,13.15,0.02,12,15780,买盘
764,13:26:20,13.13,--,2,2626,卖盘
765,13:25:50,13.13,-0.02,2,2626,卖盘
766,13:25:40,13.15,--,3,3945,买盘
767,13:25:05,13.15,0.02,1,1315,买盘
768,13:24:25,13.13,--,11,14443,卖盘
769,13:24:14,13.13,-0.02,8,10504,卖盘
770,13:24:05,13.15,--,0,0,买盘
771,13:23:59,13.15,--,15,19725,卖盘
772,13:23:50,13.15,--,16,21040,卖盘
773,13:23:35,13.15,--,2,2630,卖盘
774,13:23:14,13.15,--,4,5260,卖盘
775,13:22:49,13.15,--,10,13150,卖盘
776,13:22:44,13.15,--,2,2630,卖盘
777,13:22:29,13.15,0.01,8,10520,卖盘
778,13:21:59,13.14,--,0,0,中性盘
779,13:21:54,13.14,-0.03,29,38106,卖盘
780,13:21:39,13.17,--,0,0,买盘
781,13:21:34,13.17,--,4,5268,买盘
782,13:21:29,13.17,0.04,165,217305,买盘
783,13:21:14,13.13,--,3,3939,买盘
784,13:21:04,13.13,-0.01,15,19695,卖盘
785,13:20:53,13.14,--,0,0,买盘
786,13:20:49,13.14,0.02,30,39420,买盘
787,13:20:44,13.12,--,100,131200,卖盘
788,13:20:38,13.12,-0.01,10,13120,卖盘
789,13:20:33,13.13,0.01,1,1313,买盘
790,13:20:29,13.12,--,0,0,卖盘
791,13:20:19,13.12,--,1,1312,卖盘
792,13:19:53,13.12,-0.02,7,9184,卖盘
793,13:19:43,13.14,0.01,22,28908,买盘
794,13:19:34,13.13,0.01,146,191698,买盘
795,13:19:29,13.12,-0.01,34,44608,卖盘
796,13:18:53,13.13,0.01,15,19695,买盘
797,13:18:48,13.12,-0.01,67,87904,卖盘
798,13:18:44,13.13,0.01,6,7878,买盘
799,13:18:38,13.12,--,52,68224,卖盘
800,13:18:29,13.12,-0.01,35,45920,卖盘
801,13:18:23,13.13,--,7,9191,买盘
802,13:18:19,13.13,0.01,34,44642,买盘
803,13:18:13,13.12,-0.01,14,18368,卖盘
804,13:18:03,13.13,0.01,9,11817,买盘
805,13:17:59,13.12,-0.01,29,38048,卖盘
806,13:17:53,13.13,--,49,64337,买盘
807,13:17:48,13.13,0.01,11,14443,买盘
808,13:17:44,13.12,0.01,50,65600,卖盘
809,13:17:29,13.11,--,5,6555,卖盘
810,13:17:23,13.11,-0.02,7,9177,卖盘
811,13:17:08,13.13,--,0,0,买盘
812,13:17:03,13.13,0.01,5,6565,买盘
813,13:16:59,13.12,--,8,10496,买盘
814,13:16:53,13.12,--,21,27552,卖盘
815,13:16:44,13.12,--,9,11808,买盘
816,13:16:38,13.12,--,1,1312,买盘
817,13:16:29,13.12,--,11,14432,买盘
818,13:16:23,13.12,0.01,10,13120,买盘
819,13:16:18,13.11,-0.01,57,74727,卖盘
820,13:16:14,13.12,--,45,59040,卖盘
821,13:16:08,13.12,--,23,30176,卖盘
822,13:16:03,13.12,0.01,25,32800,中性盘
823,13:15:58,13.11,--,27,35397,卖盘
824,13:15:53,13.11,-0.01,36,47196,卖盘
825,13:15:48,13.12,0.01,7,9184,买盘
826,13:15:42,13.11,-0.04,48,62928,卖盘
827,13:15:38,13.15,--,56,73640,买盘
828,13:15:33,13.15,0.03,9,11835,买盘
829,13:15:28,13.12,0.01,58,76096,中性盘
830,13:15:23,13.11,-0.02,22,28842,卖盘
831,13:15:13,13.13,0.02,8,10504,买盘
832,13:15:08,13.11,--,49,64239,卖盘
833,13:14:58,13.11,--,0,0,卖盘
834,13:14:53,13.11,-0.04,10,13110,卖盘
835,13:14:48,13.15,0.04,8,10520,买盘
836,13:14:43,13.11,--,27,35397,买盘
837,13:14:38,13.11,-0.02,26,34086,卖盘
838,13:14:33,13.13,--,3,3939,买盘
839,13:14:27,13.13,0.02,43,56459,买盘
840,13:14:18,13.11,--,65,85215,卖盘
841,13:14:13,13.11,--,49,64239,卖盘
842,13:14:08,13.11,--,0,0,卖盘
843,13:14:03,13.11,-0.01,312,409032,卖盘
844,13:13:57,13.12,-0.01,25,32800,卖盘
845,13:13:53,13.13,--,23,30199,卖盘
846,13:13:43,13.13,-0.02,4,5252,中性盘
847,13:13:38,13.15,--,0,0,买盘
848,13:13:28,13.15,0.02,4,5260,卖盘
849,13:13:23,13.13,0.01,5,6565,买盘
850,13:13:17,13.12,--,0,0,卖盘
851,13:13:13,13.12,--,40,52480,卖盘
852,13:12:58,13.12,--,0,0,卖盘
853,13:12:43,13.12,--,2,2624,卖盘
854,13:12:28,13.12,--,31,40672,卖盘
855,13:12:17,13.12,--,0,0,卖盘
856,13:12:12,13.12,0.01,19,24928,买盘
857,13:12:08,13.11,-0.01,128,167808,卖盘
858,13:12:02,13.12,0.01,20,26240,买盘
859,13:11:58,13.11,-0.01,22,28842,卖盘
860,13:11:43,13.12,-0.04,1158,1519296,卖盘
861,13:11:38,13.16,--,6,7896,卖盘
862,13:11:23,13.16,--,10,13160,卖盘
863,13:11:02,13.16,--,1,1316,卖盘
864,13:10:57,13.16,0.01,1,1316,买盘
865,13:10:53,13.15,--,36,47340,卖盘
866,13:10:32,13.15,--,4,5260,卖盘
867,13:10:23,13.15,--,8,10520,卖盘
868,13:10:02,13.15,-0.01,120,157800,卖盘
869,13:09:58,13.16,0.01,55,72380,买盘
870,13:09:47,13.15,-0.01,10,13150,卖盘
871,13:09:23,13.16,--,3,3948,卖盘
872,13:09:07,13.16,--,7,9212,买盘
873,13:08:47,13.16,--,52,68432,卖盘
874,13:08:42,13.16,--,4,5264,卖盘
875,13:08:17,13.16,--,20,26320,卖盘
876,13:08:06,13.16,--,2,2632,卖盘
877,13:07:51,13.16,--,11,14476,卖盘
878,13:07:22,13.16,--,4,5264,卖盘
879,13:06:36,13.16,--,4,5264,卖盘
880,13:06:32,13.16,--,10,13160,卖盘
881,13:06:12,13.16,--,10,13160,卖盘
882,13:05:22,13.16,0.01,9,11844,卖盘
883,13:05:02,13.15,-0.01,12,15780,卖盘
884,13:04:32,13.16,--,1,1316,卖盘
885,13:04:01,13.16,-0.03,12,15792,卖盘
886,13:03:51,13.19,--,364,480116,卖盘
887,13:03:47,13.19,--,10,13190,卖盘
888,13:03:01,13.19,--,5,6595,卖盘
889,13:02:56,13.19,--,10,13190,卖盘
890,13:02:46,13.19,--,70,92330,卖盘
891,13:02:26,13.19,0.03,48,63312,买盘
892,13:01:56,13.16,--,6,7896,卖盘
893,13:01:46,13.16,-0.02,2,2632,卖盘
894,13:01:26,13.18,0.02,5,6590,买盘
895,13:01:21,13.16,--,3,3948,卖盘
896,13:01:00,13.16,--,1,1316,卖盘
897,13:00:16,13.16,--,1,1316,卖盘
898,13:00:11,13.16,0.02,20,26320,卖盘
899,13:00:06,13.14,-0.02,430,565020,卖盘
900,13:00:01,13.16,--,10,13160,买盘
901,11:30:00,13.16,--,0,0,买盘
902,11:30:00,13.16,--,0,0,买盘
903,11:29:49,13.16,--,16,21056,卖盘
904,11:29:47,13.16,--,1,1316,卖盘
905,11:29:16,13.16,--,3,3948,卖盘
906,11:29:02,13.16,--,20,26320,卖盘
907,11:28:51,13.16,--,1,1316,卖盘
908,11:28:01,13.16,--,4,5264,卖盘
909,11:27:55,13.16,--,18,23924,卖盘
910,11:27:26,13.16,-0.03,18,23688,卖盘
911,11:26:36,13.19,--,3,3957,买盘
912,11:26:25,13.19,0.03,2,2638,买盘
913,11:26:20,13.16,0.01,13,17108,卖盘
914,11:25:50,13.15,--,0,0,卖盘
915,11:25:25,13.15,--,0,0,卖盘
916,11:25:06,13.15,-0.01,1,1315,卖盘
917,11:25:01,13.16,--,9,11844,卖盘
918,11:24:35,13.16,-0.03,10,13160,卖盘
919,11:24:31,13.19,0.03,2,2638,买盘
920,11:24:20,13.16,-0.03,1,1316,卖盘
921,11:23:30,13.19,--,2,2638,卖盘
922,11:23:05,13.19,--,1,1319,卖盘
923,11:22:45,13.19,--,2,2638,卖盘
924,11:22:35,13.19,--,11,14509,卖盘
925,11:22:26,13.19,--,2,2638,卖盘
926,11:22:20,13.19,--,1,1319,卖盘
927,11:21:44,13.19,--,5,6595,卖盘
928,11:21:15,13.19,0.01,76,100244,买盘
929,11:21:00,13.18,--,0,0,中性盘
930,11:20:45,13.18,--,10,13180,卖盘
931,11:20:41,13.18,--,3,3954,卖盘
932,11:20:29,13.18,--,77,101486,买盘
933,11:20:20,13.18,--,5,6590,买盘
934,11:20:05,13.18,0.03,2,2636,买盘
935,11:19:41,13.15,-0.03,1,1315,卖盘
936,11:19:20,13.18,--,1,1318,卖盘
937,11:19:10,13.18,--,4,5272,卖盘
938,11:18:55,13.18,--,10,13180,卖盘
939,11:18:50,13.18,--,40,52720,卖盘
940,11:18:45,13.18,--,41,54038,卖盘
941,11:18:40,13.18,--,7,9226,卖盘
942,11:18:35,13.18,--,41,54038,卖盘
943,11:18:30,13.18,--,60,79080,卖盘
944,11:18:25,13.18,--,13,17134,卖盘
945,11:18:14,13.18,--,10,13180,卖盘
946,11:18:00,13.18,--,179,235922,卖盘
947,11:17:49,13.18,--,53,69854,卖盘
948,11:17:44,13.18,--,100,131800,卖盘
949,11:17:34,13.18,--,47,61946,卖盘
950,11:17:29,13.18,0.01,14,18452,卖盘
951,11:17:09,13.17,0.02,134,176478,买盘
952,11:17:05,13.15,0.01,11,14465,买盘
953,11:16:49,13.14,--,2,2628,卖盘
954,11:16:44,13.14,-0.01,1,1314,卖盘
955,11:16:34,13.15,--,1,1315,买盘
956,11:16:14,13.15,--,48,63120,卖盘
957,11:16:05,13.15,--,1,1315,卖盘
958,11:15:44,13.15,--,2,2630,卖盘
959,11:15:38,13.15,--,3,3945,卖盘
960,11:15:34,13.15,--,1,1315,卖盘
961,11:15:24,13.15,--,12,15780,卖盘
962,11:14:59,13.15,--,100,131500,卖盘
963,11:14:54,13.15,--,5,6575,卖盘
964,11:14:50,13.15,-0.01,2,2630,卖盘
965,11:14:24,13.16,--,5,6580,买盘
966,11:14:07,13.16,--,8,10528,卖盘
967,11:13:53,13.16,--,1,1316,卖盘
968,11:13:43,13.16,--,80,105280,卖盘
969,11:13:24,13.16,--,3,3948,卖盘
970,11:12:54,13.16,--,30,39480,卖盘
971,11:12:43,13.16,--,5,6580,卖盘
972,11:12:04,13.16,-0.01,1,1316,卖盘
973,11:11:59,13.17,0.01,1,1317,买盘
974,11:11:38,13.16,-0.01,4,5264,卖盘
975,11:11:23,13.17,0.01,1,1317,买盘
976,11:11:19,13.16,-0.01,20,26320,卖盘
977,11:10:22,13.17,--,7,9219,买盘
978,11:10:13,13.17,--,2,2634,买盘
979,11:10:07,13.17,--,20,26340,买盘
980,11:09:37,13.17,--,5,6585,买盘
981,11:09:13,13.17,0.01,33,43461,买盘
982,11:08:58,13.16,-0.01,6,7896,卖盘
983,11:08:53,13.17,0.01,62,81654,买盘
984,11:08:29,13.16,--,10,13160,卖盘
985,11:08:22,13.16,-0.01,2,2632,卖盘
986,11:08:13,13.17,--,20,26340,买盘
987,11:08:07,13.17,-0.01,49,64533,卖盘
988,11:07:44,13.18,0.01,16,21088,卖盘
989,11:07:18,13.17,--,0,0,卖盘
990,11:07:07,13.17,--,0,0,卖盘
991,11:06:58,13.17,--,6,7902,卖盘
992,11:06:43,13.17,--,30,39510,卖盘
993,11:06:33,13.17,--,5,6585,买盘
994,11:06:22,13.17,--,2,2634,买盘
995,11:06:07,13.17,--,1,1317,买盘
996,11:06:03,13.17,0.01,19,25023,买盘
997,11:05:52,13.16,--,4,5264,卖盘
998,11:05:33,13.16,0.01,17,22372,买盘
999,11:05:17,13.15,-0.01,23,30245,卖盘
1000,11:05:13,13.16,--,1,1316,买盘
1001,11:05:07,13.16,0.01,5,6580,买盘
1002,11:04:37,13.15,-0.02,1,1315,卖盘
1003,11:04:28,13.17,--,0,0,买盘
1004,11:04:13,13.17,0.02,10,13170,买盘
1005,11:04:07,13.15,-0.02,19,24985,卖盘
1006,11:03:47,13.17,--,170,223890,买盘
1007,11:03:23,13.17,0.01,50,65850,买盘
1008,11:03:07,13.16,--,32,42112,卖盘
1009,11:02:57,13.16,--,10,13160,卖盘
1010,11:02:53,13.16,--,1,1316,卖盘
1011,11:02:31,13.16,--,38,50034,买盘
1012,11:02:28,13.16,0.01,5,6580,买盘
1013,11:02:22,13.15,--,38,49970,卖盘
1014,11:02:16,13.15,-0.01,8,10520,卖盘
1015,11:02:01,13.16,0.01,10,13160,买盘
1016,11:01:31,13.15,0.01,10,13150,买盘
1017,11:01:12,13.14,--,1,1314,卖盘
1018,11:01:01,13.14,--,28,36792,卖盘
1019,11:00:52,13.14,-0.01,1,1314,卖盘
1020,11:00:46,13.15,0.01,16,21040,买盘
1021,11:00:37,13.14,--,61,80154,卖盘
1022,11:00:22,13.14,-0.01,65,85410,卖盘
1023,11:00:16,13.15,--,2,2630,买盘
1024,11:00:07,13.15,-0.01,6,7890,买盘
1025,11:00:01,13.16,0.02,50,65800,买盘
1026,10:59:56,13.14,-0.01,21,27594,卖盘
1027,10:59:52,13.15,--,81,106515,卖盘
1028,10:59:37,13.15,--,5,6575,卖盘
1029,10:59:26,13.15,--,1,1315,卖盘
1030,10:59:22,13.15,-0.01,10,13150,卖盘
1031,10:59:16,13.16,--,5,6580,买盘
1032,10:59:07,13.16,--,11,14476,买盘
1033,10:58:56,13.16,--,14,19713,卖盘
1034,10:58:52,13.16,--,2,2632,卖盘
1035,10:58:31,13.16,--,13,17134,买盘
1036,10:58:16,13.16,--,13,18397,卖盘
1037,10:58:12,13.16,--,178,234248,卖盘
1038,10:58:01,13.16,-0.01,14,18424,卖盘
1039,10:57:57,13.17,--,138,181746,卖盘
1040,10:57:46,13.17,-0.01,20,26340,卖盘
1041,10:57:42,13.18,--,23,30314,卖盘
1042,10:57:31,13.18,--,101,133118,卖盘
1043,10:57:27,13.18,--,9,11862,卖盘
1044,10:56:40,13.18,-0.02,2,2636,卖盘
1045,10:56:37,13.2,--,57,75240,买盘
1046,10:56:10,13.2,--,10,13200,卖盘
1047,10:55:52,13.2,--,1,1320,卖盘
1048,10:55:46,13.2,--,1,1320,卖盘
1049,10:55:31,13.2,0.02,38,50160,买盘
1050,10:55:25,13.18,-0.01,27,35586,卖盘
1051,10:55:16,13.19,--,7,9233,卖盘
1052,10:54:31,13.19,-0.01,11,14509,卖盘
1053,10:54:25,13.2,--,2,2640,买盘
1054,10:54:16,13.2,0.01,3,3960,买盘
1055,10:54:01,13.19,-0.01,2,2638,卖盘
1056,10:53:55,13.2,0.01,1,1320,买盘
1057,10:53:51,13.19,-0.01,2,2638,卖盘
1058,10:53:31,13.2,-0.01,30,39600,卖盘
1059,10:53:10,13.21,--,0,0,买盘
1060,10:52:46,13.21,--,2,2642,买盘
1061,10:52:31,13.21,--,1,1321,买盘
1062,10:51:40,13.21,--,2,2642,买盘
1063,10:51:31,13.21,--,0,0,买盘
1064,10:51:25,13.21,0.03,1,1321,买盘
1065,10:51:05,13.18,--,3,3954,卖盘
1066,10:50:51,13.18,--,16,21088,买盘
1067,10:50:40,13.18,--,8,10544,买盘
1068,10:50:35,13.18,--,71,93578,买盘
1069,10:50:31,13.18,0.01,62,81716,买盘
1070,10:50:25,13.17,--,100,131700,卖盘
1071,10:50:21,13.17,--,3,3951,卖盘
1072,10:50:10,13.17,0.01,6,7902,买盘
1073,10:50:04,13.16,--,2,2632,卖盘
1074,10:49:55,13.16,--,10,13160,卖盘
1075,10:49:46,13.16,-0.01,100,131600,卖盘
1076,10:49:34,13.17,--,2,2634,卖盘
1077,10:49:10,13.17,-0.01,2,2634,卖盘
1078,10:48:46,13.18,--,3,3954,买盘
1079,10:48:34,13.18,--,40,52720,买盘
1080,10:48:25,13.18,--,1,1318,买盘
1081,10:48:19,13.18,--,1,1318,买盘
1082,10:48:10,13.18,--,42,55356,卖盘
1083,10:47:49,13.18,-0.01,2,2636,卖盘
1084,10:47:25,13.19,--,11,14509,买盘
1085,10:46:25,13.19,0.02,73,96287,买盘
1086,10:46:10,13.17,--,0,0,卖盘
1087,10:45:55,13.17,--,4,5268,卖盘
1088,10:45:49,13.17,--,0,0,卖盘
1089,10:45:44,13.17,-0.02,83,109311,卖盘
1090,10:45:10,13.19,--,0,0,卖盘
1091,10:45:00,13.19,--,4,5276,卖盘
1092,10:44:34,13.19,-0.03,3,3957,卖盘
1093,10:44:25,13.22,0.03,10,13220,买盘
1094,10:44:04,13.19,--,4,5276,卖盘
1095,10:43:59,13.19,0.01,15,19785,买盘
1096,10:43:55,13.18,--,5,6590,卖盘
1097,10:43:43,13.18,--,1,1318,卖盘
1098,10:43:13,13.18,--,1,1318,卖盘
1099,10:42:58,13.18,--,3,3954,卖盘
1100,10:42:54,13.18,-0.01,1,1318,卖盘
1101,10:42:43,13.19,--,0,0,买盘
1102,10:42:39,13.19,--,0,0,中性盘
1103,10:42:34,13.19,0.01,252,332388,中性盘
1104,10:42:19,13.18,-0.02,3,3954,卖盘
1105,10:42:13,13.2,0.02,100,132000,买盘
1106,10:42:09,13.18,0.01,6,7908,卖盘
1107,10:42:04,13.17,--,0,0,卖盘
1108,10:41:58,13.17,--,1,1317,卖盘
1109,10:41:49,13.17,--,0,0,卖盘
1110,10:41:43,13.17,-0.01,46,60582,卖盘
1111,10:41:24,13.18,--,8,10544,卖盘
1112,10:41:19,13.18,0.01,8,10544,买盘
1113,10:41:13,13.17,-0.01,20,26340,卖盘
1114,10:41:09,13.18,--,2,2636,买盘
1115,10:41:04,13.18,--,2,2636,买盘
1116,10:40:43,13.18,0.01,10,13180,买盘
1117,10:40:34,13.17,--,1,1317,卖盘
1118,10:40:19,13.17,-0.01,4,5268,卖盘
1119,10:40:13,13.18,0.02,45,59310,买盘
1120,10:39:58,13.16,-0.01,50,65800,卖盘
1121,10:39:54,13.17,0.01,10,13170,买盘
1122,10:39:39,13.16,--,0,0,卖盘
1123,10:39:34,13.16,-0.01,5,6580,卖盘
1124,10:39:28,13.17,0.01,16,21098,买盘
1125,10:39:19,13.16,-0.01,18,23688,卖盘
1126,10:39:09,13.17,--,11,14487,买盘
1127,10:39:04,13.17,0.01,7,9219,买盘
1128,10:38:54,13.16,--,11,14476,卖盘
1129,10:38:49,13.16,--,13,17108,卖盘
1130,10:38:39,13.16,-0.01,20,26320,卖盘
1131,10:38:34,13.17,--,46,60582,买盘
1132,10:38:28,13.17,--,11,14487,买盘
1133,10:38:23,13.17,--,6,7902,买盘
1134,10:38:19,13.17,--,8,10536,买盘
1135,10:38:04,13.17,--,5,6585,买盘
1136,10:37:58,13.17,--,18,23706,卖盘
1137,10:37:43,13.17,0.01,7,9219,买盘
1138,10:37:34,13.16,-0.01,4,5264,卖盘
1139,10:37:19,13.17,--,1,1317,买盘
1140,10:37:13,13.17,0.01,3,3951,买盘
1141,10:37:04,13.16,-0.01,20,26320,卖盘
1142,10:36:28,13.17,-0.01,2,2634,卖盘
1143,10:36:19,13.18,--,4,5272,卖盘
1144,10:36:13,13.18,--,50,65900,卖盘
1145,10:35:52,13.18,-0.01,14,18452,卖盘
1146,10:35:33,13.19,0.01,1,1319,买盘
1147,10:35:28,13.18,--,1,1318,卖盘
1148,10:35:22,13.18,-0.02,101,133118,卖盘
1149,10:35:18,13.2,--,0,0,买盘
1150,10:34:58,13.2,0.01,40,52800,买盘
1151,10:34:52,13.19,--,23,30337,卖盘
1152,10:34:43,13.19,--,3,3957,卖盘
1153,10:34:33,13.19,--,5,6595,卖盘
1154,10:34:18,13.19,--,1,1319,卖盘
1155,10:33:52,13.19,-0.01,21,27699,卖盘
1156,10:33:18,13.2,0.01,28,36960,买盘
1157,10:33:13,13.19,-0.01,30,39570,卖盘
1158,10:33:07,13.2,0.01,3,3960,买盘
1159,10:32:48,13.19,--,5,6595,卖盘
1160,10:32:43,13.19,--,119,156961,卖盘
1161,10:32:37,13.19,--,38,50122,买盘
1162,10:32:13,13.19,--,10,13190,买盘
1163,10:32:07,13.19,0.01,6,7914,买盘
1164,10:31:43,13.18,--,6,7908,卖盘
1165,10:31:37,13.18,--,36,47448,卖盘
1166,10:31:28,13.18,--,110,144980,买盘
1167,10:30:43,13.18,0.02,12,15816,买盘
1168,10:30:28,13.16,--,0,0,卖盘
1169,10:30:17,13.16,--,26,34216,卖盘
1170,10:29:52,13.16,--,10,13160,卖盘
1171,10:29:42,13.16,--,8,10528,卖盘
1172,10:29:31,13.16,0.01,1,1316,买盘
1173,10:29:27,13.15,--,1,1315,卖盘
1174,10:29:22,13.15,-0.01,5,6575,卖盘
1175,10:29:16,13.16,0.01,9,11844,中性盘
1176,10:29:13,13.15,--,44,57860,卖盘
1177,10:28:57,13.15,--,18,23670,卖盘
1178,10:28:52,13.15,--,4,5260,买盘
1179,10:28:46,13.15,--,25,32875,买盘
1180,10:28:27,13.15,-0.03,149,195935,卖盘
1181,10:28:07,13.18,--,12,15816,卖盘
1182,10:28:01,13.18,--,5,6590,卖盘
1183,10:27:52,13.18,--,24,31632,卖盘
1184,10:27:46,13.18,--,21,27678,卖盘
1185,10:27:42,13.18,--,8,10544,卖盘
1186,10:27:31,13.18,-0.01,17,22406,卖盘
1187,10:27:16,13.19,--,1,1319,卖盘
1188,10:27:07,13.19,--,24,31656,卖盘
1189,10:26:57,13.19,--,1,1319,卖盘
1190,10:26:52,13.19,--,0,0,中性盘
1191,10:26:46,13.19,--,6,7914,卖盘
1192,10:26:27,13.19,0.01,9,11871,中性盘
1193,10:26:22,13.18,-0.01,25,32950,卖盘
1194,10:26:12,13.19,--,4,5276,卖盘
1195,10:26:07,13.19,--,4,5276,买盘
1196,10:26:01,13.19,0.01,4,5276,买盘
1197,10:25:42,13.18,-0.01,19,25042,卖盘
1198,10:25:37,13.19,--,3,3957,卖盘
1199,10:25:31,13.19,-0.01,34,44846,买盘
1200,10:25:27,13.2,0.01,10,13200,买盘
1201,10:25:22,13.19,--,27,35613,卖盘
1202,10:25:01,13.19,-0.01,14,18466,卖盘
1203,10:24:57,13.2,--,0,0,卖盘
1204,10:24:46,13.2,-0.01,9,11880,卖盘
1205,10:24:37,13.21,0.01,1,1321,卖盘
1206,10:24:27,13.2,--,0,0,卖盘
1207,10:24:22,13.2,--,34,44880,卖盘
1208,10:24:16,13.2,--,0,0,卖盘
1209,10:24:12,13.2,-0.01,10,13200,卖盘
1210,10:24:01,13.21,0.01,10,13210,买盘
1211,10:23:57,13.2,-0.01,15,19800,卖盘
1212,10:23:52,13.21,--,2,2642,买盘
1213,10:23:37,13.21,-0.01,14,18494,卖盘
1214,10:23:31,13.22,0.01,16,21152,买盘
1215,10:23:27,13.21,-0.01,1,1321,卖盘
1216,10:23:16,13.22,--,8,10576,卖盘
1217,10:23:01,13.22,-0.01,16,21152,卖盘
1218,10:22:46,13.23,--,79,104517,卖盘
1219,10:22:40,13.23,--,13,17199,卖盘
1220,10:22:37,13.23,--,1,1323,卖盘
1221,10:22:25,13.23,--,20,26460,卖盘
1222,10:22:16,13.23,--,48,63504,卖盘
1223,10:22:10,13.23,--,1,1323,卖盘
1224,10:22:07,13.23,--,3,3969,卖盘
1225,10:22:01,13.23,-0.01,40,52920,卖盘
1226,10:21:55,13.24,--,1,1324,买盘
1227,10:21:37,13.24,--,36,48405,卖盘
1228,10:21:31,13.24,--,108,142992,卖盘
1229,10:21:25,13.24,-0.01,2,2648,卖盘
1230,10:21:21,13.25,0.01,18,23850,买盘
1231,10:21:16,13.24,--,164,217136,卖盘
1232,10:21:01,13.24,--,77,101948,卖盘
1233,10:20:55,13.24,--,8,10592,卖盘
1234,10:20:51,13.24,--,9,13160,卖盘
1235,10:20:46,13.24,--,9,11916,卖盘
1236,10:20:31,13.24,--,77,101948,卖盘
1237,10:20:21,13.24,-0.01,2,2648,卖盘
1238,10:20:16,13.25,--,8,10600,买盘
1239,10:20:01,13.25,0.01,2,2650,买盘
1240,10:19:46,13.24,-0.01,12,15888,卖盘
1241,10:19:36,13.25,--,21,27825,买盘
1242,10:19:31,13.25,0.01,13,17225,买盘
1243,10:19:25,13.24,--,2,2648,卖盘
1244,10:19:16,13.24,-0.01,43,56932,卖盘
1245,10:18:55,13.25,--,5,6625,买盘
1246,10:18:36,13.25,--,39,52337,卖盘
1247,10:18:31,13.25,-0.01,2,2650,卖盘
1248,10:18:25,13.26,0.01,18,23868,买盘
1249,10:18:10,13.25,-0.01,126,166950,卖盘
1250,10:17:55,13.26,-0.01,5,6630,卖盘
1251,10:17:51,13.27,0.01,6,7962,买盘
1252,10:17:45,13.26,--,10,13260,卖盘
1253,10:17:36,13.26,0.01,15,19890,买盘
1254,10:17:31,13.25,--,4,5300,卖盘
1255,10:17:25,13.25,--,2,2650,卖盘
1256,10:17:21,13.25,-0.01,10,13250,卖盘
1257,10:17:16,13.26,--,26,34476,买盘
1258,10:17:10,13.26,--,4,5304,买盘
1259,10:16:55,13.26,--,10,13260,买盘
1260,10:16:51,13.26,0.01,4,5304,买盘
1261,10:16:40,13.25,-0.01,89,117925,卖盘
1262,10:16:36,13.26,--,10,13260,买盘
1263,10:16:30,13.26,0.01,98,129948,买盘
1264,10:16:10,13.25,-0.01,36,47700,卖盘
1265,10:16:04,13.26,0.01,2,2652,买盘
1266,10:16:00,13.25,--,7,9275,卖盘
1267,10:15:55,13.25,--,3,3975,卖盘
1268,10:15:40,13.25,--,1,1325,卖盘
1269,10:15:15,13.25,--,1,1325,卖盘
1270,10:15:00,13.25,--,3,3975,卖盘
1271,10:14:45,13.25,--,1,1325,卖盘
1272,10:14:30,13.25,--,5,6625,卖盘
1273,10:14:10,13.25,0.01,175,232537,买盘
1274,10:14:00,13.24,-0.01,9,11916,卖盘
1275,10:13:49,13.25,--,2,2650,买盘
1276,10:13:40,13.25,0.01,14,18550,买盘
1277,10:13:10,13.24,-0.01,4,5296,卖盘
1278,10:13:04,13.25,--,25,33787,卖盘
1279,10:12:49,13.25,--,3,3975,卖盘
1280,10:12:40,13.25,-0.01,1,1987,卖盘
1281,10:12:34,13.26,0.02,10,13260,卖盘
1282,10:12:25,13.24,--,0,0,卖盘
1283,10:12:19,13.24,-0.02,2,2648,卖盘
1284,10:12:10,13.26,--,74,98124,买盘
1285,10:12:04,13.26,0.01,50,66300,买盘
1286,10:12:00,13.25,-0.01,8,11262,卖盘
1287,10:11:55,13.26,0.01,10,13260,买盘
1288,10:11:49,13.25,-0.01,2,2650,卖盘
1289,10:11:34,13.26,-0.01,44,58344,卖盘
1290,10:11:30,13.27,0.01,5,6635,买盘
1291,10:11:25,13.26,--,10,13260,卖盘
1292,10:11:19,13.26,0.01,2,2652,卖盘
1293,10:11:04,13.25,-0.02,4,5300,卖盘
1294,10:10:55,13.27,0.02,10,13270,买盘
1295,10:10:49,13.25,-0.01,53,70225,卖盘
1296,10:10:34,13.26,0.01,5,6630,买盘
1297,10:10:25,13.25,-0.03,15,19875,卖盘
1298,10:10:19,13.28,0.01,100,132800,买盘
1299,10:10:10,13.27,--,30,39810,买盘
1300,10:10:04,13.27,--,1,1327,买盘
1301,10:10:00,13.27,0.02,68,90236,买盘
1302,10:09:55,13.25,--,0,0,卖盘
1303,10:09:49,13.25,-0.02,2,2650,卖盘
1304,10:09:45,13.27,0.02,20,26540,买盘
1305,10:09:40,13.25,-0.02,2,2650,卖盘
1306,10:09:34,13.27,0.01,72,95544,买盘
1307,10:09:30,13.26,--,18,24703,卖盘
1308,10:09:19,13.26,--,2,2652,卖盘
1309,10:09:04,13.26,0.01,17,23032,买盘
1310,10:09:00,13.25,0.01,13,17887,买盘
1311,10:08:54,13.24,--,22,29128,卖盘
1312,10:08:45,13.24,-0.01,3,3972,卖盘
1313,10:08:39,13.25,--,11,15237,买盘
1314,10:08:25,13.25,0.01,236,312700,买盘
1315,10:08:19,13.24,--,77,101948,卖盘
1316,10:08:15,13.24,0.01,88,116512,买盘
1317,10:08:09,13.23,-0.01,51,67473,卖盘
1318,10:08:04,13.24,--,90,119160,买盘
1319,10:07:54,13.24,0.01,6,7944,买盘
1320,10:07:34,13.23,-0.01,1,1323,卖盘
1321,10:07:24,13.24,0.01,23,30452,买盘
1322,10:07:19,13.23,--,3,3969,卖盘
1323,10:07:13,13.23,-0.01,16,21168,卖盘
1324,10:07:09,13.24,0.01,26,34424,买盘
1325,10:07:04,13.23,--,11,14553,卖盘
1326,10:06:54,13.23,--,1,1323,卖盘
1327,10:06:43,13.23,--,32,42336,卖盘
1328,10:06:34,13.23,--,30,39690,卖盘
1329,10:06:24,13.23,0.01,54,71442,买盘
1330,10:06:09,13.22,-0.01,15,19830,卖盘
1331,10:06:04,13.23,--,32,42336,买盘
1332,10:05:43,13.23,--,1,1323,买盘
1333,10:05:39,13.23,--,8,10584,卖盘
1334,10:05:19,13.23,-0.01,5,6615,卖盘
1335,10:05:04,13.24,--,49,64876,买盘
1336,10:04:43,13.24,--,3,3972,买盘
1337,10:04:34,13.24,0.01,2,2648,买盘
1338,10:04:23,13.23,--,4,5292,卖盘
1339,10:04:19,13.23,--,8,10584,卖盘
1340,10:04:13,13.23,-0.01,4,5292,卖盘
1341,10:03:58,13.24,0.01,105,139020,买盘
1342,10:03:54,13.23,--,10,13230,卖盘
1343,10:03:43,13.23,--,3,3969,卖盘
1344,10:03:39,13.23,--,50,66150,卖盘
1345,10:03:34,13.23,-0.01,35,46305,卖盘
1346,10:03:28,13.24,--,6,7944,买盘
1347,10:03:19,13.24,0.01,25,33100,买盘
1348,10:03:09,13.23,-0.01,5,6615,卖盘
1349,10:03:04,13.24,--,9,11916,买盘
1350,10:02:58,13.24,0.01,2,2648,买盘
1351,10:02:49,13.23,-0.01,4,5292,卖盘
1352,10:02:43,13.24,0.01,4,5296,买盘
1353,10:02:39,13.23,--,5,6615,卖盘
1354,10:02:34,13.23,--,53,70119,卖盘
1355,10:02:28,13.23,--,1,1323,卖盘
1356,10:02:24,13.23,--,1,1323,卖盘
1357,10:02:13,13.23,--,2,2646,卖盘
1358,10:02:09,13.23,--,10,13230,卖盘
1359,10:02:04,13.23,-0.01,7,9261,卖盘
1360,10:01:58,13.24,0.01,16,21184,买盘
1361,10:01:48,13.23,-0.01,3,3969,卖盘
1362,10:01:43,13.24,0.01,1,1324,买盘
1363,10:01:33,13.23,--,17,22491,卖盘
1364,10:01:28,13.23,--,3,3969,卖盘
1365,10:01:23,13.23,--,23,30429,卖盘
1366,10:01:13,13.23,-0.01,2,2646,卖盘
1367,10:00:58,13.24,--,5,6620,买盘
1368,10:00:48,13.24,-0.01,31,41044,卖盘
1369,10:00:43,13.25,0.01,160,212000,买盘
1370,10:00:39,13.24,--,161,213164,卖盘
1371,10:00:33,13.24,--,2,2648,卖盘
1372,10:00:28,13.24,-0.01,60,79440,卖盘
1373,10:00:23,13.25,0.01,20,26500,买盘
1374,10:00:18,13.24,--,30,39720,卖盘
1375,10:00:13,13.24,--,2,2648,卖盘
1376,10:00:03,13.24,-0.01,5,6620,卖盘
1377,09:59:58,13.25,0.01,10,13250,买盘
1378,09:59:54,13.24,--,19,25156,卖盘
1379,09:59:37,13.24,--,15,19860,卖盘
1380,09:59:33,13.24,--,4,5296,卖盘
1381,09:59:28,13.24,-0.01,134,177416,卖盘
1382,09:59:18,13.25,0.01,22,29150,买盘
1383,09:59:13,13.24,--,9,11916,卖盘
1384,09:59:07,13.24,--,5,6620,卖盘
1385,09:59:03,13.24,-0.01,20,26480,卖盘
1386,09:58:58,13.25,0.01,3,3975,买盘
1387,09:58:48,13.24,-0.01,10,13240,卖盘
1388,09:58:28,13.25,--,223,296137,卖盘
1389,09:58:07,13.25,-0.01,11,14575,卖盘
1390,09:58:03,13.26,0.01,12,15912,买盘
1391,09:57:58,13.25,--,44,58300,卖盘
1392,09:57:52,13.25,--,20,26500,卖盘
1393,09:57:48,13.25,--,17,22525,卖盘
1394,09:57:43,13.25,--,7,9275,卖盘
1395,09:57:33,13.25,--,15,19875,卖盘
1396,09:57:18,13.25,-0.01,4,5300,卖盘
1397,09:57:07,13.26,--,4,5304,卖盘
1398,09:56:58,13.26,--,10,13260,卖盘
1399,09:56:52,13.26,--,10,13260,卖盘
1400,09:56:48,13.26,0.01,50,66300,买盘
1401,09:56:43,13.25,-0.01,20,26500,卖盘
1402,09:56:37,13.26,0.01,30,39780,买盘
1403,09:56:28,13.25,--,0,0,卖盘
1404,09:56:22,13.25,-0.01,40,53000,卖盘
1405,09:56:17,13.26,--,9,11934,卖盘
1406,09:56:13,13.26,--,30,39780,卖盘
1407,09:56:07,13.26,-0.01,104,137904,卖盘
1408,09:56:03,13.27,0.01,2,2654,买盘
1409,09:55:58,13.26,--,20,26520,卖盘
1410,09:55:48,13.26,--,3,3978,卖盘
1411,09:55:43,13.26,--,334,442884,卖盘
1412,09:55:32,13.26,--,10,13260,卖盘
1413,09:55:28,13.26,--,34,45084,卖盘
1414,09:55:22,13.26,-0.01,14,18564,卖盘
1415,09:55:13,13.27,--,62,82274,卖盘
1416,09:55:07,13.27,-0.01,3,3981,卖盘
1417,09:55:03,13.28,--,46,61088,买盘
1418,09:54:58,13.28,--,2,2656,买盘
1419,09:54:48,13.28,0.01,14,18592,买盘
1420,09:54:42,13.27,-0.01,43,57061,卖盘
1421,09:54:37,13.28,--,37,49136,买盘
1422,09:54:27,13.28,0.01,30,39840,买盘
1423,09:54:12,13.27,--,11,14597,买盘
1424,09:54:07,13.27,--,7,9289,买盘
1425,09:54:02,13.27,0.01,10,13270,买盘
1426,09:53:57,13.26,--,11,14586,卖盘
1427,09:53:52,13.26,-0.01,10,13260,卖盘
1428,09:53:42,13.27,--,7,9289,买盘
1429,09:53:22,13.27,--,16,21232,卖盘
1430,09:53:18,13.27,--,65,86255,卖盘
1431,09:53:12,13.27,-0.02,16,21232,卖盘
1432,09:53:07,13.29,--,34,45186,买盘
1433,09:53:03,13.29,0.03,15,19935,买盘
1434,09:52:57,13.26,--,46,60996,卖盘
1435,09:52:52,13.26,-0.01,23,30498,卖盘
1436,09:52:47,13.27,0.01,31,41137,中性盘
1437,09:52:37,13.26,--,756,1002456,卖盘
1438,09:52:27,13.26,--,29,38454,卖盘
1439,09:52:22,13.26,0.01,235,311610,买盘
1440,09:52:18,13.25,-0.01,1,1325,卖盘
1441,09:52:12,13.26,--,20,26520,买盘
1442,09:52:07,13.26,--,128,169728,卖盘
1443,09:52:02,13.26,--,8,10608,卖盘
1444,09:51:57,13.26,--,5,6630,卖盘
1445,09:51:52,13.26,-0.02,13,17238,卖盘
1446,09:51:46,13.28,0.01,20,26560,买盘
1447,09:51:42,13.27,--,20,26540,买盘
1448,09:51:37,13.27,--,26,34502,买盘
1449,09:51:31,13.27,0.01,20,26540,买盘
1450,09:51:27,13.26,--,10,13260,卖盘
1451,09:51:22,13.26,-0.01,103,136578,卖盘
1452,09:51:16,13.27,--,11,14597,卖盘
1453,09:51:12,13.27,--,99,131373,买盘
1454,09:51:07,13.27,-0.01,1,1327,中性盘
1455,09:50:57,13.28,0.02,35,46480,买盘
1456,09:50:52,13.26,--,49,64974,卖盘
1457,09:50:42,13.26,0.01,27,35802,买盘
1458,09:50:37,13.25,--,16,21200,卖盘
1459,09:50:27,13.25,--,4,5300,卖盘
1460,09:50:22,13.25,0.02,24,32462,买盘
1461,09:50:16,13.23,--,126,166698,卖盘
1462,09:50:01,13.23,--,34,44982,买盘
1463,09:49:57,13.23,0.01,15,19845,买盘
1464,09:49:52,13.22,0.01,87,115014,买盘
1465,09:49:42,13.21,0.01,18,23778,买盘
1466,09:49:31,13.2,0.01,242,320430,买盘
1467,09:49:27,13.19,-0.01,3,3957,卖盘
1468,09:49:22,13.2,0.01,15,19800,买盘
1469,09:49:16,13.19,0.01,26,34294,买盘
1470,09:49:07,13.18,-0.01,307,404626,卖盘
1471,09:49:01,13.19,0.02,24,31656,买盘
1472,09:48:57,13.17,-0.01,5,6585,卖盘
1473,09:48:52,13.18,--,4,5272,买盘
1474,09:48:46,13.18,--,38,50084,买盘
1475,09:48:42,13.18,0.01,15,19770,买盘
1476,09:48:37,13.17,0.01,132,173844,买盘
1477,09:48:31,13.16,--,18,23688,卖盘
1478,09:48:27,13.16,--,20,26320,买盘
1479,09:48:22,13.16,--,13,17108,买盘
1480,09:48:12,13.16,--,0,0,中性盘
1481,09:48:06,13.16,--,10,13160,卖盘
1482,09:48:01,13.16,--,38,50008,卖盘
1483,09:47:56,13.16,--,15,19740,卖盘
1484,09:47:50,13.16,--,13,17108,卖盘
1485,09:47:46,13.16,0.01,255,335580,买盘
1486,09:47:41,13.15,--,5,6575,买盘
1487,09:47:36,13.15,--,11,14465,买盘
1488,09:47:20,13.15,-0.02,351,461565,卖盘
1489,09:47:16,13.17,0.01,63,82971,买盘
1490,09:47:11,13.16,--,3,3948,卖盘
1491,09:47:06,13.16,--,5,6580,卖盘
1492,09:47:01,13.16,--,42,55272,卖盘
1493,09:46:56,13.16,--,4,5264,卖盘
1494,09:46:50,13.16,-0.01,2,2632,卖盘
1495,09:46:46,13.17,--,20,26340,买盘
1496,09:46:41,13.17,0.01,5,6585,买盘
1497,09:46:36,13.16,--,12,15792,卖盘
1498,09:46:31,13.16,--,20,26320,卖盘
1499,09:46:26,13.16,-0.01,30,39480,卖盘
1500,09:46:21,13.17,0.01,28,36876,买盘
1501,09:46:16,13.16,-0.01,3,3948,卖盘
1502,09:46:11,13.17,--,15,19755,卖盘
1503,09:46:05,13.17,--,40,52680,卖盘
1504,09:46:01,13.17,-0.01,1,1317,卖盘
1505,09:45:56,13.18,0.01,10,13180,买盘
1506,09:45:51,13.17,--,31,40827,卖盘
1507,09:45:46,13.17,--,4,5268,卖盘
1508,09:45:36,13.17,--,5,6585,卖盘
1509,09:45:21,13.17,--,124,163308,卖盘
1510,09:45:11,13.17,--,12,15804,卖盘
1511,09:45:01,13.17,--,40,52680,卖盘
1512,09:44:50,13.17,--,2,2634,卖盘
1513,09:44:46,13.17,--,137,180429,卖盘
1514,09:44:41,13.17,-0.01,30,39510,卖盘
1515,09:44:31,13.18,0.01,107,141026,买盘
1516,09:44:25,13.17,--,6,7902,卖盘
1517,09:44:21,13.17,-0.01,16,21072,卖盘
1518,09:44:16,13.18,--,1,1318,买盘
1519,09:44:06,13.18,--,31,40858,买盘
1520,09:44:01,13.18,--,33,43494,卖盘
1521,09:43:55,13.18,-0.01,128,168704,卖盘
1522,09:43:36,13.19,0.01,35,46165,买盘
1523,09:43:31,13.18,--,111,146298,卖盘
1524,09:43:21,13.18,--,52,68536,卖盘
1525,09:43:16,13.18,-0.01,4,5272,卖盘
1526,09:43:10,13.19,--,2,2638,买盘
1527,09:43:06,13.19,--,15,19785,买盘
1528,09:43:01,13.19,--,56,73864,卖盘
1529,09:42:50,13.19,0.01,1,1319,买盘
1530,09:42:46,13.18,-0.01,26,34268,卖盘
1531,09:42:36,13.19,--,1,1319,卖盘
1532,09:42:31,13.19,-0.01,2,2638,中性盘
1533,09:42:25,13.2,0.01,53,69960,买盘
1534,09:42:21,13.19,0.01,14,18466,买盘
1535,09:42:16,13.18,-0.01,4,5272,卖盘
1536,09:42:05,13.19,-0.01,9,11871,卖盘
1537,09:42:01,13.2,0.01,5,6600,买盘
1538,09:41:55,13.19,--,7,9233,卖盘
1539,09:41:50,13.19,-0.01,10,13190,卖盘
1540,09:41:40,13.2,0.01,5,6600,买盘
1541,09:41:31,13.19,--,7,9233,卖盘
1542,09:41:15,13.19,0.01,15,19785,中性盘
1543,09:41:10,13.18,--,14,18452,卖盘
1544,09:41:00,13.18,--,4,5272,卖盘
1545,09:40:55,13.18,--,23,30314,卖盘
1546,09:40:50,13.18,-0.02,31,40858,卖盘
1547,09:40:45,13.2,0.02,3,3960,买盘
1548,09:40:35,13.18,--,20,26360,卖盘
1549,09:40:25,13.18,--,9,11862,卖盘
1550,09:40:10,13.18,-0.02,7,9226,中性盘
1551,09:40:05,13.2,0.02,16,21120,买盘
1552,09:39:55,13.18,0.01,10,13180,中性盘
1553,09:39:50,13.17,--,0,0,卖盘
1554,09:39:45,13.17,-0.01,9,11853,卖盘
1555,09:39:40,13.18,--,160,210880,卖盘
1556,09:39:35,13.18,--,14,18452,卖盘
1557,09:39:29,13.18,--,15,19770,卖盘
1558,09:39:25,13.18,--,40,52720,卖盘
1559,09:39:15,13.18,-0.02,11,14498,卖盘
1560,09:39:00,13.2,-0.01,2,2640,卖盘
1561,09:38:50,13.21,0.01,10,13210,买盘
1562,09:38:45,13.2,--,22,29040,买盘
1563,09:38:40,13.2,--,2,2640,卖盘
1564,09:38:35,13.2,-0.01,15,19800,卖盘
1565,09:38:30,13.21,0.03,20,26420,买盘
1566,09:38:25,13.18,--,18,23724,卖盘
1567,09:38:15,13.18,-0.02,23,30314,卖盘
1568,09:38:10,13.2,0.02,68,89760,买盘
1569,09:38:05,13.18,0.01,15,19770,卖盘
1570,09:38:00,13.17,--,0,0,卖盘
1571,09:37:55,13.17,--,231,304227,卖盘
1572,09:37:50,13.17,-0.03,70,92190,卖盘
1573,09:37:45,13.2,--,109,143880,买盘
1574,09:37:40,13.2,0.02,105,138600,买盘
1575,09:37:30,13.18,-0.01,44,57992,卖盘
1576,09:37:25,13.19,--,46,60674,卖盘
1577,09:37:20,13.19,-0.01,5,6595,卖盘
1578,09:37:14,13.2,--,10,13200,买盘
1579,09:37:10,13.2,--,100,132000,卖盘
1580,09:37:05,13.2,-0.01,5,6600,卖盘
1581,09:37:00,13.21,--,30,39630,买盘
1582,09:36:55,13.21,--,10,13210,买盘
1583,09:36:49,13.21,-0.01,83,109643,卖盘
1584,09:36:45,13.22,0.01,22,29084,买盘
1585,09:36:40,13.21,--,3,3963,卖盘
1586,09:36:34,13.21,-0.02,6,7926,卖盘
1587,09:36:30,13.23,-0.01,6,7938,卖盘
1588,09:36:25,13.24,--,110,145640,买盘
1589,09:36:19,13.24,0.02,11,14564,买盘
1590,09:36:15,13.22,-0.02,100,132200,卖盘
1591,09:36:10,13.24,--,3,3972,买盘
1592,09:36:04,13.24,--,11,14564,卖盘
1593,09:36:00,13.24,--,57,75468,卖盘
1594,09:35:55,13.24,--,6,7944,卖盘
1595,09:35:49,13.24,--,6,7944,卖盘
1596,09:35:45,13.24,-0.01,30,39720,卖盘
1597,09:35:30,13.25,0.03,97,128525,买盘
1598,09:35:24,13.22,-0.02,129,170538,卖盘
1599,09:35:19,13.24,0.01,8,10592,买盘
1600,09:35:15,13.23,--,15,19845,卖盘
1601,09:35:00,13.23,--,6,7938,买盘
1602,09:34:55,13.23,--,95,125685,买盘
1603,09:34:45,13.23,--,5,6615,买盘
1604,09:34:29,13.23,--,15,19845,卖盘
1605,09:34:24,13.23,--,6,7938,卖盘
1606,09:34:19,13.23,--,2,2646,卖盘
1607,09:34:14,13.23,--,1,1323,买盘
1608,09:34:09,13.23,0.02,30,39690,买盘
1609,09:34:04,13.21,--,8,10568,卖盘
1610,09:33:54,13.21,--,5,6605,卖盘
1611,09:33:49,13.21,--,57,75297,卖盘
1612,09:33:44,13.21,-0.02,22,29062,卖盘
1613,09:33:34,13.23,0.02,111,146853,买盘
1614,09:33:24,13.21,--,7,9247,卖盘
1615,09:33:19,13.21,--,7,9247,买盘
1616,09:33:14,13.21,--,2,2642,买盘
1617,09:33:09,13.21,0.01,58,76618,买盘
1618,09:33:04,13.2,-0.01,12,15840,卖盘
1619,09:32:59,13.21,--,84,110964,卖盘
1620,09:32:49,13.21,--,4,5284,卖盘
1621,09:32:39,13.21,--,5,6605,卖盘
1622,09:32:34,13.21,0.01,114,150594,中性盘
1623,09:32:24,13.2,-0.05,26,34320,卖盘
1624,09:32:19,13.25,-0.01,99,131175,卖盘
1625,09:32:14,13.26,-0.01,2,2652,卖盘
1626,09:32:09,13.27,--,15,19905,买盘
1627,09:32:04,13.27,--,89,118103,卖盘
1628,09:31:59,13.27,--,112,148624,卖盘
1629,09:31:54,13.27,-0.01,14,18578,卖盘
1630,09:31:49,13.28,--,19,25232,买盘
1631,09:31:44,13.28,--,36,47808,卖盘
1632,09:31:39,13.28,-0.02,97,128816,卖盘
1633,09:31:34,13.3,0.02,11,14630,买盘
1634,09:31:24,13.28,-0.02,41,54448,卖盘
1635,09:31:19,13.3,--,17,22610,买盘
1636,09:31:09,13.3,--,96,127680,卖盘
1637,09:31:04,13.3,0.03,66,87780,买盘
1638,09:30:59,13.27,-0.04,20,26540,卖盘
1639,09:30:54,13.31,0.01,41,54571,中性盘
1640,09:30:49,13.3,-0.02,16,21280,卖盘
1641,09:30:39,13.32,--,7,9324,卖盘
1642,09:30:34,13.32,0.05,9,11988,买盘
1643,09:30:29,13.27,--,0,0,卖盘
1644,09:30:24,13.27,-0.03,1,1327,卖盘
1645,09:30:14,13.3,0.03,8,10640,买盘
1646,09:30:09,13.27,-0.02,200,265400,卖盘
1647,09:30:04,13.29,0.02,117,155493,买盘
1648,09:28:55,13.27,--,0,0,买盘
1649,09:25:01,13.27,13.27,57,75639,买盘
