,time,price,change,volume,amount,type
0,15:00:00,3.55,--,0,0,买盘
1,15:00:00,3.55,--,0,0,买盘
2,14:59:59,3.55,0.01,163,57865,买盘
3,14:59:54,3.54,-0.01,20,7080,卖盘
4,14:59:44,3.55,0.01,2094,743370,买盘
5,14:59:38,3.54,-0.01,93,32922,卖盘
6,14:59:29,3.55,0.01,5,1775,买盘
7,14:59:23,3.54,--,100,35400,卖盘
8,14:59:19,3.54,-0.01,56,19824,卖盘
9,14:59:14,3.55,0.01,39,13845,买盘
10,14:59:08,3.54,-0.01,100,35400,卖盘
11,14:58:54,3.55,--,2,710,买盘
12,14:58:44,3.55,--,444,157620,买盘
13,14:58:39,3.55,0.01,1,355,买盘
14,14:58:29,3.54,--,203,71862,卖盘
15,14:58:23,3.54,-0.01,131,46374,卖盘
16,14:58:09,3.55,--,1,355,买盘
17,14:57:59,3.55,--,1,355,买盘
18,14:57:47,3.55,--,62,22010,买盘
19,14:57:44,3.55,--,1,355,买盘
20,14:57:39,3.55,--,70,24850,买盘
21,14:57:24,3.55,0.01,46,16330,买盘
22,14:57:14,3.54,-0.01,100,35400,卖盘
23,14:57:03,3.55,0.01,2,710,买盘
24,14:56:57,3.54,-0.01,15,5310,卖盘
25,14:56:54,3.55,--,75,26625,买盘
26,14:56:47,3.55,0.01,82,29110,买盘
27,14:56:41,3.54,-0.01,8,2832,卖盘
28,14:56:38,3.55,--,3,1065,买盘
29,14:56:32,3.55,0.01,153,54315,买盘
30,14:56:23,3.54,-0.01,14,4956,卖盘
31,14:56:11,3.55,--,4,1420,买盘
32,14:56:08,3.55,0.01,109,38695,买盘
33,14:56:02,3.54,-0.01,1173,415242,卖盘
34,14:55:56,3.55,0.01,352,124960,买盘
35,14:55:48,3.54,--,13,4602,卖盘
36,14:55:38,3.54,-0.01,6,2124,卖盘
37,14:55:33,3.55,--,935,331925,买盘
38,14:55:27,3.55,0.01,47,16685,买盘
39,14:55:23,3.54,-0.01,406,143724,卖盘
40,14:55:18,3.55,0.01,1,355,买盘
41,14:55:02,3.54,-0.01,22,7788,卖盘
42,14:54:56,3.55,0.01,12,4260,买盘
43,14:54:53,3.54,--,316,111864,卖盘
44,14:54:47,3.54,-0.01,54,19116,卖盘
45,14:54:38,3.55,0.01,2,710,买盘
46,14:54:33,3.54,-0.01,218,77172,卖盘
47,14:54:28,3.55,0.01,811,287905,买盘
48,14:54:23,3.54,-0.01,29,10266,卖盘
49,14:54:18,3.55,0.01,156,55380,买盘
50,14:54:12,3.54,-0.01,13,4602,卖盘
51,14:54:08,3.55,0.01,5,1775,买盘
52,14:54:02,3.54,--,23,8142,卖盘
53,14:53:56,3.54,-0.01,23,8142,卖盘
54,14:53:52,3.55,--,60,21300,买盘
55,14:53:47,3.55,--,40,14200,买盘
56,14:53:38,3.55,--,511,181405,买盘
57,14:53:32,3.55,0.01,6,2130,买盘
58,14:53:26,3.54,--,6,2124,卖盘
59,14:53:23,3.54,-0.01,13,4602,卖盘
60,14:53:17,3.55,--,359,127445,买盘
61,14:53:11,3.55,0.01,5,1775,买盘
62,14:53:02,3.54,-0.01,18,6372,卖盘
63,14:52:57,3.55,0.01,21,7455,买盘
64,14:52:47,3.54,-0.01,13,4602,卖盘
65,14:52:41,3.55,--,25,8875,买盘
66,14:52:38,3.55,0.01,925,328375,买盘
67,14:52:32,3.54,-0.01,72,25488,卖盘
68,14:52:26,3.55,0.01,44,15620,买盘
69,14:52:23,3.54,-0.01,12,4248,卖盘
70,14:52:12,3.55,--,40,14200,买盘
71,14:52:08,3.55,0.01,141,50055,买盘
72,14:52:03,3.54,-0.01,2065,731010,卖盘
73,14:51:56,3.55,--,12,4260,买盘
74,14:51:53,3.55,--,33,11715,买盘
75,14:51:47,3.55,--,446,158330,买盘
76,14:51:41,3.55,0.01,23,8165,买盘
77,14:51:26,3.54,-0.01,6,2124,卖盘
78,14:51:23,3.55,--,260,92300,买盘
79,14:51:18,3.55,0.01,1199,425645,买盘
80,14:51:12,3.54,--,200,70800,卖盘
81,14:51:03,3.54,-0.01,1006,356124,卖盘
82,14:50:57,3.55,--,12,4260,买盘
83,14:50:48,3.55,0.01,466,165430,买盘
84,14:50:26,3.54,-0.01,6,2124,卖盘
85,14:50:18,3.55,--,394,139870,买盘
86,14:50:11,3.55,0.01,339,120345,买盘
87,14:50:05,3.54,-0.01,339,120006,卖盘
88,14:50:02,3.55,--,321,113955,买盘
89,14:49:56,3.55,0.01,12,4260,买盘
90,14:49:50,3.54,-0.01,11,3894,卖盘
91,14:49:41,3.55,--,786,279030,买盘
92,14:49:32,3.55,0.01,6,2130,买盘
93,14:49:27,3.54,-0.01,7,2478,卖盘
94,14:49:17,3.55,0.01,18,6390,买盘
95,14:49:12,3.54,-0.01,683,241782,卖盘
96,14:49:06,3.55,--,55,19525,买盘
97,14:49:02,3.55,--,101,35855,买盘
98,14:48:56,3.55,--,22,7810,买盘
99,14:48:51,3.55,--,28,9940,买盘
100,14:48:47,3.55,--,50,17750,买盘
101,14:48:41,3.55,--,70,24850,买盘
102,14:48:32,3.55,0.01,19,6745,买盘
103,14:48:27,3.54,-0.01,46,16284,卖盘
104,14:48:17,3.55,--,721,255955,买盘
105,14:48:05,3.55,--,41,14555,买盘
106,14:48:02,3.55,--,154,54670,买盘
107,14:47:56,3.55,0.01,622,220810,买盘
108,14:47:47,3.54,-0.01,17,6018,卖盘
109,14:47:41,3.55,--,376,133480,买盘
110,14:47:32,3.55,0.01,6,2130,买盘
111,14:47:26,3.54,-0.01,245,86730,卖盘
112,14:47:21,3.55,--,188,66740,买盘
113,14:47:17,3.55,--,1067,378785,买盘
114,14:47:12,3.55,--,410,145550,买盘
115,14:47:06,3.55,0.01,5,1775,买盘
116,14:47:02,3.54,--,213,75402,卖盘
117,14:46:56,3.54,-0.01,56,19824,卖盘
118,14:46:41,3.55,--,369,130995,买盘
119,14:46:32,3.55,0.01,5,1775,买盘
120,14:46:27,3.54,-0.01,19,6726,卖盘
121,14:46:11,3.55,--,577,204835,买盘
122,14:46:02,3.55,--,116,41180,买盘
123,14:45:56,3.55,--,52,18460,买盘
124,14:45:47,3.55,0.01,8,2840,买盘
125,14:45:36,3.54,-0.01,5,1770,卖盘
126,14:45:32,3.55,--,16,5680,买盘
127,14:45:26,3.55,--,14,4970,买盘
128,14:45:20,3.55,0.01,48,17040,买盘
129,14:45:17,3.54,-0.01,20,7080,卖盘
130,14:45:11,3.55,--,1,355,买盘
131,14:45:02,3.55,0.01,11,3905,买盘
132,14:44:56,3.54,--,7,2478,卖盘
133,14:44:32,3.54,--,6,2124,卖盘
134,14:44:26,3.54,-0.01,106,37524,卖盘
135,14:44:17,3.55,0.01,171,60705,买盘
136,14:44:11,3.54,--,101,35754,卖盘
137,14:44:05,3.54,-0.01,12,4248,卖盘
138,14:44:01,3.55,--,30,10650,买盘
139,14:43:56,3.55,--,20,7100,买盘
140,14:43:35,3.55,--,19,6745,买盘
141,14:43:29,3.55,0.01,159,56445,买盘
142,14:43:26,3.54,-0.01,6,2124,卖盘
143,14:43:15,3.55,0.01,1,355,买盘
144,14:43:11,3.54,--,264,93456,卖盘
145,14:43:05,3.54,-0.01,13,4602,卖盘
146,14:42:56,3.55,0.01,16,5680,买盘
147,14:42:50,3.54,--,15,5310,卖盘
148,14:42:44,3.54,-0.01,118,41772,卖盘
149,14:42:41,3.55,--,21,7455,买盘
150,14:42:35,3.55,--,15,5325,买盘
151,14:42:26,3.55,--,479,170247,买盘
152,14:42:11,3.55,0.01,2,710,买盘
153,14:41:59,3.54,-0.01,9,3186,卖盘
154,14:41:56,3.55,0.01,12,4260,买盘
155,14:41:50,3.54,-0.01,72,25488,卖盘
156,14:41:46,3.55,--,54,19170,买盘
157,14:41:35,3.55,--,6,2130,买盘
158,14:41:26,3.55,--,132,46860,买盘
159,14:41:14,3.55,--,1,355,买盘
160,14:41:11,3.55,--,101,35855,买盘
161,14:41:05,3.55,0.01,13,4615,买盘
162,14:40:56,3.54,-0.01,6,2124,卖盘
163,14:40:50,3.55,--,865,307075,买盘
164,14:40:44,3.55,--,101,35855,买盘
165,14:40:35,3.55,0.01,45,15975,买盘
166,14:40:26,3.54,--,16,5664,卖盘
167,14:40:20,3.54,-0.01,17,6018,卖盘
168,14:40:14,3.55,--,575,204125,买盘
169,14:40:11,3.55,--,1,355,买盘
170,14:40:05,3.55,--,112,39760,买盘
171,14:39:56,3.55,--,13,4615,买盘
172,14:39:50,3.55,--,77,27335,买盘
173,14:39:45,3.55,0.01,91,32305,买盘
174,14:39:35,3.54,--,6,2124,卖盘
175,14:39:26,3.54,-0.01,9,3186,卖盘
176,14:39:20,3.55,--,45,15975,买盘
177,14:39:11,3.55,--,356,126380,买盘
178,14:39:05,3.55,0.01,13,4615,买盘
179,14:38:59,3.54,-0.01,25,8850,卖盘
180,14:38:56,3.55,--,42,14910,买盘
181,14:38:50,3.55,--,54,19170,买盘
182,14:38:41,3.55,--,91,32305,买盘
183,14:38:35,3.55,0.01,22,7810,买盘
184,14:38:26,3.54,--,7,2478,卖盘
185,14:38:20,3.54,-0.01,372,131688,卖盘
186,14:38:15,3.55,--,2,710,买盘
187,14:38:11,3.55,0.01,1,355,买盘
188,14:38:05,3.54,-0.01,16,5664,卖盘
189,14:37:56,3.55,--,61,21655,买盘
190,14:37:50,3.55,--,100,35500,买盘
191,14:37:46,3.55,--,91,32305,买盘
192,14:37:41,3.55,--,1,355,买盘
193,14:37:35,3.55,--,16,5680,买盘
194,14:37:29,3.55,0.01,72,25560,买盘
195,14:37:26,3.54,--,6,2124,卖盘
196,14:37:21,3.54,-0.01,500,177000,卖盘
197,14:37:14,3.55,--,8,2840,买盘
198,14:37:10,3.55,--,1,355,买盘
199,14:37:05,3.55,--,6,2130,买盘
200,14:36:59,3.55,--,104,36920,买盘
201,14:36:35,3.55,--,22,7810,买盘
202,14:36:29,3.55,0.01,23,8165,买盘
203,14:36:20,3.54,-0.01,500,177000,卖盘
204,14:36:14,3.55,--,15,5325,买盘
205,14:36:09,3.55,--,2,710,买盘
206,14:36:05,3.55,--,111,39405,买盘
207,14:35:59,3.55,0.01,26,9230,买盘
208,14:35:44,3.54,--,42,14868,卖盘
209,14:35:35,3.54,-0.01,57,20178,卖盘
210,14:35:29,3.55,0.01,10,3550,买盘
211,14:35:20,3.54,-0.01,500,177000,卖盘
212,14:35:14,3.55,--,246,87440,买盘
213,14:35:08,3.55,--,1,355,买盘
214,14:35:05,3.55,--,117,41535,买盘
215,14:35:00,3.55,--,102,36210,买盘
216,14:34:53,3.55,--,2,710,买盘
217,14:34:44,3.55,--,197,70045,买盘
218,14:34:36,3.55,0.01,6,2130,买盘
219,14:34:29,3.54,--,6,2124,卖盘
220,14:34:24,3.54,-0.01,500,177000,卖盘
221,14:34:20,3.55,--,574,203770,买盘
222,14:34:14,3.55,--,65,23075,买盘
223,14:34:08,3.55,0.01,99,35145,买盘
224,14:34:05,3.54,-0.01,33,11682,卖盘
225,14:33:59,3.55,--,21,7455,买盘
226,14:33:50,3.55,--,5,1775,买盘
227,14:33:38,3.55,--,50,17750,买盘
228,14:33:35,3.55,--,103,36565,买盘
229,14:33:29,3.55,0.01,246,87330,买盘
230,14:33:23,3.54,-0.01,100,35400,卖盘
231,14:33:20,3.55,--,42,14910,买盘
232,14:33:14,3.55,--,98,34790,买盘
233,14:33:08,3.55,--,197,70045,买盘
234,14:33:05,3.55,--,400,142000,买盘
235,14:32:59,3.55,0.01,221,78565,买盘
236,14:32:44,3.54,-0.01,10,3540,卖盘
237,14:32:35,3.55,--,14,4970,买盘
238,14:32:29,3.55,--,11,3905,买盘
239,14:32:25,3.55,--,408,145159,买盘
240,14:32:20,3.55,--,60,21300,买盘
241,14:32:14,3.55,--,223,79165,买盘
242,14:32:08,3.55,0.01,1,355,买盘
243,14:32:05,3.54,-0.01,50,17700,卖盘
244,14:31:59,3.55,--,279,99045,买盘
245,14:31:54,3.55,--,100,35500,买盘
246,14:31:50,3.55,--,23,8165,买盘
247,14:31:44,3.55,--,2336,829280,买盘
248,14:31:35,3.55,0.01,5,1775,买盘
249,14:31:29,3.54,-0.01,6,2124,卖盘
250,14:31:20,3.55,--,18,6390,买盘
251,14:31:14,3.55,--,148,52540,买盘
252,14:31:04,3.55,--,1015,360325,买盘
253,14:30:59,3.55,--,12,4260,买盘
254,14:30:50,3.55,--,170,60350,买盘
255,14:30:44,3.55,--,20,7100,买盘
256,14:30:35,3.55,--,43,15265,买盘
257,14:30:29,3.55,--,119,42245,买盘
258,14:30:20,3.55,--,191,67805,买盘
259,14:30:14,3.55,--,169,59995,买盘
260,14:30:08,3.55,--,1,355,买盘
261,14:30:05,3.55,--,6,2130,买盘
262,14:29:59,3.55,--,14,4970,买盘
263,14:29:50,3.55,--,200,71000,买盘
264,14:29:44,3.55,--,108,38340,买盘
265,14:29:38,3.55,--,1001,355355,买盘
266,14:29:34,3.55,--,83,29465,买盘
267,14:29:29,3.55,--,20,7100,买盘
268,14:29:14,3.55,--,116,41180,买盘
269,14:29:08,3.55,--,1,355,买盘
270,14:29:05,3.55,--,6,2130,买盘
271,14:28:58,3.55,--,21,7455,买盘
272,14:28:53,3.55,--,2900,1029500,买盘
273,14:28:49,3.55,--,200,71000,买盘
274,14:28:38,3.55,--,2336,829280,买盘
275,14:28:34,3.55,--,16,5680,买盘
276,14:28:29,3.55,--,575,204125,买盘
277,14:28:23,3.55,0.01,98,34790,买盘
278,14:28:13,3.54,-0.01,18,6372,卖盘
279,14:28:08,3.55,0.01,1,355,买盘
280,14:28:03,3.54,-0.01,10,3540,卖盘
281,14:27:59,3.55,0.01,62,22010,买盘
282,14:27:53,3.54,--,10,3540,卖盘
283,14:27:44,3.54,-0.01,20,7080,卖盘
284,14:27:38,3.55,--,73,25915,买盘
285,14:27:32,3.55,0.01,81,28755,买盘
286,14:27:23,3.54,-0.01,7,2478,卖盘
287,14:27:14,3.55,--,25,8875,买盘
288,14:27:08,3.55,--,5,1775,买盘
289,14:27:02,3.55,--,160,56800,买盘
290,14:26:59,3.55,0.01,6,2130,买盘
291,14:26:53,3.54,--,101,35754,卖盘
292,14:26:44,3.54,-0.01,17,6018,卖盘
293,14:26:33,3.55,--,11,3905,买盘
294,14:26:08,3.55,--,1,355,买盘
295,14:25:59,3.55,--,1,355,买盘
296,14:25:53,3.55,--,14,4970,买盘
297,14:25:44,3.55,0.01,10,3550,买盘
298,14:25:34,3.54,-0.01,15,5310,卖盘
299,14:25:29,3.55,--,40,14200,买盘
300,14:25:14,3.55,--,25,8875,买盘
301,14:25:08,3.55,0.01,1,355,买盘
302,14:25:02,3.54,-0.01,16,5664,卖盘
303,14:24:59,3.55,0.01,6,2130,买盘
304,14:24:49,3.54,-0.01,25,8850,卖盘
305,14:24:38,3.55,--,112,39760,买盘
306,14:24:29,3.55,--,63,22365,买盘
307,14:24:23,3.55,--,3,1065,买盘
308,14:24:08,3.55,0.01,2,710,买盘
309,14:24:02,3.54,--,13,4602,卖盘
310,14:23:59,3.54,--,13,4602,卖盘
311,14:23:52,3.54,--,500,177000,卖盘
312,14:23:32,3.54,-0.01,11,3894,卖盘
313,14:23:23,3.55,--,19,6745,买盘
314,14:23:08,3.55,0.01,1,355,买盘
315,14:23:02,3.54,--,23,8142,卖盘
316,14:22:38,3.54,-0.01,791,280357,卖盘
317,14:22:32,3.55,--,191,67805,买盘
318,14:22:23,3.55,--,66,23430,买盘
319,14:22:07,3.55,0.01,1,355,买盘
320,14:22:02,3.54,-0.01,16,5664,卖盘
321,14:21:59,3.55,0.01,245,87287,买盘
322,14:21:47,3.54,--,190,67260,卖盘
323,14:21:38,3.54,--,89,31506,卖盘
324,14:21:32,3.54,-0.01,19,6726,卖盘
325,14:21:17,3.55,--,18,6390,买盘
326,14:21:07,3.55,0.01,1,355,买盘
327,14:21:02,3.54,-0.01,208,73632,卖盘
328,14:20:41,3.55,--,50,17750,买盘
329,14:20:38,3.55,--,33,11715,买盘
330,14:20:32,3.55,--,1010,358550,买盘
331,14:20:26,3.55,--,30,10650,买盘
332,14:20:17,3.55,--,55,19525,买盘
333,14:20:08,3.55,0.01,7,2485,买盘
334,14:20:02,3.54,-0.01,6,2124,卖盘
335,14:19:58,3.55,--,6,2130,买盘
336,14:19:53,3.55,0.01,261,92655,买盘
337,14:19:47,3.54,-0.01,17,6018,卖盘
338,14:19:38,3.55,--,28,9940,买盘
339,14:19:31,3.55,0.01,20,7100,买盘
340,14:19:23,3.54,-0.01,85,30090,卖盘
341,14:19:17,3.55,--,8,2840,买盘
342,14:19:08,3.55,0.01,201,71355,买盘
343,14:19:02,3.54,--,118,41772,卖盘
344,14:18:53,3.54,-0.01,171,60534,卖盘
345,14:18:47,3.55,--,1,355,买盘
346,14:18:32,3.55,--,16,5680,买盘
347,14:18:23,3.55,0.01,15,5325,买盘
348,14:18:16,3.54,-0.01,8,2832,卖盘
349,14:18:08,3.55,--,1,355,买盘
350,14:18:02,3.55,--,12,4260,买盘
351,14:17:56,3.55,0.01,2,710,买盘
352,14:17:43,3.54,--,2,708,卖盘
353,14:17:38,3.54,--,33,11682,卖盘
354,14:17:32,3.54,-0.01,196,69384,卖盘
355,14:17:26,3.55,--,39,13845,买盘
356,14:17:23,3.55,0.01,65,23075,买盘
357,14:17:17,3.54,-0.01,265,93810,卖盘
358,14:17:08,3.55,--,36,12780,买盘
359,14:17:02,3.55,--,61,21655,买盘
360,14:16:57,3.55,0.01,10,3550,买盘
361,14:16:53,3.54,-0.01,14,4956,卖盘
362,14:16:46,3.55,--,169,59995,买盘
363,14:16:41,3.55,--,574,203770,买盘
364,14:16:32,3.55,--,40,14200,买盘
365,14:16:26,3.55,--,154,54670,买盘
366,14:16:17,3.55,--,319,113245,买盘
367,14:16:11,3.55,--,1,355,买盘
368,14:16:02,3.55,--,6,2130,买盘
369,14:15:56,3.55,--,13,4615,买盘
370,14:15:52,3.55,0.01,61,21655,买盘
371,14:15:32,3.54,-0.01,300,106200,卖盘
372,14:15:26,3.55,--,13,4615,买盘
373,14:15:17,3.55,--,58,20590,买盘
374,14:15:11,3.55,0.01,1,355,买盘
375,14:15:02,3.54,-0.01,52,18408,卖盘
376,14:14:56,3.55,--,1,355,买盘
377,14:14:50,3.55,--,150,53250,买盘
378,14:14:41,3.55,--,20,7100,买盘
379,14:14:32,3.55,--,5,1775,买盘
380,14:14:26,3.55,--,101,35855,买盘
381,14:14:17,3.55,--,1307,463985,买盘
382,14:14:11,3.55,0.01,5,1775,买盘
383,14:14:01,3.54,-0.01,38,13452,卖盘
384,14:13:56,3.55,--,229,81295,买盘
385,14:13:32,3.55,0.01,26,9230,买盘
386,14:13:26,3.54,-0.01,200,70800,卖盘
387,14:13:11,3.55,--,58,20590,买盘
388,14:13:05,3.55,0.01,430,152650,买盘
389,14:13:02,3.54,-0.01,440,155760,卖盘
390,14:12:56,3.55,--,6,2130,买盘
391,14:12:41,3.55,--,500,177500,买盘
392,14:12:32,3.55,--,5,1775,买盘
393,14:12:17,3.55,0.01,302,107210,买盘
394,14:12:11,3.54,--,246,87084,卖盘
395,14:12:02,3.54,--,19,6726,卖盘
396,14:11:50,3.54,-0.01,5,1770,卖盘
397,14:11:32,3.55,--,11,3905,买盘
398,14:11:11,3.55,--,1,355,买盘
399,14:11:02,3.55,--,11,3905,买盘
400,14:10:56,3.55,--,72,25560,买盘
401,14:10:47,3.55,0.01,574,203770,买盘
402,14:10:32,3.54,-0.01,10,3540,卖盘
403,14:10:17,3.55,--,66,23430,买盘
404,14:10:11,3.55,0.01,1,355,买盘
405,14:10:05,3.54,--,15,5310,卖盘
406,14:10:02,3.54,-0.01,60,21240,卖盘
407,14:09:46,3.55,--,32,11360,买盘
408,14:09:41,3.55,0.01,11,3905,买盘
409,14:09:16,3.54,-0.01,2500,885000,卖盘
410,14:09:11,3.55,0.01,1,355,买盘
411,14:09:05,3.54,--,15,5310,卖盘
412,14:09:00,3.54,-0.01,7,2478,卖盘
413,14:08:46,3.55,0.01,3,1065,买盘
414,14:08:41,3.54,--,66,23364,卖盘
415,14:08:35,3.54,-0.01,5,1770,卖盘
416,14:08:31,3.55,0.01,3,1065,买盘
417,14:08:26,3.54,--,103,36462,卖盘
418,14:08:11,3.54,-0.01,89,31506,卖盘
419,14:08:05,3.55,--,6,2130,买盘
420,14:08:01,3.55,0.01,6,2130,买盘
421,14:07:56,3.54,-0.01,2,708,卖盘
422,14:07:46,3.55,--,1115,395825,买盘
423,14:07:41,3.55,0.01,89,31595,买盘
424,14:07:34,3.54,-0.01,7,2478,卖盘
425,14:07:31,3.55,0.01,30,10650,买盘
426,14:07:26,3.54,-0.01,21,7434,卖盘
427,14:07:20,3.55,--,67,23785,买盘
428,14:07:11,3.55,--,50,17750,买盘
429,14:07:05,3.55,--,107,37985,买盘
430,14:07:01,3.55,0.01,6,2130,买盘
431,14:06:55,3.54,--,2,708,卖盘
432,14:06:50,3.54,-0.01,2,708,卖盘
433,14:06:41,3.55,0.01,21,7455,买盘
434,14:06:35,3.54,--,14,4956,卖盘
435,14:06:29,3.54,--,400,141600,卖盘
436,14:06:26,3.54,--,52,18408,卖盘
437,14:06:20,3.54,-0.01,12,4248,卖盘
438,14:06:15,3.55,--,53,18815,买盘
439,14:06:11,3.55,--,84,29820,买盘
440,14:06:05,3.55,--,2,710,买盘
441,14:05:59,3.55,0.01,6,2130,买盘
442,14:05:56,3.54,-0.01,33,11682,卖盘
443,14:05:50,3.55,--,1456,516880,买盘
444,14:05:35,3.55,--,10,3550,买盘
445,14:05:28,3.55,--,48,17040,买盘
446,14:05:26,3.55,--,6,2130,买盘
447,14:05:20,3.55,--,22,7810,买盘
448,14:05:11,3.55,--,25,8875,买盘
449,14:05:05,3.55,0.01,51,18105,买盘
450,14:04:56,3.54,--,577,204258,卖盘
451,14:04:49,3.54,-0.01,70,24780,卖盘
452,14:04:44,3.55,--,6,2130,买盘
453,14:04:41,3.55,--,58,20590,买盘
454,14:04:35,3.55,0.01,12,4260,买盘
455,14:04:26,3.54,-0.01,179,63366,卖盘
456,14:04:20,3.55,--,45,15975,买盘
457,14:04:11,3.55,0.01,1,355,买盘
458,14:04:05,3.54,--,63,22302,卖盘
459,14:03:59,3.54,--,6,2124,卖盘
460,14:03:56,3.54,--,53,18762,卖盘
461,14:03:50,3.54,--,10,3540,卖盘
462,14:03:40,3.54,-0.01,31,10974,卖盘
463,14:03:35,3.55,--,5,1775,买盘
464,14:03:29,3.55,0.01,14,4970,买盘
465,14:03:26,3.54,-0.01,3,1062,卖盘
466,14:03:09,3.55,--,1,355,买盘
467,14:03:05,3.55,0.01,6,2130,买盘
468,14:03:01,3.54,--,41,14514,卖盘
469,14:02:55,3.54,--,200,70800,卖盘
470,14:02:50,3.54,-0.01,28,9912,卖盘
471,14:02:44,3.55,0.01,318,112890,买盘
472,14:02:35,3.54,--,33,11682,卖盘
473,14:02:29,3.54,-0.01,1123,397864,卖盘
474,14:02:10,3.55,0.01,63,22365,买盘
475,14:02:05,3.54,-0.01,14,4956,卖盘
476,14:01:59,3.55,0.01,78,27690,买盘
477,14:01:50,3.54,--,14,4956,卖盘
478,14:01:44,3.54,--,1423,503742,卖盘
479,14:01:39,3.54,--,142,50268,卖盘
480,14:01:35,3.54,--,364,128856,卖盘
481,14:01:29,3.54,-0.01,16,5664,卖盘
482,14:01:25,3.55,--,21,7455,买盘
483,14:01:20,3.55,0.01,1,355,买盘
484,14:01:14,3.54,-0.01,67,23718,卖盘
485,14:01:10,3.55,0.01,2,710,买盘
486,14:01:05,3.54,--,13,4602,卖盘
487,14:00:59,3.54,-0.01,51,18054,卖盘
488,14:00:35,3.55,0.01,17,6035,买盘
489,14:00:20,3.54,-0.01,25,8850,卖盘
490,14:00:14,3.55,0.01,104,36920,买盘
491,14:00:10,3.54,--,605,214170,卖盘
492,14:00:05,3.54,-0.01,10,3540,卖盘
493,13:59:58,3.55,0.01,6,2130,买盘
494,13:59:55,3.54,-0.01,8,2832,卖盘
495,13:59:50,3.55,--,207,73485,买盘
496,13:59:44,3.55,0.01,19,6745,买盘
497,13:59:34,3.54,--,418,148315,卖盘
498,13:59:29,3.54,-0.01,217,77161,卖盘
499,13:59:20,3.55,0.01,15,5325,买盘
500,13:59:14,3.54,--,301,106554,卖盘
501,13:59:09,3.54,-0.01,89,31506,卖盘
502,13:59:05,3.55,--,69,24495,买盘
503,13:58:58,3.55,--,23,8165,买盘
504,13:58:53,3.55,0.01,290,102950,买盘
505,13:58:50,3.54,--,271,95965,卖盘
506,13:58:38,3.54,-0.01,30,10620,卖盘
507,13:58:35,3.55,--,10,3550,买盘
508,13:58:23,3.55,0.01,15,5325,买盘
509,13:58:20,3.54,--,114,40356,卖盘
510,13:58:14,3.54,-0.01,19,6726,卖盘
511,13:58:08,3.55,--,19,6745,买盘
512,13:58:04,3.55,--,6,2130,买盘
513,13:57:59,3.55,--,32,11360,买盘
514,13:57:50,3.55,--,11,3905,买盘
515,13:57:44,3.55,--,17,6035,买盘
516,13:57:38,3.55,--,23,8165,买盘
517,13:57:35,3.55,0.01,1083,384465,买盘
518,13:57:29,3.54,-0.01,8,2832,卖盘
519,13:57:20,3.55,--,196,69580,买盘
520,13:57:14,3.55,--,20,7100,买盘
521,13:57:08,3.55,0.01,1,355,买盘
522,13:57:05,3.54,--,67,23718,卖盘
523,13:56:59,3.54,--,519,183726,卖盘
524,13:56:44,3.54,-0.01,10,3540,卖盘
525,13:56:38,3.55,--,285,101175,买盘
526,13:56:28,3.55,--,35,12425,买盘
527,13:56:14,3.55,--,11,3905,买盘
528,13:56:08,3.55,0.01,1,355,买盘
529,13:56:03,3.54,-0.01,14,4956,卖盘
530,13:55:59,3.55,--,5,1775,买盘
531,13:55:53,3.55,0.01,18,6390,买盘
532,13:55:49,3.54,--,338,119652,卖盘
533,13:55:44,3.54,--,100,35400,卖盘
534,13:55:38,3.54,--,30,10620,卖盘
535,13:55:32,3.54,--,295,104430,卖盘
536,13:55:29,3.54,-0.01,18,6372,卖盘
537,13:55:23,3.55,--,20,7100,买盘
538,13:55:08,3.55,--,53,18815,买盘
539,13:55:03,3.55,0.01,6,2130,买盘
540,13:54:59,3.54,-0.01,91,32214,卖盘
541,13:54:38,3.55,0.01,20,7100,买盘
542,13:54:32,3.54,--,51,18054,卖盘
543,13:54:29,3.54,--,3,1062,卖盘
544,13:54:23,3.54,-0.01,1,354,卖盘
545,13:54:08,3.55,--,1,355,买盘
546,13:54:04,3.55,--,32,11360,买盘
547,13:53:59,3.55,--,94,33370,买盘
548,13:53:53,3.55,0.01,1,355,买盘
549,13:53:43,3.54,--,265,93810,卖盘
550,13:53:33,3.54,--,27,9558,卖盘
551,13:53:23,3.54,-0.01,10,3540,卖盘
552,13:53:14,3.55,--,6,2130,买盘
553,13:53:08,3.55,--,3,1065,买盘
554,13:53:04,3.55,--,107,37985,买盘
555,13:52:58,3.55,--,6,2130,买盘
556,13:52:52,3.55,--,30,10650,买盘
557,13:52:44,3.55,0.01,100,35500,买盘
558,13:52:38,3.54,-0.01,20,7080,卖盘
559,13:52:34,3.55,--,22,7810,买盘
560,13:52:14,3.55,--,17,6035,买盘
561,13:52:08,3.55,--,8,2840,买盘
562,13:51:58,3.55,0.01,6,2130,买盘
563,13:51:53,3.54,-0.01,2,708,卖盘
564,13:51:49,3.55,--,931,330505,买盘
565,13:51:44,3.55,--,18,6390,买盘
566,13:51:38,3.55,--,4,1420,买盘
567,13:51:33,3.55,--,1009,358195,买盘
568,13:51:29,3.55,--,6,2130,买盘
569,13:51:23,3.55,--,123,43665,买盘
570,13:51:17,3.55,--,18,6390,买盘
571,13:51:07,3.55,0.01,1,355,买盘
572,13:51:02,3.54,-0.01,8,2832,卖盘
573,13:50:59,3.55,0.01,36,12780,买盘
574,13:50:53,3.54,-0.01,1005,355770,卖盘
575,13:50:44,3.55,--,90,31950,买盘
576,13:50:32,3.55,--,11,3905,买盘
577,13:50:28,3.55,--,500,177500,买盘
578,13:50:23,3.55,--,100,35500,买盘
579,13:50:14,3.55,0.01,6,2130,买盘
580,13:50:08,3.54,-0.01,623,220542,卖盘
581,13:50:02,3.55,0.01,7,2485,买盘
582,13:49:44,3.54,--,150,53100,卖盘
583,13:49:38,3.54,--,32,11328,卖盘
584,13:49:32,3.54,--,90,31860,卖盘
585,13:49:23,3.54,-0.01,1400,495600,卖盘
586,13:49:17,3.55,--,23,8165,买盘
587,13:49:13,3.55,--,19,6745,买盘
588,13:49:08,3.55,0.01,1,355,买盘
589,13:49:02,3.54,--,23,8142,卖盘
590,13:48:58,3.54,-0.01,50,17700,卖盘
591,13:48:53,3.55,0.01,17,6035,买盘
592,13:48:47,3.54,-0.01,10,3540,卖盘
593,13:48:32,3.55,--,12,4260,买盘
594,13:48:23,3.55,--,3,1065,买盘
595,13:48:17,3.55,0.01,137,48635,买盘
596,13:48:08,3.54,-0.01,10,3540,卖盘
597,13:48:02,3.55,--,36,12780,买盘
598,13:47:58,3.55,0.01,2,710,买盘
599,13:47:47,3.54,--,1450,513300,卖盘
600,13:47:37,3.54,-0.01,2,708,卖盘
601,13:47:31,3.55,--,48,17040,买盘
602,13:47:23,3.55,--,58,20590,买盘
603,13:47:16,3.55,--,989,351354,卖盘
604,13:47:13,3.55,--,40,14200,卖盘
605,13:47:08,3.55,--,3816,1354680,卖盘
606,13:47:02,3.55,--,1559,553445,卖盘
607,13:46:58,3.55,--,20,7100,卖盘
608,13:46:53,3.55,--,120,42600,卖盘
609,13:46:46,3.55,--,3,1065,卖盘
610,13:46:43,3.55,--,106,37630,卖盘
611,13:46:37,3.55,-0.01,96,34080,卖盘
612,13:46:31,3.56,0.01,168,59843,买盘
613,13:46:28,3.55,-0.01,85,30175,卖盘
614,13:46:23,3.56,0.01,582,207192,买盘
615,13:46:17,3.55,--,1772,629060,卖盘
616,13:46:08,3.55,--,17,6035,卖盘
617,13:46:02,3.55,--,72,25560,卖盘
618,13:45:57,3.55,--,19,6745,卖盘
619,13:45:53,3.55,--,54,19170,卖盘
620,13:45:47,3.55,-0.01,1200,426000,卖盘
621,13:45:43,3.56,0.01,85,30260,买盘
622,13:45:37,3.55,--,130,46150,卖盘
623,13:45:32,3.55,-0.01,11,3905,卖盘
624,13:45:23,3.56,0.01,96,34176,买盘
625,13:45:17,3.55,--,18,6390,卖盘
626,13:45:13,3.55,--,39,13845,卖盘
627,13:45:08,3.55,--,51,18105,卖盘
628,13:45:02,3.55,--,250,88750,卖盘
629,13:44:53,3.55,--,5,1775,卖盘
630,13:44:46,3.55,--,241,85555,卖盘
631,13:44:31,3.55,--,24,8520,卖盘
632,13:44:11,3.55,-0.01,200,71000,卖盘
633,13:44:08,3.56,0.01,23,8188,买盘
634,13:44:01,3.55,-0.01,7,2485,卖盘
635,13:43:56,3.56,0.01,71,25276,买盘
636,13:43:53,3.55,-0.01,41,14555,卖盘
637,13:43:47,3.56,--,43,15308,买盘
638,13:43:31,3.56,--,8,2848,买盘
639,13:43:26,3.56,--,11,3916,买盘
640,13:43:20,3.56,0.01,16,5696,买盘
641,13:43:11,3.55,--,81,28755,卖盘
642,13:43:07,3.55,--,10,3550,卖盘
643,13:43:02,3.55,--,189,67095,卖盘
644,13:42:56,3.55,--,106,37630,卖盘
645,13:42:51,3.55,--,30,10650,卖盘
646,13:42:47,3.55,--,15,5325,卖盘
647,13:42:40,3.55,--,20,7100,卖盘
648,13:42:32,3.55,-0.01,218,77390,卖盘
649,13:42:26,3.56,--,12,4272,买盘
650,13:42:17,3.56,--,1,356,买盘
651,13:42:11,3.56,0.01,18,6408,买盘
652,13:42:07,3.55,--,62,22010,卖盘
653,13:42:01,3.55,-0.01,392,139160,卖盘
654,13:41:56,3.56,0.01,1150,409400,买盘
655,13:41:52,3.55,-0.01,40,14200,卖盘
656,13:41:47,3.56,--,860,306160,买盘
657,13:41:35,3.56,--,1030,366680,买盘
658,13:41:32,3.56,--,16,5696,买盘
659,13:41:10,3.56,0.01,89,31684,买盘
660,13:41:06,3.55,--,36,12780,卖盘
661,13:41:01,3.55,-0.01,25,8875,卖盘
662,13:40:56,3.56,--,25,8900,买盘
663,13:40:47,3.56,0.01,1000,356000,买盘
664,13:40:37,3.55,--,150,53250,卖盘
665,13:40:32,3.55,--,23,8165,卖盘
666,13:40:26,3.55,--,130,46150,卖盘
667,13:40:21,3.55,-0.01,5,1775,卖盘
668,13:40:17,3.56,--,107,38092,买盘
669,13:40:10,3.56,0.01,1,356,买盘
670,13:40:02,3.55,-0.01,125,44375,卖盘
671,13:39:56,3.56,0.01,12,4272,买盘
672,13:39:52,3.55,--,100,35500,卖盘
673,13:39:47,3.55,-0.01,46,16330,卖盘
674,13:39:41,3.56,0.01,52,18512,买盘
675,13:39:37,3.55,-0.01,300,106500,卖盘
676,13:39:32,3.56,--,29,10324,买盘
677,13:39:17,3.56,0.01,393,139908,买盘
678,13:39:11,3.55,-0.01,121,42955,卖盘
679,13:39:07,3.56,0.01,11,3916,买盘
680,13:39:02,3.55,-0.01,58,20590,卖盘
681,13:38:47,3.56,0.01,130,46280,买盘
682,13:38:41,3.55,-0.01,3,1065,卖盘
683,13:38:36,3.56,--,574,204344,买盘
684,13:38:32,3.56,0.01,10,3560,买盘
685,13:38:26,3.55,-0.01,121,42955,卖盘
686,13:38:17,3.56,--,99,35244,买盘
687,13:38:11,3.56,0.01,1,356,买盘
688,13:38:07,3.55,--,10,3550,卖盘
689,13:38:02,3.55,-0.01,16,5680,卖盘
690,13:37:50,3.56,0.01,15,5340,买盘
691,13:37:47,3.55,--,51,18105,卖盘
692,13:37:36,3.55,-0.01,4,1420,卖盘
693,13:37:32,3.56,0.01,79,28124,买盘
694,13:37:26,3.55,-0.01,21,7455,卖盘
695,13:37:17,3.56,0.01,30,10680,买盘
696,13:37:11,3.55,--,21,7455,卖盘
697,13:37:02,3.55,-0.01,21,7455,卖盘
698,13:36:50,3.56,--,52,18512,买盘
699,13:36:46,3.56,--,31,11036,买盘
700,13:36:35,3.56,--,6,2136,买盘
701,13:36:30,3.56,0.01,76,27056,买盘
702,13:36:26,3.55,-0.01,35,12425,卖盘
703,13:36:19,3.56,--,421,149876,买盘
704,13:36:17,3.56,--,30,10680,买盘
705,13:36:11,3.56,0.01,1,356,买盘
706,13:36:04,3.55,-0.01,129,45795,卖盘
707,13:36:00,3.56,0.01,18,6408,买盘
708,13:35:56,3.55,-0.01,6,2130,卖盘
709,13:35:46,3.56,0.01,104,37024,买盘
710,13:35:41,3.55,-0.01,20,7100,卖盘
711,13:35:35,3.56,--,10,3560,买盘
712,13:35:26,3.56,--,19,6764,买盘
713,13:35:19,3.56,--,15,5340,买盘
714,13:35:16,3.56,--,31,11036,买盘
715,13:35:11,3.56,--,1,356,买盘
716,13:35:01,3.56,--,6,2136,买盘
717,13:34:56,3.56,--,11,3916,买盘
718,13:34:50,3.56,--,62,22072,买盘
719,13:34:44,3.56,0.01,106,37736,买盘
720,13:34:41,3.55,-0.01,10,3550,卖盘
721,13:34:34,3.56,0.01,27,9612,买盘
722,13:34:20,3.55,-0.01,24,8520,卖盘
723,13:34:15,3.56,--,31,11036,买盘
724,13:34:11,3.56,0.01,275,97900,买盘
725,13:34:05,3.55,-0.01,41,14555,卖盘
726,13:34:00,3.56,--,6,2136,买盘
727,13:33:55,3.56,--,16,5696,买盘
728,13:33:50,3.56,--,7,2492,买盘
729,13:33:45,3.56,--,50,17800,买盘
730,13:33:41,3.56,--,76,27056,买盘
731,13:33:35,3.56,--,23,8188,买盘
732,13:33:31,3.56,--,16,5696,买盘
733,13:33:26,3.56,--,18,6408,买盘
734,13:33:20,3.56,--,17,6052,买盘
735,13:33:16,3.56,--,31,11036,买盘
736,13:33:10,3.56,--,13,4628,买盘
737,13:33:05,3.56,0.01,34,12104,买盘
738,13:32:56,3.55,-0.01,100,35500,卖盘
739,13:32:50,3.56,--,85,30260,买盘
740,13:32:46,3.56,--,84,29904,买盘
741,13:32:41,3.56,--,656,233536,买盘
742,13:32:34,3.56,--,14,4984,买盘
743,13:32:20,3.56,--,18,6408,买盘
744,13:32:15,3.56,0.01,30,10680,买盘
745,13:32:10,3.55,-0.01,12,4260,卖盘
746,13:32:05,3.56,--,252,89712,买盘
747,13:32:00,3.56,--,6,2136,买盘
748,13:31:50,3.56,--,13,4628,买盘
749,13:31:46,3.56,0.01,107,38092,买盘
750,13:31:26,3.55,-0.01,84,29820,卖盘
751,13:31:20,3.56,--,19,6764,买盘
752,13:31:15,3.56,--,31,11036,买盘
753,13:31:11,3.56,0.01,57,20292,买盘
754,13:31:05,3.55,-0.01,1215,431325,卖盘
755,13:31:00,3.56,--,6,2136,买盘
756,13:30:56,3.56,--,10,3560,买盘
757,13:30:50,3.56,--,95,33820,买盘
758,13:30:45,3.56,--,30,10680,买盘
759,13:30:41,3.56,0.01,1095,389820,买盘
760,13:30:35,3.55,-0.01,101,35855,卖盘
761,13:30:26,3.56,--,1087,386972,买盘
762,13:30:19,3.56,--,10,3560,买盘
763,13:30:14,3.56,--,63,22428,买盘
764,13:30:11,3.56,--,108,38448,买盘
765,13:30:05,3.56,0.01,20,7120,买盘
766,13:30:01,3.55,--,10,3550,卖盘
767,13:29:53,3.55,-0.01,11,3905,卖盘
768,13:29:49,3.56,--,76,27056,买盘
769,13:29:45,3.56,--,97,34532,买盘
770,13:29:38,3.56,--,802,285512,买盘
771,13:29:35,3.56,0.01,10,3560,买盘
772,13:29:24,3.55,-0.01,3,1065,卖盘
773,13:29:13,3.56,--,94,33464,买盘
774,13:29:10,3.56,0.01,16,5696,买盘
775,13:29:05,3.55,--,25,8875,卖盘
776,13:28:58,3.55,-0.01,156,55380,卖盘
777,13:28:54,3.56,--,76,27056,买盘
778,13:28:44,3.56,--,31,11036,买盘
779,13:28:38,3.56,--,19,6764,买盘
780,13:28:34,3.56,0.01,10,3560,买盘
781,13:28:25,3.55,-0.01,50,17750,卖盘
782,13:28:20,3.56,--,18,6408,买盘
783,13:28:14,3.56,0.01,58,20648,买盘
784,13:28:09,3.55,-0.01,4,1420,卖盘
785,13:27:58,3.56,--,8,2848,买盘
786,13:27:53,3.56,--,76,27056,买盘
787,13:27:43,3.56,--,31,11036,买盘
788,13:27:35,3.56,0.01,23,8188,买盘
789,13:27:25,3.55,-0.01,34,12070,卖盘
790,13:27:14,3.56,0.01,193,68708,买盘
791,13:27:08,3.55,--,35,12425,卖盘
792,13:27:05,3.55,-0.01,9,3195,卖盘
793,13:26:59,3.56,--,108,38448,买盘
794,13:26:50,3.56,--,626,222856,买盘
795,13:26:44,3.56,--,31,11036,买盘
796,13:26:35,3.56,--,335,119260,买盘
797,13:26:29,3.56,0.01,14,4984,买盘
798,13:26:22,3.55,--,1,355,卖盘
799,13:26:20,3.55,-0.01,23,8165,卖盘
800,13:26:14,3.56,--,132,46992,买盘
801,13:26:05,3.56,--,363,129228,买盘
802,13:25:59,3.56,--,167,59452,买盘
803,13:25:43,3.56,0.01,30,10680,买盘
804,13:25:39,3.55,-0.01,12,4260,卖盘
805,13:25:35,3.56,--,349,124244,买盘
806,13:25:29,3.56,--,334,118904,买盘
807,13:25:14,3.56,--,173,61588,买盘
808,13:25:08,3.56,--,16,5696,买盘
809,13:25:05,3.56,--,346,123176,买盘
810,13:24:59,3.56,0.01,26,9256,买盘
811,13:24:54,3.55,-0.01,35,12425,卖盘
812,13:24:44,3.56,--,156,55536,买盘
813,13:24:38,3.56,--,13,4628,买盘
814,13:24:35,3.56,0.01,370,131720,买盘
815,13:24:29,3.55,-0.01,1,355,卖盘
816,13:24:20,3.56,--,1134,403704,买盘
817,13:24:14,3.56,0.01,32,11392,买盘
818,13:24:09,3.55,--,3,1065,卖盘
819,13:24:05,3.55,-0.01,11,3905,卖盘
820,13:23:59,3.56,--,5,1780,买盘
821,13:23:53,3.56,0.01,90,32040,买盘
822,13:23:50,3.55,-0.01,2,710,卖盘
823,13:23:43,3.56,--,31,11036,买盘
824,13:23:20,3.56,--,113,40228,买盘
825,13:23:14,3.56,0.01,31,11036,买盘
826,13:23:03,3.55,-0.01,21,7455,卖盘
827,13:22:59,3.56,0.01,6,2136,买盘
828,13:22:55,3.55,-0.01,2,710,卖盘
829,13:22:44,3.56,0.01,51,18156,买盘
830,13:22:38,3.55,--,8,2840,卖盘
831,13:22:34,3.55,--,7,2485,卖盘
832,13:22:18,3.55,-0.01,2,710,卖盘
833,13:22:14,3.56,0.01,31,11036,买盘
834,13:22:08,3.55,-0.01,33,11715,卖盘
835,13:22:04,3.56,--,25,8900,买盘
836,13:21:59,3.56,0.01,6,2136,买盘
837,13:21:53,3.55,-0.01,12,4260,卖盘
838,13:21:47,3.56,--,19,6764,买盘
839,13:21:39,3.56,--,40,14240,买盘
840,13:21:33,3.56,0.01,5,1780,买盘
841,13:21:19,3.55,-0.01,15,5325,卖盘
842,13:21:14,3.56,0.01,1,356,买盘
843,13:21:04,3.55,-0.01,6,2130,卖盘
844,13:20:58,3.56,--,56,19936,买盘
845,13:20:52,3.56,0.01,12,4272,买盘
846,13:20:47,3.55,-0.01,2,710,卖盘
847,13:20:43,3.56,0.01,9,3204,买盘
848,13:20:37,3.55,-0.01,16,5680,卖盘
849,13:20:33,3.56,0.01,11,3916,买盘
850,13:20:29,3.55,-0.01,31,11005,卖盘
851,13:20:23,3.56,0.01,20,7120,买盘
852,13:20:18,3.55,--,2,710,卖盘
853,13:20:14,3.55,-0.01,8,2840,卖盘
854,13:20:08,3.56,--,326,116056,买盘
855,13:19:58,3.56,--,6,2136,买盘
856,13:19:52,3.56,0.01,34,12104,买盘
857,13:19:48,3.55,--,2,710,卖盘
858,13:19:43,3.55,-0.01,11,3905,卖盘
859,13:19:37,3.56,--,16,5696,买盘
860,13:19:33,3.56,--,76,27056,买盘
861,13:19:28,3.56,0.01,494,175864,买盘
862,13:19:17,3.55,-0.01,2,710,卖盘
863,13:19:14,3.56,0.01,11,3916,买盘
864,13:19:03,3.55,-0.01,78,27690,卖盘
865,13:18:59,3.56,0.01,562,200072,买盘
866,13:18:53,3.55,-0.01,72,25560,卖盘
867,13:18:44,3.56,--,242,86152,买盘
868,13:18:33,3.56,--,8,2848,买盘
869,13:18:23,3.56,--,71,25276,买盘
870,13:18:13,3.56,0.01,1,356,买盘
871,13:18:08,3.55,--,19,6745,卖盘
872,13:18:01,3.55,--,20,7100,卖盘
873,13:17:59,3.55,-0.01,8,2840,卖盘
874,13:17:52,3.56,0.01,14,4984,买盘
875,13:17:48,3.55,-0.01,5,1775,卖盘
876,13:17:44,3.56,0.01,68,24208,买盘
877,13:17:38,3.55,--,52,18460,卖盘
878,13:17:32,3.55,--,6,2130,卖盘
879,13:17:29,3.55,-0.01,3,1065,卖盘
880,13:17:23,3.56,0.01,191,67996,买盘
881,13:17:17,3.55,--,2,710,卖盘
882,13:17:13,3.55,--,69,24495,卖盘
883,13:17:03,3.55,--,16,5680,卖盘
884,13:16:59,3.55,--,111,39405,卖盘
885,13:16:53,3.55,--,314,111470,卖盘
886,13:16:48,3.55,-0.01,2,710,卖盘
887,13:16:44,3.56,--,94,33464,买盘
888,13:16:38,3.56,--,23,8188,买盘
889,13:16:33,3.56,0.01,43,15308,买盘
890,13:16:29,3.55,-0.01,3,1065,卖盘
891,13:16:23,3.56,0.01,1007,358492,买盘
892,13:16:14,3.55,--,10,3550,卖盘
893,13:16:08,3.55,-0.01,22,7810,卖盘
894,13:16:03,3.56,0.01,152,54112,买盘
895,13:15:57,3.55,--,2,710,卖盘
896,13:15:53,3.55,--,2,710,卖盘
897,13:15:47,3.55,--,13,4615,卖盘
898,13:15:42,3.55,--,2,710,卖盘
899,13:15:37,3.55,-0.01,15,5325,卖盘
900,13:15:33,3.56,0.01,25,8900,买盘
901,13:15:22,3.55,--,19,6745,卖盘
902,13:15:17,3.55,-0.01,5,1775,卖盘
903,13:15:13,3.56,--,4,1424,买盘
904,13:15:07,3.56,0.01,303,107868,买盘
905,13:15:02,3.55,-0.01,8,2840,卖盘
906,13:14:53,3.56,0.01,10,3560,买盘
907,13:14:48,3.55,--,30,10650,卖盘
908,13:14:43,3.55,-0.01,5,1775,卖盘
909,13:14:38,3.56,--,352,125312,买盘
910,13:14:33,3.56,0.01,61,21716,买盘
911,13:14:23,3.55,--,2,710,卖盘
912,13:14:18,3.55,--,103,36565,卖盘
913,13:14:12,3.55,-0.01,10,3550,卖盘
914,13:14:08,3.56,--,140,49840,买盘
915,13:14:03,3.56,0.01,24,8544,买盘
916,13:13:57,3.55,--,3,1065,卖盘
917,13:13:53,3.55,--,11,3905,卖盘
918,13:13:46,3.55,--,5,1775,卖盘
919,13:13:38,3.55,--,82,29110,卖盘
920,13:13:32,3.55,--,4,1420,卖盘
921,13:13:23,3.55,--,3,1065,卖盘
922,13:13:16,3.55,--,50,17750,卖盘
923,13:13:12,3.55,-0.01,113,40115,卖盘
924,13:13:07,3.56,0.01,209,74404,买盘
925,13:13:02,3.55,--,2,710,卖盘
926,13:12:57,3.55,-0.01,10,3550,卖盘
927,13:12:53,3.56,0.01,231,82236,买盘
928,13:12:42,3.55,-0.01,515,182825,卖盘
929,13:12:38,3.56,0.01,88,31328,买盘
930,13:12:31,3.55,--,61,21655,卖盘
931,13:12:27,3.55,-0.01,109,38695,卖盘
932,13:12:22,3.56,0.01,277,98612,买盘
933,13:12:17,3.55,--,3,1065,卖盘
934,13:12:11,3.55,-0.01,58,20590,卖盘
935,13:12:08,3.56,0.01,73,25988,买盘
936,13:12:02,3.55,--,257,91235,卖盘
937,13:11:56,3.55,--,202,71710,卖盘
938,13:11:53,3.55,--,3000,1065000,卖盘
939,13:11:46,3.55,--,3,1065,卖盘
940,13:11:41,3.55,--,10,3550,卖盘
941,13:11:37,3.55,--,50,17750,卖盘
942,13:11:32,3.55,--,21,7455,卖盘
943,13:11:27,3.55,--,1000,355000,卖盘
944,13:11:23,3.55,--,105,37275,卖盘
945,13:11:12,3.55,-0.01,3,1065,卖盘
946,13:11:07,3.56,0.01,69,24564,买盘
947,13:11:02,3.55,--,10,3550,卖盘
948,13:10:47,3.55,--,3,1065,卖盘
949,13:10:38,3.55,--,43,15265,卖盘
950,13:10:32,3.55,--,10,3550,卖盘
951,13:10:25,3.55,-0.01,3,1065,卖盘
952,13:10:17,3.56,--,68,24208,买盘
953,13:10:06,3.56,0.01,38,13528,买盘
954,13:10:02,3.55,-0.01,31,11005,卖盘
955,13:09:53,3.56,0.01,12,4272,买盘
956,13:09:41,3.55,--,5,1775,卖盘
957,13:09:38,3.55,--,43,15265,卖盘
958,13:09:31,3.55,--,17,6035,卖盘
959,13:09:26,3.55,--,35,12425,卖盘
960,13:09:17,3.55,-0.01,37,13135,卖盘
961,13:09:06,3.56,0.01,38,13528,买盘
962,13:09:02,3.55,--,27,9585,卖盘
963,13:08:57,3.55,-0.01,440,156200,卖盘
964,13:08:50,3.56,0.01,726,258456,买盘
965,13:08:41,3.55,-0.01,200,71000,卖盘
966,13:08:36,3.56,0.01,38,13528,买盘
967,13:08:32,3.55,--,510,181050,卖盘
968,13:08:26,3.55,--,200,71000,卖盘
969,13:08:17,3.55,-0.01,13,4615,卖盘
970,13:08:05,3.56,0.01,38,13528,买盘
971,13:08:02,3.55,--,4,1420,卖盘
972,13:07:57,3.55,-0.01,100,35500,卖盘
973,13:07:35,3.56,0.01,38,13528,买盘
974,13:07:32,3.55,-0.01,6,2130,卖盘
975,13:07:21,3.56,0.01,1,356,买盘
976,13:07:11,3.55,-0.01,50,17750,卖盘
977,13:07:06,3.56,0.01,38,13528,买盘
978,13:07:01,3.55,-0.01,7,2485,卖盘
979,13:06:57,3.56,--,198,70488,买盘
980,13:06:47,3.56,--,1,356,买盘
981,13:06:36,3.56,--,39,13884,买盘
982,13:06:32,3.56,0.01,21,7476,买盘
983,13:06:26,3.55,-0.01,10,3550,卖盘
984,13:06:05,3.56,0.01,38,13528,买盘
985,13:06:01,3.55,-0.01,94,33370,卖盘
986,13:05:46,3.56,--,1422,506232,买盘
987,13:05:41,3.56,--,259,92204,买盘
988,13:05:36,3.56,0.01,38,13528,买盘
989,13:05:32,3.55,-0.01,2002,710710,卖盘
990,13:05:25,3.56,--,5,1780,买盘
991,13:05:06,3.56,--,39,13884,买盘
992,13:05:02,3.56,--,2777,988612,买盘
993,13:04:55,3.56,--,631,224636,买盘
994,13:04:35,3.56,0.01,40,14240,买盘
995,13:04:32,3.55,-0.01,78,27690,卖盘
996,13:04:10,3.56,--,10,3560,买盘
997,13:04:07,3.56,--,40,14240,买盘
998,13:04:01,3.56,--,315,112140,买盘
999,13:03:36,3.56,0.01,40,14240,买盘
1000,13:03:32,3.55,--,16,5680,卖盘
1001,13:03:05,3.55,--,40,14200,卖盘
1002,13:03:01,3.55,-0.01,4,1420,卖盘
1003,13:02:46,3.56,--,24,8544,买盘
1004,13:02:40,3.56,--,271,96476,买盘
1005,13:02:35,3.56,--,47,16732,买盘
1006,13:02:29,3.56,--,10,3560,买盘
1007,13:02:06,3.56,0.01,48,17088,买盘
1008,13:02:00,3.55,-0.01,9,3195,卖盘
1009,13:01:36,3.56,0.01,142,50552,买盘
1010,13:01:30,3.55,--,10,3550,卖盘
1011,13:01:26,3.55,--,73,25915,卖盘
1012,13:01:19,3.55,--,30,10650,卖盘
1013,13:01:06,3.55,-0.01,6,2130,卖盘
1014,13:01:00,3.56,0.01,10,3560,买盘
1015,13:00:35,3.55,--,17,6035,卖盘
1016,13:00:25,3.55,--,9,3195,卖盘
1017,13:00:18,3.55,--,25,8875,卖盘
1018,13:00:15,3.55,--,396,140580,卖盘
1019,13:00:11,3.55,-0.01,56,19880,卖盘
1020,13:00:06,3.56,0.01,1440,512640,买盘
1021,11:30:00,3.55,--,0,0,卖盘
1022,11:30:00,3.55,--,0,0,卖盘
1023,11:29:59,3.55,-0.01,50,17750,卖盘
1024,11:29:34,3.56,--,63,22428,买盘
1025,11:29:31,3.56,0.01,3,1068,买盘
1026,11:29:24,3.55,-0.01,200,71000,卖盘
1027,11:28:55,3.56,--,90,32040,买盘
1028,11:28:40,3.56,--,10,3560,买盘
1029,11:28:25,3.56,--,9,3204,买盘
1030,11:28:04,3.56,--,41,14596,买盘
1031,11:27:49,3.56,0.01,1,356,买盘
1032,11:27:34,3.55,--,507,179985,卖盘
1033,11:27:31,3.55,--,20,7100,卖盘
1034,11:27:25,3.55,-0.01,862,306010,卖盘
1035,11:27:19,3.56,0.01,13,4628,买盘
1036,11:27:16,3.55,-0.01,568,201640,卖盘
1037,11:27:11,3.56,--,1,356,买盘
1038,11:27:04,3.56,0.01,1,356,买盘
1039,11:26:55,3.55,--,75,26625,卖盘
1040,11:26:10,3.55,-0.01,4,1420,卖盘
1041,11:26:05,3.56,0.01,11,3916,买盘
1042,11:25:49,3.55,-0.01,16,5680,卖盘
1043,11:25:31,3.56,0.01,10,3560,买盘
1044,11:25:16,3.55,--,38,13490,卖盘
1045,11:25:11,3.55,-0.01,95,33725,卖盘
1046,11:25:04,3.56,--,1,356,买盘
1047,11:24:55,3.56,0.01,20,7120,买盘
1048,11:24:46,3.55,--,46,16330,卖盘
1049,11:24:40,3.55,-0.01,28,9940,卖盘
1050,11:24:31,3.56,--,89,31684,买盘
1051,11:24:04,3.56,0.01,21,7476,买盘
1052,11:23:40,3.55,-0.01,1,355,卖盘
1053,11:23:19,3.56,--,2,712,买盘
1054,11:23:04,3.56,--,1,356,买盘
1055,11:22:55,3.56,0.01,194,69064,买盘
1056,11:22:28,3.55,-0.01,1,355,卖盘
1057,11:22:19,3.56,--,1,356,买盘
1058,11:22:11,3.56,--,1,356,买盘
1059,11:22:04,3.56,--,32,11392,买盘
1060,11:21:58,3.56,0.01,89,31684,买盘
1061,11:21:55,3.55,--,5,1775,卖盘
1062,11:21:40,3.55,-0.01,1,355,卖盘
1063,11:21:19,3.56,0.01,32,11392,买盘
1064,11:21:13,3.55,--,1,355,卖盘
1065,11:21:10,3.55,--,3,1065,卖盘
1066,11:21:04,3.55,--,4,1420,卖盘
1067,11:20:58,3.55,--,58,20590,卖盘
1068,11:20:55,3.55,--,200,71000,卖盘
1069,11:20:49,3.55,--,22,7810,卖盘
1070,11:20:43,3.55,-0.01,50,17750,卖盘
1071,11:20:40,3.56,0.01,123,43788,买盘
1072,11:20:28,3.55,--,20,7100,卖盘
1073,11:20:10,3.55,--,622,220810,卖盘
1074,11:19:49,3.55,--,50,17750,卖盘
1075,11:19:40,3.55,--,20,7100,卖盘
1076,11:19:34,3.55,--,406,144130,卖盘
1077,11:19:28,3.55,--,88,31240,卖盘
1078,11:19:25,3.55,--,500,177500,卖盘
1079,11:19:13,3.55,--,15,5325,卖盘
1080,11:19:10,3.55,--,201,71355,卖盘
1081,11:19:04,3.55,--,243,86488,卖盘
1082,11:18:50,3.55,--,277,98335,卖盘
1083,11:18:43,3.55,-0.01,0,273,卖盘
1084,11:18:40,3.56,--,272,96832,买盘
1085,11:18:10,3.56,--,1,356,买盘
1086,11:18:04,3.56,0.01,30,10680,买盘
1087,11:17:34,3.55,--,11,3905,卖盘
1088,11:17:28,3.55,-0.01,24,8828,卖盘
1089,11:17:09,3.56,0.01,5,1780,买盘
1090,11:17:04,3.55,--,8,2840,卖盘
1091,11:16:58,3.55,--,14,4970,卖盘
1092,11:16:52,3.55,--,30,10650,卖盘
1093,11:16:43,3.55,-0.01,36,12780,卖盘
1094,11:16:37,3.56,0.01,1,356,买盘
1095,11:16:13,3.55,-0.01,2,710,卖盘
1096,11:16:07,3.56,--,80,28480,买盘
1097,11:16:04,3.56,0.01,50,17800,买盘
1098,11:15:49,3.55,--,86,30530,卖盘
1099,11:15:28,3.55,--,218,77390,卖盘
1100,11:15:23,3.55,--,5,1775,卖盘
1101,11:15:19,3.55,-0.01,10,3550,卖盘
1102,11:15:07,3.56,0.01,25,8900,买盘
1103,11:15:04,3.55,--,20,7100,卖盘
1104,11:14:49,3.55,--,9,3195,卖盘
1105,11:14:43,3.55,-0.01,0,319,卖盘
1106,11:14:34,3.56,0.01,51,18156,买盘
1107,11:14:28,3.55,--,8,2840,卖盘
1108,11:14:13,3.55,-0.01,40,14200,卖盘
1109,11:14:07,3.56,--,1,356,买盘
1110,11:14:04,3.56,0.01,42,14952,买盘
1111,11:13:37,3.55,-0.01,47,16685,卖盘
1112,11:13:34,3.56,--,43,15308,买盘
1113,11:13:07,3.56,--,1,356,买盘
1114,11:13:04,3.56,0.01,97,34532,买盘
1115,11:12:58,3.55,--,100,35500,卖盘
1116,11:12:53,3.55,--,619,219745,卖盘
1117,11:12:42,3.55,--,75,26625,卖盘
1118,11:12:34,3.55,-0.01,92,32660,卖盘
1119,11:12:07,3.56,--,1,356,买盘
1120,11:12:03,3.56,--,43,15308,买盘
1121,11:11:43,3.56,--,1,356,买盘
1122,11:11:34,3.56,0.01,42,14952,买盘
1123,11:11:19,3.55,-0.01,50,17750,卖盘
1124,11:11:07,3.56,--,1,356,买盘
1125,11:11:04,3.56,--,53,18868,买盘
1126,11:10:58,3.56,0.01,2,712,买盘
1127,11:10:49,3.55,-0.01,33,11715,卖盘
1128,11:10:34,3.56,0.01,43,15308,买盘
1129,11:10:28,3.55,-0.01,11,3905,卖盘
1130,11:10:04,3.56,0.01,42,14952,买盘
1131,11:09:43,3.55,-0.01,100,35500,卖盘
1132,11:09:34,3.56,--,42,14952,买盘
1133,11:09:28,3.56,0.01,1,356,买盘
1134,11:09:22,3.55,--,233,82789,卖盘
1135,11:09:07,3.55,-0.01,234,83070,卖盘
1136,11:09:01,3.56,--,43,15308,买盘
1137,11:08:32,3.56,0.01,42,14952,买盘
1138,11:08:13,3.55,-0.01,236,83851,卖盘
1139,11:08:06,3.56,--,1,356,买盘
1140,11:08:01,3.56,--,42,14952,买盘
1141,11:07:51,3.56,--,151,53756,买盘
1142,11:07:31,3.56,--,43,15308,买盘
1143,11:07:28,3.56,--,4,1424,买盘
1144,11:07:22,3.56,--,179,63724,买盘
1145,11:07:13,3.56,--,1,356,买盘
1146,11:07:07,3.56,--,1,356,买盘
1147,11:07:01,3.56,--,42,14952,买盘
1148,11:06:51,3.56,--,152,54112,买盘
1149,11:06:46,3.56,0.01,152,54112,买盘
1150,11:06:37,3.55,-0.01,1,355,卖盘
1151,11:06:31,3.56,0.01,42,14952,买盘
1152,11:06:16,3.55,-0.01,1268,450140,卖盘
1153,11:06:13,3.56,--,1,356,买盘
1154,11:06:07,3.56,--,1,356,买盘
1155,11:06:01,3.56,0.01,43,15308,买盘
1156,11:05:58,3.55,-0.01,1,355,卖盘
1157,11:05:46,3.56,--,390,138840,买盘
1158,11:05:37,3.56,--,142,50552,买盘
1159,11:05:32,3.56,--,42,14952,买盘
1160,11:05:13,3.56,--,1001,356356,买盘
1161,11:05:07,3.56,--,3252,1157712,买盘
1162,11:05:01,3.56,--,42,14952,买盘
1163,11:04:31,3.56,--,144,51264,买盘
1164,11:04:13,3.56,--,2,712,买盘
1165,11:04:06,3.56,--,39,13884,买盘
1166,11:04:02,3.56,--,42,14952,买盘
1167,11:03:31,3.56,--,42,14952,买盘
1168,11:03:16,3.56,--,1,356,买盘
1169,11:03:07,3.56,--,1,356,买盘
1170,11:03:01,3.56,0.01,83,29548,买盘
1171,11:02:53,3.55,--,20,7100,卖盘
1172,11:02:43,3.55,-0.01,50,17750,卖盘
1173,11:02:31,3.56,--,42,14952,买盘
1174,11:02:22,3.56,0.01,38,13528,买盘
1175,11:02:16,3.55,-0.01,3,1065,卖盘
1176,11:02:06,3.56,--,301,107156,买盘
1177,11:02:01,3.56,0.01,42,14952,买盘
1178,11:01:52,3.55,-0.01,1,355,卖盘
1179,11:01:46,3.56,0.01,86,30616,买盘
1180,11:01:37,3.55,--,1,355,卖盘
1181,11:01:31,3.55,--,10,3550,卖盘
1182,11:01:26,3.55,--,15,5325,卖盘
1183,11:01:16,3.55,-0.01,127,45085,卖盘
1184,11:01:07,3.56,0.01,101,35956,买盘
1185,11:00:52,3.55,--,20,7100,卖盘
1186,11:00:36,3.55,-0.01,20,7100,卖盘
1187,11:00:10,3.56,--,490,174440,买盘
1188,11:00:07,3.56,0.01,1,356,买盘
1189,11:00:01,3.55,--,82,29110,卖盘
1190,10:59:55,3.55,--,1155,410025,卖盘
1191,10:59:37,3.55,--,30,10650,卖盘
1192,10:59:25,3.55,--,15,5325,卖盘
1193,10:59:22,3.55,--,200,71000,卖盘
1194,10:59:16,3.55,-0.01,1,355,卖盘
1195,10:59:01,3.56,0.01,29,10324,买盘
1196,10:58:55,3.55,--,183,64965,卖盘
1197,10:58:22,3.55,-0.01,203,72175,卖盘
1198,10:58:07,3.56,0.01,9,3204,买盘
1199,10:57:56,3.55,--,214,76080,卖盘
1200,10:57:46,3.55,-0.01,33,11715,卖盘
1201,10:57:42,3.56,0.01,138,49128,买盘
1202,10:57:37,3.55,--,146,51830,卖盘
1203,10:57:16,3.55,-0.01,36,12780,卖盘
1204,10:57:10,3.56,--,15,5340,买盘
1205,10:57:07,3.56,0.01,312,111072,买盘
1206,10:57:01,3.55,--,40,14200,卖盘
1207,10:56:55,3.55,--,91,32305,卖盘
1208,10:56:50,3.55,-0.01,33,11715,卖盘
1209,10:56:46,3.56,--,26,9256,买盘
1210,10:55:46,3.56,0.01,310,110360,买盘
1211,10:55:10,3.55,-0.01,8,2840,卖盘
1212,10:54:55,3.56,0.01,30,10680,买盘
1213,10:54:40,3.55,-0.01,10,3550,卖盘
1214,10:54:19,3.56,--,1,356,买盘
1215,10:54:01,3.56,--,100,35600,买盘
1216,10:53:10,3.56,0.01,1,356,买盘
1217,10:53:01,3.55,-0.01,80,28400,卖盘
1218,10:52:55,3.56,--,8,2848,买盘
1219,10:52:49,3.56,--,10,3560,买盘
1220,10:52:25,3.56,--,557,198292,买盘
1221,10:52:10,3.56,--,100,35600,买盘
1222,10:51:55,3.56,--,89,31684,买盘
1223,10:51:46,3.56,--,281,100036,买盘
1224,10:51:31,3.56,--,1,356,买盘
1225,10:51:16,3.56,--,1,356,买盘
1226,10:51:10,3.56,0.01,1,356,买盘
1227,10:51:04,3.55,--,30,10650,卖盘
1228,10:50:19,3.55,--,18,6390,卖盘
1229,10:50:15,3.55,-0.01,6,2130,卖盘
1230,10:50:10,3.56,0.01,1,356,买盘
1231,10:49:49,3.55,--,100,35500,卖盘
1232,10:49:34,3.55,--,117,41535,卖盘
1233,10:49:25,3.55,--,5,1775,卖盘
1234,10:48:40,3.55,--,4,1420,卖盘
1235,10:47:55,3.55,--,1,355,卖盘
1236,10:47:43,3.55,--,33,11715,卖盘
1237,10:47:25,3.55,--,150,53250,卖盘
1238,10:47:15,3.55,--,488,173240,卖盘
1239,10:47:10,3.55,--,80,28400,卖盘
1240,10:46:25,3.55,--,7,2485,卖盘
1241,10:45:49,3.55,-0.01,30,10650,卖盘
1242,10:45:34,3.56,--,14,4984,买盘
1243,10:45:04,3.56,--,1,356,买盘
1244,10:44:55,3.56,0.01,1,356,买盘
1245,10:44:43,3.55,--,20,7100,卖盘
1246,10:44:28,3.55,--,80,28400,卖盘
1247,10:44:25,3.55,-0.01,10,3550,卖盘
1248,10:43:19,3.56,--,68,24208,买盘
1249,10:43:13,3.56,0.01,15,5340,买盘
1250,10:42:28,3.55,--,279,99045,卖盘
1251,10:42:13,3.55,--,155,55025,卖盘
1252,10:41:58,3.55,-0.01,4,1420,卖盘
1253,10:41:51,3.56,--,89,31684,买盘
1254,10:41:42,3.56,0.01,43,15308,买盘
1255,10:41:34,3.55,-0.01,51,18105,卖盘
1256,10:41:19,3.56,--,2,712,买盘
1257,10:41:13,3.56,0.01,100,35600,买盘
1258,10:40:49,3.55,--,8,2840,卖盘
1259,10:40:43,3.55,-0.01,965,342575,卖盘
1260,10:40:38,3.56,0.01,61,21716,买盘
1261,10:40:19,3.55,-0.01,499,177145,卖盘
1262,10:40:09,3.56,--,190,67640,买盘
1263,10:40:04,3.56,0.01,327,116412,买盘
1264,10:39:48,3.55,-0.01,67,23785,卖盘
1265,10:39:34,3.56,0.01,328,116768,买盘
1266,10:39:28,3.55,-0.01,90,31950,卖盘
1267,10:39:04,3.56,0.01,85,30260,买盘
1268,10:38:58,3.55,-0.01,20,7100,卖盘
1269,10:38:49,3.56,0.01,170,60520,买盘
1270,10:38:34,3.55,--,300,106500,卖盘
1271,10:38:26,3.55,--,50,17750,卖盘
1272,10:38:13,3.55,--,553,196315,卖盘
1273,10:38:04,3.55,--,96,34080,卖盘
1274,10:37:37,3.55,--,3,1065,卖盘
1275,10:37:28,3.55,--,47,16685,卖盘
1276,10:37:22,3.55,-0.01,25,8875,卖盘
1277,10:37:19,3.56,0.01,4,1424,买盘
1278,10:37:13,3.55,--,9,3195,卖盘
1279,10:36:37,3.55,--,698,247790,卖盘
1280,10:36:34,3.55,--,31,11005,卖盘
1281,10:36:18,3.55,-0.01,200,71000,卖盘
1282,10:35:52,3.56,0.01,15,5340,买盘
1283,10:35:48,3.55,--,78,27690,卖盘
1284,10:35:43,3.55,--,200,71000,卖盘
1285,10:35:28,3.55,--,6,2130,卖盘
1286,10:35:21,3.55,--,488,173240,卖盘
1287,10:35:12,3.55,--,78,27690,卖盘
1288,10:34:43,3.55,--,170,60350,卖盘
1289,10:34:28,3.55,--,20,7100,卖盘
1290,10:34:18,3.55,-0.01,4,1420,卖盘
1291,10:34:07,3.56,0.01,46,16376,买盘
1292,10:34:03,3.55,--,57,20235,卖盘
1293,10:33:43,3.55,--,29,10295,卖盘
1294,10:33:37,3.55,-0.01,20,7100,卖盘
1295,10:33:28,3.56,--,5,1780,买盘
1296,10:32:52,3.56,0.01,1,356,买盘
1297,10:32:48,3.55,-0.01,1,355,卖盘
1298,10:32:22,3.56,0.01,3,1068,买盘
1299,10:32:17,3.55,--,60,21300,卖盘
1300,10:32:13,3.55,-0.01,2,710,卖盘
1301,10:31:58,3.56,0.01,3,1068,买盘
1302,10:30:52,3.55,--,20,7100,卖盘
1303,10:30:46,3.55,-0.01,5,1775,卖盘
1304,10:30:37,3.56,--,89,31684,买盘
1305,10:30:28,3.56,0.01,100,35600,买盘
1306,10:30:22,3.55,-0.01,488,173240,卖盘
1307,10:30:06,3.56,0.01,1,356,买盘
1308,10:29:58,3.55,-0.01,369,130995,卖盘
1309,10:29:52,3.56,0.01,47,16732,买盘
1310,10:29:46,3.55,--,15,5325,卖盘
1311,10:29:27,3.55,--,780,276900,卖盘
1312,10:29:22,3.55,--,32,11360,卖盘
1313,10:29:16,3.55,--,230,81650,卖盘
1314,10:29:12,3.55,--,36,12780,卖盘
1315,10:28:57,3.55,--,70,24850,卖盘
1316,10:28:46,3.55,--,17,6035,卖盘
1317,10:28:42,3.55,--,50,17750,卖盘
1318,10:28:37,3.55,--,15,5325,卖盘
1319,10:28:31,3.55,--,13,4615,卖盘
1320,10:28:07,3.55,--,10,3550,卖盘
1321,10:28:01,3.55,-0.01,61,21655,卖盘
1322,10:27:52,3.56,0.01,1,356,买盘
1323,10:27:46,3.55,-0.01,210,74550,卖盘
1324,10:27:37,3.56,--,20,7120,买盘
1325,10:27:31,3.56,0.01,12,4272,买盘
1326,10:27:27,3.55,-0.01,50,17750,卖盘
1327,10:27:16,3.56,--,607,216092,买盘
1328,10:27:01,3.56,0.01,4,1424,买盘
1329,10:26:57,3.55,--,20,7100,卖盘
1330,10:26:37,3.55,--,8,2840,卖盘
1331,10:26:31,3.55,--,206,73130,卖盘
1332,10:26:22,3.55,--,533,189215,卖盘
1333,10:26:16,3.55,--,214,75970,卖盘
1334,10:26:07,3.55,-0.01,200,71000,卖盘
1335,10:25:46,3.56,0.01,3,1068,买盘
1336,10:25:37,3.55,-0.01,30,10650,卖盘
1337,10:25:27,3.56,0.01,10,3560,买盘
1338,10:25:22,3.55,--,97,34435,卖盘
1339,10:25:16,3.55,--,495,175725,卖盘
1340,10:24:37,3.55,--,3,1065,卖盘
1341,10:24:30,3.55,-0.01,100,35500,卖盘
1342,10:24:26,3.56,0.01,50,17800,买盘
1343,10:24:07,3.55,-0.01,290,102950,卖盘
1344,10:24:01,3.56,--,1,356,买盘
1345,10:23:52,3.56,--,51,18156,买盘
1346,10:23:22,3.56,--,1,356,买盘
1347,10:23:06,3.56,--,20,7120,买盘
1348,10:23:01,3.56,--,10,3560,买盘
1349,10:22:55,3.56,--,74,26344,买盘
1350,10:22:46,3.56,0.01,23,8188,买盘
1351,10:22:31,3.55,--,50,17750,卖盘
1352,10:22:16,3.55,-0.01,200,71000,卖盘
1353,10:21:40,3.56,0.01,1,356,买盘
1354,10:21:36,3.55,-0.01,53,18815,卖盘
1355,10:21:25,3.56,0.01,50,17800,买盘
1356,10:21:15,3.55,-0.01,1,355,卖盘
1357,10:21:01,3.56,0.01,98,34888,买盘
1358,10:20:55,3.55,-0.01,4,1420,卖盘
1359,10:20:25,3.56,0.01,42,14952,买盘
1360,10:20:16,3.55,--,488,173240,卖盘
1361,10:20:10,3.55,--,73,25915,卖盘
1362,10:20:01,3.55,--,4,1420,卖盘
1363,10:19:55,3.55,--,123,43665,卖盘
1364,10:19:46,3.55,-0.01,2,710,卖盘
1365,10:19:40,3.56,--,50,17800,买盘
1366,10:19:25,3.56,0.01,32,11392,买盘
1367,10:19:05,3.55,--,29,10295,卖盘
1368,10:18:55,3.55,--,13,4615,卖盘
1369,10:18:50,3.55,--,1000,355000,卖盘
1370,10:18:25,3.55,-0.01,4,1420,卖盘
1371,10:18:16,3.56,0.01,251,89356,买盘
1372,10:17:55,3.55,-0.01,3,1065,卖盘
1373,10:17:45,3.56,0.01,1,356,买盘
1374,10:17:25,3.55,--,13,4615,卖盘
1375,10:17:16,3.55,-0.01,488,173240,卖盘
1376,10:17:10,3.56,--,1,356,买盘
1377,10:17:00,3.56,0.01,6,2136,买盘
1378,10:16:55,3.55,--,171,60705,卖盘
1379,10:16:40,3.55,-0.01,70,24850,卖盘
1380,10:16:30,3.56,--,10,3560,买盘
1381,10:16:25,3.56,--,65,23140,买盘
1382,10:16:15,3.56,--,4,1424,买盘
1383,10:16:10,3.56,--,18,6408,买盘
1384,10:16:04,3.56,--,20,7120,买盘
1385,10:15:49,3.56,--,126,44856,买盘
1386,10:15:19,3.56,--,1,356,买盘
1387,10:14:40,3.56,--,30,10680,买盘
1388,10:14:25,3.56,--,11,3916,买盘
1389,10:14:04,3.56,0.01,2,712,买盘
1390,10:13:44,3.55,-0.01,1,355,卖盘
1391,10:13:24,3.56,--,26,9256,买盘
1392,10:13:19,3.56,--,4,1424,买盘
1393,10:13:10,3.56,--,1,356,买盘
1394,10:12:59,3.56,--,160,56960,卖盘
1395,10:12:55,3.56,--,81,28836,卖盘
1396,10:12:49,3.56,--,50,17800,卖盘
1397,10:12:43,3.56,--,219,77964,买盘
1398,10:12:29,3.56,--,48,17088,卖盘
1399,10:12:24,3.56,--,120,42720,卖盘
1400,10:12:19,3.56,--,91,32396,卖盘
1401,10:12:14,3.56,--,100,35600,卖盘
1402,10:12:10,3.56,--,142,50552,买盘
1403,10:11:55,3.56,--,7,2492,买盘
1404,10:11:49,3.56,0.01,40,14240,买盘
1405,10:11:39,3.55,-0.01,222,78810,卖盘
1406,10:11:34,3.56,--,23,8188,买盘
1407,10:11:28,3.56,--,20,7120,买盘
1408,10:11:25,3.56,--,57,20292,卖盘
1409,10:11:19,3.56,--,102,36312,买盘
1410,10:11:15,3.56,--,3,1068,买盘
1411,10:11:10,3.56,--,6,2136,买盘
1412,10:11:03,3.56,-0.01,30,10680,买盘
1413,10:10:55,3.57,--,0,0,买盘
1414,10:10:49,3.57,0.01,200,71400,买盘
1415,10:10:40,3.56,0.01,41,14596,买盘
1416,10:10:34,3.55,-0.01,1039,368845,卖盘
1417,10:10:29,3.56,-0.01,77,27412,卖盘
1418,10:10:25,3.57,0.01,101,36057,买盘
1419,10:10:19,3.56,--,489,174084,卖盘
1420,10:10:14,3.56,-0.01,3,1068,卖盘
1421,10:10:10,3.57,0.01,50,17850,买盘
1422,10:10:03,3.56,--,50,17800,卖盘
1423,10:10:00,3.56,--,34,12104,卖盘
1424,10:09:49,3.56,--,1000,356000,卖盘
1425,10:09:40,3.56,--,100,35600,卖盘
1426,10:09:34,3.56,-0.01,50,17800,卖盘
1427,10:09:25,3.57,0.01,20,7140,买盘
1428,10:09:19,3.56,-0.01,80,28480,卖盘
1429,10:09:14,3.57,0.01,1,357,买盘
1430,10:09:04,3.56,--,170,60520,卖盘
1431,10:09:00,3.56,--,10,3560,卖盘
1432,10:08:49,3.56,--,30,10680,卖盘
1433,10:08:45,3.56,-0.01,4,1424,卖盘
1434,10:08:34,3.57,--,1,357,买盘
1435,10:08:30,3.57,--,1,357,买盘
1436,10:08:04,3.57,0.01,89,31773,买盘
1437,10:07:42,3.56,-0.01,20,7120,卖盘
1438,10:07:28,3.57,0.01,43,15351,买盘
1439,10:07:04,3.56,--,221,78676,卖盘
1440,10:06:57,3.56,--,14,4984,卖盘
1441,10:06:53,3.56,--,76,27056,卖盘
1442,10:06:37,3.56,--,30,10680,卖盘
1443,10:06:34,3.56,--,50,17800,卖盘
1444,10:06:28,3.56,--,40,14240,卖盘
1445,10:06:23,3.56,--,10,3560,卖盘
1446,10:06:19,3.56,-0.01,17,6052,卖盘
1447,10:06:13,3.57,--,49,17493,买盘
1448,10:06:09,3.57,0.01,1982,707574,买盘
1449,10:05:58,3.56,-0.01,154,54824,卖盘
1450,10:05:49,3.57,0.01,39,13923,买盘
1451,10:05:42,3.56,--,1279,455669,买盘
1452,10:05:34,3.56,--,690,245640,买盘
1453,10:05:24,3.56,--,1,356,买盘
1454,10:05:19,3.56,--,336,119616,买盘
1455,10:05:04,3.56,--,2,712,买盘
1456,10:04:49,3.56,--,264,93984,买盘
1457,10:04:38,3.56,--,84,29904,买盘
1458,10:04:34,3.56,--,20,7120,买盘
1459,10:04:19,3.56,--,2000,712000,买盘
1460,10:04:09,3.56,--,1667,593462,卖盘
1461,10:04:04,3.56,--,170,60520,卖盘
1462,10:03:58,3.56,--,3095,1101820,卖盘
1463,10:03:53,3.56,--,15,5340,卖盘
1464,10:03:49,3.56,--,726,258456,卖盘
1465,10:03:43,3.56,--,1546,550376,卖盘
1466,10:03:38,3.56,--,100,35600,卖盘
1467,10:03:34,3.56,--,165,58740,卖盘
1468,10:03:28,3.56,--,238,84728,卖盘
1469,10:03:23,3.56,--,104,37024,卖盘
1470,10:03:13,3.56,--,1150,409400,卖盘
1471,10:03:08,3.56,--,203,72268,卖盘
1472,10:03:04,3.56,--,55,19580,卖盘
1473,10:02:58,3.56,--,296,105376,卖盘
1474,10:02:53,3.56,--,55,19580,卖盘
1475,10:02:49,3.56,--,73,25988,卖盘
1476,10:02:43,3.56,--,30,10680,卖盘
1477,10:02:34,3.56,--,10,3560,卖盘
1478,10:02:28,3.56,--,2050,729800,卖盘
1479,10:02:19,3.56,--,13,4628,卖盘
1480,10:02:13,3.56,--,519,184764,卖盘
1481,10:02:07,3.56,-0.01,30,10680,卖盘
1482,10:02:04,3.57,0.01,38,13566,买盘
1483,10:01:54,3.56,-0.01,20,7120,卖盘
1484,10:01:48,3.57,0.01,59,21063,买盘
1485,10:01:38,3.56,--,22,7832,卖盘
1486,10:01:32,3.56,--,30,10680,卖盘
1487,10:01:28,3.56,-0.01,150,53400,卖盘
1488,10:01:23,3.57,0.01,109,38913,买盘
1489,10:01:18,3.56,--,30,10680,卖盘
1490,10:01:13,3.56,--,19,6764,卖盘
1491,10:01:06,3.56,--,300,106800,卖盘
1492,10:01:02,3.56,-0.01,150,53400,卖盘
1493,10:00:58,3.57,--,26,9282,买盘
1494,10:00:54,3.57,0.01,156,55692,买盘
1495,10:00:48,3.56,--,36,12816,卖盘
1496,10:00:43,3.56,--,200,71200,卖盘
1497,10:00:28,3.56,--,3301,1175156,卖盘
1498,10:00:18,3.56,--,30,10680,卖盘
1499,10:00:12,3.56,--,3,1068,卖盘
1500,10:00:09,3.56,-0.01,100,35600,卖盘
1501,10:00:03,3.57,--,156,55692,买盘
1502,09:59:52,3.57,--,1,357,买盘
1503,09:59:48,3.57,--,41,14637,买盘
1504,09:59:43,3.57,--,49,17493,买盘
1505,09:59:27,3.57,0.01,51,18207,买盘
1506,09:59:17,3.56,-0.01,49,17444,卖盘
1507,09:59:13,3.57,--,47,16779,买盘
1508,09:59:06,3.57,--,300,107100,买盘
1509,09:59:02,3.57,0.01,200,71400,买盘
1510,09:58:58,3.56,-0.01,90,32040,卖盘
1511,09:58:51,3.57,--,326,116382,买盘
1512,09:58:47,3.57,--,76,27132,买盘
1513,09:58:43,3.57,0.01,58,20706,买盘
1514,09:58:33,3.56,--,42,14952,卖盘
1515,09:58:28,3.56,-0.01,94,33464,卖盘
1516,09:58:22,3.57,0.01,221,78897,买盘
1517,09:58:17,3.56,-0.01,3,1068,卖盘
1518,09:58:13,3.57,0.01,2349,838593,买盘
1519,09:58:07,3.56,--,10,3560,卖盘
1520,09:58:03,3.56,-0.01,807,287292,卖盘
1521,09:57:52,3.57,0.01,4,1428,买盘
1522,09:57:47,3.56,-0.01,386,137508,卖盘
1523,09:57:43,3.57,--,48,17136,买盘
1524,09:57:37,3.57,0.01,56,19992,买盘
1525,09:57:27,3.56,-0.01,675,240346,卖盘
1526,09:57:17,3.57,--,10,3570,买盘
1527,09:57:13,3.57,--,573,204561,买盘
1528,09:57:07,3.57,0.01,5,1785,买盘
1529,09:56:57,3.56,-0.01,36,12816,卖盘
1530,09:56:52,3.57,--,700,249900,买盘
1531,09:56:43,3.57,--,48,17136,买盘
1532,09:56:37,3.57,0.01,1,357,买盘
1533,09:56:31,3.56,-0.01,57,20292,卖盘
1534,09:56:28,3.57,0.01,674,240618,买盘
1535,09:56:22,3.56,-0.01,50,17800,卖盘
1536,09:56:13,3.57,--,48,17136,买盘
1537,09:56:07,3.57,0.01,256,91392,买盘
1538,09:55:58,3.56,-0.01,10,3560,卖盘
1539,09:55:52,3.57,0.01,1,357,买盘
1540,09:55:48,3.56,-0.01,1,356,卖盘
1541,09:55:42,3.57,--,167,59619,买盘
1542,09:55:37,3.57,--,100,35700,买盘
1543,09:55:32,3.57,0.01,9,3213,买盘
1544,09:55:27,3.56,-0.01,30,10680,卖盘
1545,09:55:22,3.57,0.01,46,16422,买盘
1546,09:55:17,3.56,-0.01,94,33464,卖盘
1547,09:55:13,3.57,--,81,28917,买盘
1548,09:55:07,3.57,--,152,54264,买盘
1549,09:54:52,3.57,0.01,2,714,买盘
1550,09:54:46,3.56,-0.01,198,70488,卖盘
1551,09:54:33,3.57,--,1,357,买盘
1552,09:54:25,3.57,0.01,158,56406,买盘
1553,09:54:22,3.56,-0.01,113,40228,卖盘
1554,09:54:17,3.57,0.01,203,72471,买盘
1555,09:54:07,3.56,-0.01,32,11392,卖盘
1556,09:54:02,3.57,0.01,86,30702,买盘
1557,09:53:57,3.56,--,10,3560,卖盘
1558,09:53:46,3.56,--,1448,515488,卖盘
1559,09:53:37,3.56,--,415,147740,卖盘
1560,09:53:32,3.56,--,123,43788,卖盘
1561,09:53:22,3.56,-0.01,1441,512996,卖盘
1562,09:53:17,3.57,--,50,17850,买盘
1563,09:53:07,3.57,0.01,1,357,买盘
1564,09:53:02,3.56,--,10,3560,卖盘
1565,09:52:56,3.56,-0.01,2,712,卖盘
1566,09:52:52,3.57,0.01,50,17850,买盘
1567,09:52:47,3.56,-0.01,119,42364,卖盘
1568,09:52:37,3.57,--,215,76755,买盘
1569,09:52:32,3.57,0.01,40,14280,买盘
1570,09:52:17,3.56,--,143,50908,卖盘
1571,09:52:12,3.56,--,489,174084,卖盘
1572,09:52:07,3.56,--,10,3560,卖盘
1573,09:52:02,3.56,--,18,6408,卖盘
1574,09:51:56,3.56,-0.01,5,1780,卖盘
1575,09:51:51,3.57,0.01,18,6426,买盘
1576,09:51:46,3.56,-0.01,49,17444,卖盘
1577,09:51:42,3.57,--,61,21777,买盘
1578,09:51:37,3.57,0.01,5,1785,买盘
1579,09:51:31,3.56,-0.01,340,121040,卖盘
1580,09:51:22,3.57,--,1,357,买盘
1581,09:51:16,3.57,--,68,24276,买盘
1582,09:51:11,3.57,--,5,1785,买盘
1583,09:51:07,3.57,--,2830,1010310,买盘
1584,09:51:01,3.57,--,1493,533208,买盘
1585,09:50:51,3.57,0.01,70,24990,买盘
1586,09:50:46,3.56,-0.01,264,93984,卖盘
1587,09:50:42,3.57,--,8,2856,买盘
1588,09:50:31,3.57,--,1000,357000,买盘
1589,09:50:21,3.57,0.01,9,3213,买盘
1590,09:50:16,3.56,-0.01,119,42364,卖盘
1591,09:50:12,3.57,--,390,139230,买盘
1592,09:50:07,3.57,--,257,91749,买盘
1593,09:50:01,3.57,--,158,56406,买盘
1594,09:49:52,3.57,--,238,84966,买盘
1595,09:49:46,3.57,--,69,24633,买盘
1596,09:49:41,3.57,0.01,112,39984,买盘
1597,09:49:37,3.56,-0.01,30,10680,卖盘
1598,09:49:31,3.57,--,10,3570,买盘
1599,09:49:27,3.57,--,80,28560,买盘
1600,09:49:22,3.57,--,151,53907,买盘
1601,09:49:15,3.57,0.01,63,22491,买盘
1602,09:49:11,3.56,--,510,181560,卖盘
1603,09:49:07,3.56,-0.01,1261,448916,卖盘
1604,09:49:00,3.57,--,130,46410,买盘
1605,09:48:52,3.57,--,5,1785,买盘
1606,09:48:46,3.57,0.01,47,16779,买盘
1607,09:48:42,3.56,-0.01,46,16376,卖盘
1608,09:48:16,3.57,0.01,1,357,买盘
1609,09:48:01,3.56,-0.01,61,21716,卖盘
1610,09:47:56,3.57,--,100,35700,买盘
1611,09:47:35,3.57,--,1,357,买盘
1612,09:47:31,3.57,0.01,295,105315,买盘
1613,09:47:25,3.56,--,71,25276,卖盘
1614,09:47:20,3.56,-0.01,150,53400,卖盘
1615,09:47:16,3.57,--,30,10710,买盘
1616,09:47:11,3.57,--,124,44268,买盘
1617,09:47:01,3.57,--,2000,714000,买盘
1618,09:46:56,3.57,--,50,17850,买盘
1619,09:46:50,3.57,0.01,36,12852,买盘
1620,09:46:46,3.56,-0.01,198,70488,卖盘
1621,09:46:41,3.57,0.01,114,40698,买盘
1622,09:46:35,3.56,-0.01,50,17800,卖盘
1623,09:46:31,3.57,0.01,462,164934,买盘
1624,09:46:25,3.56,-0.01,120,42720,卖盘
1625,09:46:20,3.57,--,315,112455,买盘
1626,09:46:16,3.57,0.01,423,151011,买盘
1627,09:46:11,3.56,--,645,229620,卖盘
1628,09:46:05,3.56,--,115,40940,卖盘
1629,09:46:00,3.56,--,41,14596,卖盘
1630,09:45:56,3.56,--,9088,3235328,买盘
1631,09:45:46,3.56,--,36,12816,买盘
1632,09:45:41,3.56,--,1949,693844,买盘
1633,09:45:31,3.56,0.01,10030,3570680,买盘
1634,09:45:20,3.55,-0.01,33,11715,卖盘
1635,09:45:11,3.56,--,41,14596,买盘
1636,09:45:01,3.56,--,10,3560,买盘
1637,09:44:56,3.56,0.01,1,356,买盘
1638,09:44:50,3.55,--,5,1775,卖盘
1639,09:44:46,3.55,--,55,19525,卖盘
1640,09:44:41,3.55,-0.01,200,71000,卖盘
1641,09:44:31,3.56,0.01,10020,3567120,买盘
1642,09:44:25,3.55,--,347,123185,卖盘
1643,09:44:19,3.55,-0.01,50,17750,卖盘
1644,09:44:16,3.56,0.01,1,356,买盘
1645,09:44:10,3.55,-0.01,1000,355000,卖盘
1646,09:44:04,3.56,--,1296,461376,买盘
1647,09:44:01,3.56,--,2,712,买盘
1648,09:43:55,3.56,--,130,46280,买盘
1649,09:43:50,3.56,0.01,11,3916,买盘
1650,09:43:46,3.55,--,852,302460,卖盘
1651,09:43:30,3.55,-0.01,100,35500,卖盘
1652,09:43:24,3.56,--,15,5340,买盘
1653,09:43:16,3.56,0.01,8657,3081892,买盘
1654,09:43:10,3.55,--,112,39760,卖盘
1655,09:43:05,3.55,--,120,42600,卖盘
1656,09:42:55,3.55,--,201,71355,卖盘
1657,09:42:46,3.55,--,1,355,卖盘
1658,09:42:40,3.55,--,55,19525,卖盘
1659,09:42:31,3.55,--,30,10650,卖盘
1660,09:42:24,3.55,--,758,269090,买盘
1661,09:42:21,3.55,--,61,21655,买盘
1662,09:42:16,3.55,--,33,11715,买盘
1663,09:42:10,3.55,--,200,71000,买盘
1664,09:42:01,3.55,--,184,65320,买盘
1665,09:41:55,3.55,0.01,345,122475,买盘
1666,09:41:50,3.54,-0.01,2,708,卖盘
1667,09:41:46,3.55,--,1143,405765,卖盘
1668,09:41:40,3.55,--,1140,404700,买盘
1669,09:41:34,3.55,--,403,143065,买盘
1670,09:41:29,3.55,--,10013,3554615,买盘
1671,09:41:20,3.55,--,41,14555,买盘
1672,09:41:15,3.55,--,500,177500,买盘
1673,09:41:10,3.55,--,110,39050,买盘
1674,09:41:05,3.55,--,63,22365,买盘
1675,09:40:59,3.55,--,10002,3550710,买盘
1676,09:40:50,3.55,--,153,54315,买盘
1677,09:40:44,3.55,--,204,72420,买盘
1678,09:40:40,3.55,--,320,113600,买盘
1679,09:40:35,3.55,0.01,63,22365,买盘
1680,09:40:14,3.54,-0.01,928,328512,卖盘
1681,09:40:10,3.55,--,29,10295,买盘
1682,09:40:04,3.55,--,434,154070,买盘
1683,09:39:59,3.55,--,254,90170,买盘
1684,09:39:55,3.55,--,89,31595,买盘
1685,09:39:50,3.55,--,1360,482800,买盘
1686,09:39:35,3.55,--,65,23075,买盘
1687,09:39:29,3.55,--,4540,1611700,买盘
1688,09:39:25,3.55,--,5,1775,买盘
1689,09:39:19,3.55,--,500,177500,买盘
1690,09:39:10,3.55,--,10,3550,买盘
1691,09:39:05,3.55,--,72,25560,买盘
1692,09:38:55,3.55,0.01,2000,710000,买盘
1693,09:38:50,3.54,--,54,19116,卖盘
1694,09:38:40,3.54,-0.01,2159,764286,卖盘
1695,09:38:35,3.55,--,63,22365,买盘
1696,09:38:30,3.55,0.01,20,7100,买盘
1697,09:38:20,3.54,-0.01,8,2832,卖盘
1698,09:38:10,3.55,--,2238,794490,买盘
1699,09:38:05,3.55,--,63,22365,买盘
1700,09:37:49,3.55,0.01,3200,1136000,买盘
1701,09:37:45,3.54,-0.01,8,2832,卖盘
1702,09:37:35,3.55,--,2065,733075,买盘
1703,09:37:29,3.55,--,11,3905,买盘
1704,09:37:25,3.55,--,1,355,买盘
1705,09:37:20,3.55,0.01,11,3905,买盘
1706,09:37:10,3.54,-0.01,1813,641883,卖盘
1707,09:37:05,3.55,--,63,22365,买盘
1708,09:36:55,3.55,--,291,103305,买盘
1709,09:36:40,3.55,0.01,1500,532500,买盘
1710,09:36:33,3.54,-0.01,113,40002,卖盘
1711,09:36:10,3.55,--,115,40825,买盘
1712,09:36:03,3.55,0.01,225,79875,买盘
1713,09:35:55,3.54,-0.01,1500,531000,卖盘
1714,09:35:44,3.55,--,37,13135,买盘
1715,09:35:40,3.55,--,31,11005,买盘
1716,09:35:19,3.55,0.01,2001,710355,买盘
1717,09:35:15,3.54,--,349,123546,卖盘
1718,09:35:04,3.54,-0.01,97,34338,卖盘
1719,09:34:55,3.55,--,528,187440,买盘
1720,09:34:49,3.55,0.01,2,710,买盘
1721,09:34:45,3.54,-0.01,792,280562,卖盘
1722,09:34:34,3.55,0.01,338,119990,买盘
1723,09:34:29,3.54,--,819,289926,卖盘
1724,09:34:24,3.54,-0.01,4,1416,卖盘
1725,09:34:14,3.55,--,50,17750,买盘
1726,09:34:04,3.55,0.01,725,257375,买盘
1727,09:33:53,3.54,--,77,27258,卖盘
1728,09:33:49,3.54,--,227,80358,卖盘
1729,09:33:44,3.54,-0.01,14,4956,卖盘
1730,09:33:39,3.55,--,1,355,买盘
1731,09:33:34,3.55,--,5,1775,买盘
1732,09:33:23,3.55,--,5042,1789910,买盘
1733,09:33:19,3.55,--,73,25915,买盘
1734,09:33:14,3.55,0.01,86,30530,买盘
1735,09:32:59,3.54,-0.01,1,354,卖盘
1736,09:32:44,3.55,--,200,71000,买盘
1737,09:32:38,3.55,--,431,153005,买盘
1738,09:32:23,3.55,0.01,10,3550,买盘
1739,09:32:19,3.54,-0.01,15,5310,卖盘
1740,09:32:14,3.55,--,34,12070,买盘
1741,09:32:08,3.55,0.01,233,82715,买盘
1742,09:31:59,3.54,--,88,31406,买盘
1743,09:31:54,3.54,--,537,190197,卖盘
1744,09:31:48,3.54,--,92,32822,买盘
1745,09:31:44,3.54,--,517,183018,买盘
1746,09:31:38,3.54,--,328,116112,买盘
1747,09:31:34,3.54,--,150,53100,买盘
1748,09:31:29,3.54,--,106,37524,买盘
1749,09:31:24,3.54,--,1486,526044,买盘
1750,09:31:19,3.54,--,2007,710478,买盘
1751,09:31:14,3.54,--,2375,840750,买盘
1752,09:31:08,3.54,--,151,53454,买盘
1753,09:31:04,3.54,--,1037,367098,买盘
1754,09:30:59,3.54,--,10,3540,买盘
1755,09:30:53,3.54,--,40,14160,买盘
1756,09:30:44,3.54,0.01,367,129918,买盘
1757,09:30:38,3.53,-0.01,732,258396,卖盘
1758,09:30:33,3.54,--,36,12744,买盘
1759,09:30:29,3.54,--,11,3894,买盘
1760,09:30:23,3.54,0.01,1000,354000,买盘
1761,09:30:19,3.53,-0.01,196,69188,卖盘
1762,09:30:14,3.54,--,1516,536664,买盘
1763,09:30:08,3.54,0.01,51,18054,买盘
1764,09:30:04,3.53,-0.01,12508,4415324,卖盘
1765,09:28:55,3.54,--,0,0,买盘
1766,09:25:03,3.54,3.54,8965,3173610,买盘
