,time,price,change,volume,amount,type
0,15:00:00,3.1,--,0,0,买盘
1,15:00:00,3.1,0.01,0,0,买盘
2,14:59:59,3.09,--,384,118656,卖盘
3,14:59:49,3.09,-0.01,22,6798,卖盘
4,14:59:44,3.1,0.01,225,69750,买盘
5,14:59:39,3.09,-0.01,93,28737,卖盘
6,14:59:34,3.1,--,3,930,买盘
7,14:59:29,3.1,--,1,310,买盘
8,14:59:19,3.1,--,166,51460,买盘
9,14:59:14,3.1,--,127,39370,买盘
10,14:59:09,3.1,--,16,4960,买盘
11,14:59:04,3.1,--,10,3100,买盘
12,14:58:59,3.1,--,21,6510,买盘
13,14:58:54,3.1,--,20,6200,买盘
14,14:58:49,3.1,0.01,6,1860,买盘
15,14:58:44,3.09,-0.01,30,9270,卖盘
16,14:58:39,3.1,--,1,310,买盘
17,14:58:34,3.1,--,33,10230,买盘
18,14:58:29,3.1,0.01,207,64170,买盘
19,14:58:24,3.09,--,2,618,卖盘
20,14:58:19,3.09,--,1,309,卖盘
21,14:58:14,3.09,-0.01,100,30900,卖盘
22,14:58:09,3.1,--,5,1550,买盘
23,14:58:04,3.1,0.01,10,3100,买盘
24,14:57:59,3.09,-0.01,10,3090,卖盘
25,14:57:54,3.1,0.01,64,19840,买盘
26,14:57:39,3.09,--,99,30591,卖盘
27,14:57:34,3.09,-0.01,41,12669,卖盘
28,14:57:29,3.1,0.01,158,48980,买盘
29,14:57:04,3.09,-0.01,1,309,卖盘
30,14:56:59,3.1,0.01,11,3410,买盘
31,14:56:54,3.09,--,20,6180,卖盘
32,14:56:49,3.09,-0.01,138,42642,卖盘
33,14:56:34,3.1,0.01,10,3100,买盘
34,14:56:29,3.09,--,91,28119,卖盘
35,14:56:24,3.09,-0.01,54,16686,卖盘
36,14:56:19,3.1,--,202,62620,买盘
37,14:56:14,3.1,--,26,8060,买盘
38,14:56:09,3.1,--,19,5890,买盘
39,14:56:04,3.1,--,3351,1038810,买盘
40,14:55:59,3.1,0.01,71,22010,买盘
41,14:55:49,3.09,--,18,5562,卖盘
42,14:55:43,3.09,-0.01,82,25338,卖盘
43,14:55:33,3.1,--,2854,884740,买盘
44,14:55:28,3.1,0.01,1003,310930,买盘
45,14:55:24,3.09,-0.01,31,9579,卖盘
46,14:55:19,3.1,--,1171,363010,买盘
47,14:55:13,3.1,0.01,501,155310,买盘
48,14:55:09,3.09,-0.01,32,9888,卖盘
49,14:55:03,3.1,0.01,18,5580,买盘
50,14:54:58,3.09,-0.01,182,56238,卖盘
51,14:54:54,3.1,0.01,1120,347200,买盘
52,14:54:43,3.09,-0.01,69,21321,卖盘
53,14:54:39,3.1,0.01,139,43090,买盘
54,14:54:33,3.09,-0.01,59,18231,卖盘
55,14:54:28,3.1,0.01,53,16430,买盘
56,14:54:24,3.09,--,32,9888,卖盘
57,14:54:13,3.09,--,96,29664,卖盘
58,14:54:08,3.09,-0.01,100,30900,卖盘
59,14:54:03,3.1,0.01,26,8060,买盘
60,14:53:58,3.09,--,945,292005,卖盘
61,14:53:53,3.09,--,10,3090,卖盘
62,14:53:48,3.09,--,7,2163,卖盘
63,14:53:43,3.09,-0.01,1743,538587,卖盘
64,14:53:38,3.1,0.01,2051,635810,买盘
65,14:53:33,3.09,--,82,25338,卖盘
66,14:53:28,3.09,--,38,11742,卖盘
67,14:53:23,3.09,--,32,9888,卖盘
68,14:53:13,3.09,--,110,33990,卖盘
69,14:53:08,3.09,-0.01,319,98571,卖盘
70,14:53:03,3.1,0.01,17,5270,买盘
71,14:52:58,3.09,-0.01,3579,1105911,卖盘
72,14:52:53,3.1,0.01,2,620,买盘
73,14:52:48,3.09,--,6,1925,卖盘
74,14:52:43,3.09,-0.01,46,14291,卖盘
75,14:52:38,3.1,--,100,31282,买盘
76,14:52:33,3.1,--,117,36270,买盘
77,14:52:28,3.1,0.01,14,4340,买盘
78,14:52:23,3.09,-0.01,589,182001,卖盘
79,14:52:18,3.1,0.01,2091,648210,买盘
80,14:52:13,3.09,--,6,1897,卖盘
81,14:52:08,3.09,--,31,9579,卖盘
82,14:52:03,3.09,--,119,36771,卖盘
83,14:51:58,3.09,--,13,4029,卖盘
84,14:51:53,3.09,--,16,5225,卖盘
85,14:51:43,3.09,--,15,4647,卖盘
86,14:51:38,3.09,-0.01,2,618,卖盘
87,14:51:33,3.1,0.01,20,6200,买盘
88,14:51:28,3.09,--,8,2472,卖盘
89,14:51:23,3.09,-0.01,161,49749,卖盘
90,14:51:18,3.1,--,1,310,买盘
91,14:51:13,3.1,--,7,2170,买盘
92,14:51:08,3.1,0.01,1,310,买盘
93,14:51:03,3.09,-0.01,109,33681,卖盘
94,14:50:58,3.1,0.01,2,620,买盘
95,14:50:53,3.09,-0.01,1,309,卖盘
96,14:50:43,3.1,--,2182,676420,买盘
97,14:50:38,3.1,0.01,440,136400,买盘
98,14:50:33,3.09,-0.01,70,21630,卖盘
99,14:50:28,3.1,0.01,40,12400,买盘
100,14:50:23,3.09,-0.01,20,6180,卖盘
101,14:50:18,3.1,0.01,917,284270,买盘
102,14:50:13,3.09,--,192,59328,卖盘
103,14:50:08,3.09,-0.01,79,24411,卖盘
104,14:50:03,3.1,--,15,4650,买盘
105,14:49:58,3.1,--,104,32240,买盘
106,14:49:53,3.1,--,3,930,买盘
107,14:49:43,3.1,0.01,5,1550,买盘
108,14:49:38,3.09,-0.01,191,59019,卖盘
109,14:49:33,3.1,0.01,94,29140,买盘
110,14:49:28,3.09,-0.01,252,77868,卖盘
111,14:49:22,3.1,--,1805,559550,买盘
112,14:49:12,3.1,--,4,1240,买盘
113,14:49:07,3.1,0.01,598,185380,买盘
114,14:49:03,3.09,-0.01,93,28737,卖盘
115,14:48:58,3.1,0.01,2,620,买盘
116,14:48:52,3.09,--,2,618,卖盘
117,14:48:42,3.09,-0.01,1,309,卖盘
118,14:48:33,3.1,--,62,19220,买盘
119,14:48:27,3.1,0.01,118,36580,买盘
120,14:48:22,3.09,--,184,56856,卖盘
121,14:48:18,3.09,--,41,12669,卖盘
122,14:48:07,3.09,--,125,38625,卖盘
123,14:48:03,3.09,-0.01,46,14214,卖盘
124,14:47:57,3.1,--,2,620,买盘
125,14:47:47,3.1,0.01,3,930,买盘
126,14:47:42,3.09,-0.01,10,3090,卖盘
127,14:47:37,3.1,0.01,303,93930,买盘
128,14:47:32,3.09,-0.01,1832,566088,卖盘
129,14:47:27,3.1,0.01,353,109430,买盘
130,14:47:22,3.09,-0.01,5,1545,卖盘
131,14:47:17,3.1,0.01,3,930,买盘
132,14:47:07,3.09,--,11,3399,卖盘
133,14:47:02,3.09,-0.01,100,30900,卖盘
134,14:46:57,3.1,--,3,930,买盘
135,14:46:52,3.1,--,6,1860,买盘
136,14:46:47,3.1,--,19,5890,买盘
137,14:46:42,3.1,--,9,2790,买盘
138,14:46:37,3.1,0.01,908,281480,买盘
139,14:46:32,3.09,-0.01,168,52103,卖盘
140,14:46:27,3.1,--,3,930,买盘
141,14:46:22,3.1,0.01,403,124930,买盘
142,14:46:12,3.09,--,40,12360,卖盘
143,14:46:02,3.09,-0.01,88,27192,卖盘
144,14:45:57,3.1,0.01,3,930,买盘
145,14:45:52,3.09,-0.01,20,6180,卖盘
146,14:45:47,3.1,0.01,206,63860,买盘
147,14:45:32,3.09,-0.01,64,19776,卖盘
148,14:45:27,3.1,--,4,1240,买盘
149,14:45:22,3.1,--,13,4030,买盘
150,14:45:17,3.1,--,39,12090,买盘
151,14:45:12,3.1,0.01,40,12400,买盘
152,14:45:07,3.09,-0.01,50,15450,卖盘
153,14:45:02,3.1,--,221,68510,买盘
154,14:44:57,3.1,0.01,3,930,买盘
155,14:44:52,3.09,-0.01,4,1236,卖盘
156,14:44:47,3.1,0.01,1,310,买盘
157,14:44:42,3.09,-0.01,8,2580,卖盘
158,14:44:37,3.1,0.01,119,36890,买盘
159,14:44:32,3.09,-0.01,99,30591,卖盘
160,14:44:27,3.1,--,4,1240,买盘
161,14:44:22,3.1,0.01,4,1240,买盘
162,14:44:17,3.09,--,390,120717,卖盘
163,14:44:12,3.09,--,7,2410,卖盘
164,14:44:07,3.09,--,5,1545,卖盘
165,14:44:02,3.09,--,303,93627,卖盘
166,14:43:57,3.09,--,19,5871,卖盘
167,14:43:52,3.09,--,1,309,卖盘
168,14:43:47,3.09,-0.01,13,4128,卖盘
169,14:43:42,3.1,0.01,18,5580,买盘
170,14:43:32,3.09,-0.01,71,21939,卖盘
171,14:43:27,3.1,--,2,620,买盘
172,14:43:22,3.1,0.01,30,9300,买盘
173,14:43:17,3.09,-0.01,1,309,卖盘
174,14:43:12,3.1,0.01,6,1860,买盘
175,14:43:07,3.09,--,4,1236,卖盘
176,14:43:02,3.09,-0.01,116,35847,卖盘
177,14:42:57,3.1,--,906,280860,买盘
178,14:42:52,3.1,0.01,11,3416,买盘
179,14:42:47,3.09,--,90,27850,卖盘
180,14:42:42,3.09,--,124,38316,卖盘
181,14:42:32,3.09,-0.01,109,33681,卖盘
182,14:42:27,3.1,0.01,2,620,买盘
183,14:42:22,3.09,-0.01,32,9888,卖盘
184,14:42:16,3.1,--,11,3410,买盘
185,14:42:06,3.1,0.01,352,109120,买盘
186,14:42:01,3.09,-0.01,137,42333,卖盘
187,14:41:57,3.1,0.01,5,1550,买盘
188,14:41:51,3.09,--,130,40170,卖盘
189,14:41:46,3.09,-0.01,1,309,卖盘
190,14:41:42,3.1,0.01,32,9920,买盘
191,14:41:36,3.09,-0.01,42,12978,卖盘
192,14:41:31,3.1,--,17,5270,买盘
193,14:41:27,3.1,0.01,22,6820,买盘
194,14:41:16,3.09,-0.01,1,309,卖盘
195,14:41:12,3.1,--,57,17670,买盘
196,14:41:01,3.1,0.01,114,35340,买盘
197,14:40:57,3.09,-0.01,1003,310112,卖盘
198,14:40:51,3.1,0.01,995,308450,买盘
199,14:40:42,3.09,--,52,16068,卖盘
200,14:40:31,3.09,-0.01,898,277482,卖盘
201,14:40:26,3.1,--,2,620,买盘
202,14:40:16,3.1,--,92,28520,买盘
203,14:40:11,3.1,--,21,6510,买盘
204,14:40:01,3.1,--,23,7173,买盘
205,14:39:56,3.1,0.01,3,930,买盘
206,14:39:51,3.09,-0.01,1,309,卖盘
207,14:39:46,3.1,0.01,133,41512,买盘
208,14:39:41,3.09,-0.01,2557,790113,卖盘
209,14:39:31,3.1,--,126,39060,买盘
210,14:39:26,3.1,0.01,6,1860,买盘
211,14:39:16,3.09,--,903,279277,卖盘
212,14:39:11,3.09,--,2,618,卖盘
213,14:39:06,3.09,--,33,10197,卖盘
214,14:39:01,3.09,-0.01,102,31681,卖盘
215,14:38:56,3.1,0.01,76,23560,买盘
216,14:38:46,3.09,-0.01,0,278,卖盘
217,14:38:36,3.1,--,1,310,买盘
218,14:38:31,3.1,0.01,76,23560,买盘
219,14:38:26,3.09,--,3,927,卖盘
220,14:38:21,3.09,--,34,10506,卖盘
221,14:38:16,3.09,--,3,927,卖盘
222,14:38:11,3.09,-0.01,164,50676,卖盘
223,14:38:01,3.1,--,15,4650,买盘
224,14:37:56,3.1,0.01,4,1240,买盘
225,14:37:51,3.09,--,30,9270,卖盘
226,14:37:36,3.09,--,17,5253,卖盘
227,14:37:31,3.09,-0.01,119,36771,卖盘
228,14:37:26,3.1,0.01,3,930,买盘
229,14:37:21,3.09,-0.01,11,3399,卖盘
230,14:37:16,3.1,0.01,187,57970,买盘
231,14:37:11,3.09,-0.01,93,28737,卖盘
232,14:37:06,3.1,0.01,52,16120,买盘
233,14:37:01,3.09,-0.01,106,32754,卖盘
234,14:36:56,3.1,--,3,930,买盘
235,14:36:51,3.1,0.01,10,3100,买盘
236,14:36:46,3.09,-0.01,0,281,卖盘
237,14:36:31,3.1,--,15,4650,买盘
238,14:36:26,3.1,--,2,620,买盘
239,14:36:21,3.1,0.01,201,62310,买盘
240,14:36:11,3.09,--,32,10178,卖盘
241,14:36:01,3.09,-0.01,92,28428,卖盘
242,14:35:56,3.1,0.01,4,1240,买盘
243,14:35:51,3.09,--,1,309,卖盘
244,14:35:41,3.09,--,937,289533,卖盘
245,14:35:31,3.09,-0.01,112,34608,卖盘
246,14:35:26,3.1,--,2,886,买盘
247,14:35:21,3.1,0.01,79,24490,买盘
248,14:35:11,3.09,-0.01,78,24148,卖盘
249,14:35:00,3.1,--,17,5270,买盘
250,14:34:56,3.1,--,8,2480,买盘
251,14:34:51,3.1,0.01,93,28830,买盘
252,14:34:45,3.09,-0.01,1,309,卖盘
253,14:34:36,3.1,0.01,64,19840,买盘
254,14:34:30,3.09,-0.01,5,1545,卖盘
255,14:34:25,3.1,--,196,60874,买盘
256,14:34:21,3.1,--,2,620,买盘
257,14:34:15,3.1,--,4,1240,买盘
258,14:34:06,3.1,--,164,50840,买盘
259,14:33:55,3.1,--,3,930,买盘
260,14:33:45,3.1,0.01,132,40920,买盘
261,14:33:36,3.09,-0.01,209,64581,卖盘
262,14:33:30,3.1,--,103,31930,买盘
263,14:33:25,3.1,--,3,930,买盘
264,14:33:15,3.1,0.01,1,310,买盘
265,14:33:10,3.09,-0.01,146,45114,卖盘
266,14:33:06,3.1,--,22,6820,买盘
267,14:32:55,3.1,--,4,1240,买盘
268,14:32:40,3.1,0.01,2,620,买盘
269,14:32:35,3.09,-0.01,78,24102,卖盘
270,14:32:25,3.1,0.01,15,4650,买盘
271,14:32:15,3.09,-0.01,1,309,卖盘
272,14:32:10,3.1,--,8,2480,买盘
273,14:32:05,3.1,--,218,67580,买盘
274,14:31:55,3.1,0.01,940,291400,买盘
275,14:31:45,3.09,-0.01,278,85902,卖盘
276,14:31:35,3.1,--,15,4650,买盘
277,14:31:30,3.1,--,20,6200,买盘
278,14:31:25,3.1,--,2,620,买盘
279,14:31:20,3.1,--,30,9300,买盘
280,14:31:10,3.1,0.01,1,310,买盘
281,14:31:05,3.09,-0.01,73,22557,卖盘
282,14:31:00,3.1,--,1,310,买盘
283,14:30:55,3.1,--,2,620,买盘
284,14:30:50,3.1,--,1,310,买盘
285,14:30:40,3.1,--,41,12710,买盘
286,14:30:35,3.1,--,75,23250,买盘
287,14:30:25,3.1,--,37,11470,买盘
288,14:30:20,3.1,0.01,179,55490,买盘
289,14:30:10,3.09,-0.01,9,2781,卖盘
290,14:30:05,3.1,--,15,4650,买盘
291,14:30:00,3.1,0.01,30,9300,买盘
292,14:29:55,3.09,-0.01,197,60873,卖盘
293,14:29:50,3.1,0.01,310,96100,买盘
294,14:29:40,3.09,-0.01,39,12051,卖盘
295,14:29:35,3.1,--,72,22320,买盘
296,14:29:30,3.1,--,158,48980,买盘
297,14:29:20,3.1,--,271,84010,买盘
298,14:29:15,3.1,--,1,310,买盘
299,14:29:05,3.1,--,1768,548080,买盘
300,14:28:55,3.1,0.01,3,930,买盘
301,14:28:50,3.09,--,1,568,卖盘
302,14:28:45,3.09,--,5,1545,卖盘
303,14:28:39,3.09,-0.01,50,15450,卖盘
304,14:28:35,3.1,--,54,16740,买盘
305,14:28:30,3.1,--,2,620,买盘
306,14:28:20,3.1,--,906,280860,买盘
307,14:28:15,3.1,--,2,620,买盘
308,14:28:10,3.1,--,144,44640,买盘
309,14:28:05,3.1,0.01,16,4960,买盘
310,14:28:00,3.09,-0.01,45,13905,卖盘
311,14:27:50,3.1,--,104,32240,买盘
312,14:27:45,3.1,--,2,620,买盘
313,14:27:39,3.1,--,34,10540,买盘
314,14:27:35,3.1,--,86,26660,买盘
315,14:27:29,3.1,--,3,930,买盘
316,14:27:24,3.1,--,20,6200,买盘
317,14:27:20,3.1,0.01,156,48360,买盘
318,14:27:09,3.09,-0.01,5,1545,卖盘
319,14:27:04,3.1,0.01,87,26970,买盘
320,14:27:00,3.09,-0.01,133,41097,卖盘
321,14:26:49,3.1,0.01,1,310,买盘
322,14:26:45,3.09,--,3,927,卖盘
323,14:26:39,3.09,-0.01,13,4017,卖盘
324,14:26:34,3.1,--,15,4650,买盘
325,14:26:30,3.1,--,28,8680,买盘
326,14:26:24,3.1,--,1,310,买盘
327,14:26:19,3.1,--,2,620,买盘
328,14:26:09,3.1,0.01,2,620,买盘
329,14:26:04,3.09,-0.01,79,24411,卖盘
330,14:25:59,3.1,--,4,1240,买盘
331,14:25:49,3.1,0.01,123,38130,买盘
332,14:25:44,3.09,-0.01,1,309,卖盘
333,14:25:39,3.1,0.01,1,310,买盘
334,14:25:34,3.09,-0.01,62,19158,卖盘
335,14:25:29,3.1,--,1,310,买盘
336,14:25:19,3.1,0.01,78,24180,买盘
337,14:25:15,3.09,-0.01,824,254616,卖盘
338,14:25:09,3.1,--,2,620,买盘
339,14:25:04,3.1,--,35,10850,买盘
340,14:24:54,3.1,--,1,310,买盘
341,14:24:44,3.1,--,1,310,买盘
342,14:24:39,3.1,--,903,279930,买盘
343,14:24:34,3.1,--,442,137020,买盘
344,14:24:29,3.1,--,1,310,买盘
345,14:24:19,3.1,--,1,310,买盘
346,14:24:14,3.1,0.01,1,310,买盘
347,14:24:04,3.09,-0.01,92,28428,卖盘
348,14:23:59,3.1,0.01,1,310,买盘
349,14:23:49,3.09,-0.01,30,9270,卖盘
350,14:23:44,3.1,--,64,19840,买盘
351,14:23:34,3.1,0.01,61,18910,买盘
352,14:23:14,3.09,-0.01,50,15450,卖盘
353,14:23:09,3.1,0.01,1,310,买盘
354,14:23:04,3.09,--,16,4944,卖盘
355,14:22:59,3.09,-0.01,2,618,卖盘
356,14:22:49,3.1,--,1,310,买盘
357,14:22:44,3.1,0.01,3,930,买盘
358,14:22:34,3.09,-0.01,255,78795,卖盘
359,14:22:29,3.1,--,2,620,买盘
360,14:22:24,3.1,--,92,28520,买盘
361,14:22:19,3.1,--,1,310,买盘
362,14:22:14,3.1,0.01,201,62310,买盘
363,14:22:04,3.09,--,96,29664,卖盘
364,14:21:59,3.09,--,10,3090,卖盘
365,14:21:48,3.09,--,60,18540,卖盘
366,14:21:44,3.09,-0.01,200,61800,卖盘
367,14:21:33,3.1,--,14,4340,买盘
368,14:21:29,3.1,--,3,930,买盘
369,14:21:14,3.1,0.01,3,930,买盘
370,14:21:03,3.09,-0.01,91,28119,卖盘
371,14:20:59,3.1,--,908,281480,买盘
372,14:20:48,3.1,0.01,1,310,买盘
373,14:20:44,3.09,--,25,7725,卖盘
374,14:20:33,3.09,-0.01,60,18540,卖盘
375,14:20:23,3.1,--,84,26040,买盘
376,14:20:14,3.1,--,30,9300,买盘
377,14:20:08,3.1,--,3,930,买盘
378,14:20:03,3.1,--,15,4650,买盘
379,14:19:59,3.1,--,161,49910,买盘
380,14:19:53,3.1,0.01,5897,1828070,买盘
381,14:19:43,3.09,--,4,1236,卖盘
382,14:19:33,3.09,-0.01,159,49131,卖盘
383,14:19:29,3.1,--,3,930,买盘
384,14:19:23,3.1,0.01,9562,2964220,买盘
385,14:19:08,3.09,--,1,309,卖盘
386,14:19:03,3.09,--,190,58710,卖盘
387,14:18:58,3.09,-0.01,648,200232,卖盘
388,14:18:53,3.1,0.01,2,620,买盘
389,14:18:33,3.09,--,45,13905,卖盘
390,14:18:28,3.09,-0.01,1,309,卖盘
391,14:18:23,3.1,0.01,500,155000,买盘
392,14:18:18,3.09,-0.01,27,8343,卖盘
393,14:18:08,3.1,--,12,3720,买盘
394,14:18:03,3.1,--,15,4650,买盘
395,14:17:58,3.1,0.01,18,5580,买盘
396,14:17:53,3.09,-0.01,1,309,卖盘
397,14:17:43,3.1,0.01,55,17050,买盘
398,14:17:38,3.09,--,62,19158,卖盘
399,14:17:33,3.09,-0.01,82,25338,卖盘
400,14:17:28,3.1,--,353,109430,买盘
401,14:17:23,3.1,--,1,310,买盘
402,14:17:18,3.1,--,1202,372620,买盘
403,14:17:03,3.1,--,82,25420,买盘
404,14:16:58,3.1,0.01,44,13640,买盘
405,14:16:53,3.09,--,42,12978,卖盘
406,14:16:43,3.09,-0.01,35,10815,卖盘
407,14:16:33,3.1,0.01,14,4340,买盘
408,14:16:23,3.09,--,29,8961,卖盘
409,14:16:18,3.09,-0.01,5,1545,卖盘
410,14:16:08,3.1,--,175,54250,买盘
411,14:16:03,3.1,0.01,15,4650,买盘
412,14:15:58,3.09,--,21,6489,卖盘
413,14:15:53,3.09,-0.01,221,68289,卖盘
414,14:15:38,3.1,0.01,252,78120,买盘
415,14:15:33,3.09,--,59,18231,卖盘
416,14:15:28,3.09,--,19,5871,卖盘
417,14:15:23,3.09,-0.01,10,3090,卖盘
418,14:15:13,3.1,--,78,24180,买盘
419,14:15:08,3.1,--,2,620,买盘
420,14:15:03,3.1,0.01,18,5580,买盘
421,14:14:57,3.09,--,6,1854,卖盘
422,14:14:33,3.09,--,88,27192,卖盘
423,14:14:27,3.09,-0.01,13,4017,卖盘
424,14:14:23,3.1,--,158,48980,买盘
425,14:14:08,3.1,0.01,1,310,买盘
426,14:14:03,3.09,--,98,30282,卖盘
427,14:13:53,3.09,-0.01,20,6180,卖盘
428,14:13:42,3.1,--,6,1860,买盘
429,14:13:38,3.1,0.01,948,293880,买盘
430,14:13:33,3.09,--,66,20394,卖盘
431,14:13:27,3.09,-0.01,4,1236,卖盘
432,14:13:17,3.1,--,292,90520,买盘
433,14:13:08,3.1,--,492,152520,买盘
434,14:13:02,3.1,--,507,157170,买盘
435,14:12:57,3.1,--,2,620,买盘
436,14:12:53,3.1,--,1,310,买盘
437,14:12:47,3.1,--,6,1860,买盘
438,14:12:42,3.1,--,16,4960,买盘
439,14:12:37,3.1,0.01,20,6200,买盘
440,14:12:32,3.09,--,88,27192,卖盘
441,14:12:27,3.09,--,79,24411,卖盘
442,14:12:22,3.09,-0.01,14,4326,卖盘
443,14:12:17,3.1,0.01,158,48980,买盘
444,14:12:12,3.09,--,238,73542,卖盘
445,14:12:07,3.09,--,162,50058,卖盘
446,14:12:02,3.09,--,237,73233,卖盘
447,14:11:52,3.09,--,16,4944,卖盘
448,14:11:47,3.09,-0.01,1,309,卖盘
449,14:11:32,3.1,0.01,15,4650,买盘
450,14:11:22,3.09,--,1,309,卖盘
451,14:11:17,3.09,-0.01,230,71070,卖盘
452,14:11:12,3.1,--,2,620,买盘
453,14:11:02,3.1,0.01,82,25420,买盘
454,14:10:47,3.09,--,2,618,卖盘
455,14:10:37,3.09,--,30,9270,卖盘
456,14:10:32,3.09,--,54,16686,卖盘
457,14:10:22,3.09,-0.01,50,15450,卖盘
458,14:10:17,3.1,0.01,79,24490,买盘
459,14:10:07,3.09,-0.01,822,253998,卖盘
460,14:10:02,3.1,--,1650,511500,买盘
461,14:09:52,3.1,--,59,18290,买盘
462,14:09:47,3.1,0.01,37,11470,买盘
463,14:09:32,3.09,-0.01,118,36462,卖盘
464,14:09:22,3.1,--,1,310,买盘
465,14:09:17,3.1,--,152,47120,买盘
466,14:09:07,3.1,0.01,19,5890,买盘
467,14:09:02,3.09,--,117,36153,卖盘
468,14:08:52,3.09,-0.01,16,4944,卖盘
469,14:08:31,3.1,0.01,214,66340,买盘
470,14:08:27,3.09,-0.01,5,1545,卖盘
471,14:08:16,3.1,--,5,1550,买盘
472,14:08:06,3.1,0.01,2,620,买盘
473,14:08:01,3.09,-0.01,40,12360,卖盘
474,14:07:57,3.1,0.01,1,310,买盘
475,14:07:51,3.09,-0.01,6,1854,卖盘
476,14:07:46,3.1,--,733,227230,买盘
477,14:07:42,3.1,0.01,4,1240,买盘
478,14:07:31,3.09,-0.01,240,74160,卖盘
479,14:07:26,3.1,--,50,15562,买盘
480,14:07:21,3.1,--,1,310,买盘
481,14:07:12,3.1,--,91,28210,买盘
482,14:07:06,3.1,--,5,1550,买盘
483,14:07:01,3.1,0.01,65,20150,买盘
484,14:06:57,3.09,-0.01,6,1854,卖盘
485,14:06:51,3.1,--,14,4340,买盘
486,14:06:46,3.1,--,5,1550,买盘
487,14:06:36,3.1,--,1,310,买盘
488,14:06:31,3.1,0.01,14,4340,买盘
489,14:06:27,3.09,-0.01,5,1545,卖盘
490,14:06:21,3.1,--,908,281480,买盘
491,14:06:16,3.1,--,2,620,买盘
492,14:06:01,3.1,0.01,15,4650,买盘
493,14:05:56,3.09,--,15,4635,卖盘
494,14:05:46,3.09,-0.01,500,154500,卖盘
495,14:05:41,3.1,0.01,34,10540,买盘
496,14:05:36,3.09,--,1055,325995,卖盘
497,14:05:31,3.09,-0.01,69,21321,卖盘
498,14:05:26,3.1,0.01,40,12400,买盘
499,14:05:16,3.09,-0.01,90,27810,卖盘
500,14:05:11,3.1,0.01,30,9300,买盘
501,14:05:01,3.09,--,72,22248,卖盘
502,14:04:56,3.09,-0.01,6,1854,卖盘
503,14:04:51,3.1,0.01,54,16740,买盘
504,14:04:46,3.09,-0.01,102,31518,卖盘
505,14:04:41,3.1,--,9,2790,买盘
506,14:04:31,3.1,--,25,7750,买盘
507,14:04:26,3.1,0.01,120,37200,买盘
508,14:04:21,3.09,--,18,5562,卖盘
509,14:04:16,3.09,-0.01,188,58092,卖盘
510,14:04:01,3.1,0.01,42,13020,买盘
511,14:03:56,3.09,--,2,618,卖盘
512,14:03:51,3.09,--,507,156663,卖盘
513,14:03:46,3.09,-0.01,2501,772809,卖盘
514,14:03:41,3.1,0.01,2,620,买盘
515,14:03:36,3.09,-0.01,38,11742,卖盘
516,14:03:31,3.1,0.01,154,47740,买盘
517,14:03:26,3.09,-0.01,67,20703,卖盘
518,14:03:16,3.1,0.01,1,310,买盘
519,14:03:11,3.09,--,1,309,卖盘
520,14:03:06,3.09,-0.01,8,2472,卖盘
521,14:03:01,3.1,0.01,156,48360,买盘
522,14:02:56,3.09,--,29,8961,卖盘
523,14:02:51,3.09,-0.01,6,1854,卖盘
524,14:02:41,3.1,0.01,904,280240,买盘
525,14:02:31,3.09,--,100,30900,卖盘
526,14:02:26,3.09,-0.01,380,117420,卖盘
527,14:02:21,3.1,0.01,1,310,买盘
528,14:02:16,3.09,-0.01,362,111858,卖盘
529,14:02:11,3.1,0.01,37,11470,买盘
530,14:02:01,3.09,--,338,104442,卖盘
531,14:01:56,3.09,--,6,1854,卖盘
532,14:01:51,3.09,--,1,309,卖盘
533,14:01:46,3.09,--,30,9270,卖盘
534,14:01:41,3.09,-0.01,1,309,卖盘
535,14:01:31,3.1,0.01,145,44950,买盘
536,14:01:25,3.09,--,271,83739,卖盘
537,14:01:21,3.09,--,21,6489,卖盘
538,14:01:10,3.09,--,30,9270,卖盘
539,14:01:06,3.09,--,173,53457,卖盘
540,14:01:00,3.09,-0.01,23,7107,卖盘
541,14:00:55,3.1,0.01,164,50840,买盘
542,14:00:51,3.09,--,200,61800,卖盘
543,14:00:45,3.09,--,1,309,卖盘
544,14:00:40,3.09,-0.01,577,178293,卖盘
545,14:00:35,3.1,0.01,2653,822430,买盘
546,14:00:25,3.09,--,50,15450,卖盘
547,14:00:21,3.09,--,2833,875597,卖盘
548,14:00:15,3.09,-0.01,112,34608,卖盘
549,14:00:06,3.1,0.01,96,29760,买盘
550,13:59:55,3.09,--,85,26265,卖盘
551,13:59:51,3.09,-0.01,36,11124,卖盘
552,13:59:40,3.1,--,62,19220,买盘
553,13:59:35,3.1,0.01,92,28520,买盘
554,13:59:25,3.09,-0.01,23,7107,卖盘
555,13:59:20,3.1,0.01,156,48360,买盘
556,13:59:15,3.09,--,249,76941,卖盘
557,13:59:10,3.09,-0.01,1838,567942,卖盘
558,13:59:05,3.1,--,157,48670,买盘
559,13:59:00,3.1,0.01,905,280550,买盘
560,13:58:55,3.09,-0.01,308,95172,卖盘
561,13:58:50,3.1,--,12,3720,买盘
562,13:58:40,3.1,0.01,19,5890,买盘
563,13:58:35,3.09,-0.01,55,16995,卖盘
564,13:58:30,3.1,0.01,31,9610,买盘
565,13:58:25,3.09,-0.01,56,17304,卖盘
566,13:58:20,3.1,0.01,18,5580,买盘
567,13:58:15,3.09,-0.01,64,19776,卖盘
568,13:58:10,3.1,--,62,19220,买盘
569,13:58:05,3.1,--,139,43090,买盘
570,13:57:50,3.1,--,16,4960,买盘
571,13:57:40,3.1,--,117,36270,买盘
572,13:57:35,3.1,--,1317,408270,买盘
573,13:57:30,3.1,--,72,22320,买盘
574,13:57:25,3.1,--,158,48980,买盘
575,13:57:10,3.1,0.01,33,10230,买盘
576,13:57:05,3.09,--,175,54075,卖盘
577,13:57:00,3.09,-0.01,2,618,卖盘
578,13:56:55,3.1,0.01,14,4340,买盘
579,13:56:50,3.09,-0.01,100,30900,卖盘
580,13:56:40,3.1,--,112,34720,买盘
581,13:56:35,3.1,--,28,8680,买盘
582,13:56:30,3.1,0.01,15,4650,买盘
583,13:56:25,3.09,-0.01,300,92700,卖盘
584,13:56:20,3.1,--,29,8990,买盘
585,13:56:15,3.1,--,1,310,买盘
586,13:56:10,3.1,0.01,13,4030,买盘
587,13:56:05,3.09,-0.01,151,46659,卖盘
588,13:56:00,3.1,--,17,5270,买盘
589,13:55:49,3.1,--,1,310,买盘
590,13:55:40,3.1,--,13,4030,买盘
591,13:55:35,3.1,--,80,24800,买盘
592,13:55:25,3.1,--,1,310,买盘
593,13:55:19,3.1,--,987,305970,买盘
594,13:55:15,3.1,0.01,15,4650,买盘
595,13:55:09,3.09,-0.01,233,71997,卖盘
596,13:55:04,3.1,--,15,4650,买盘
597,13:55:00,3.1,--,23,7130,买盘
598,13:54:39,3.1,--,13,4030,买盘
599,13:54:34,3.1,--,329,101990,买盘
600,13:54:30,3.1,--,1,310,买盘
601,13:54:19,3.1,--,51,15810,买盘
602,13:54:14,3.1,--,21,6510,买盘
603,13:54:09,3.1,0.01,99,30690,买盘
604,13:54:04,3.09,-0.01,74,22866,卖盘
605,13:53:59,3.1,--,15,4650,买盘
606,13:53:49,3.1,0.01,66,20460,买盘
607,13:53:44,3.09,-0.01,297,91773,卖盘
608,13:53:39,3.1,0.01,17,5270,买盘
609,13:53:34,3.09,--,55,16995,卖盘
610,13:53:30,3.09,--,66,20394,卖盘
611,13:53:19,3.09,-0.01,1,309,卖盘
612,13:53:14,3.1,--,22,6820,买盘
613,13:53:09,3.1,0.01,89,27590,买盘
614,13:53:04,3.09,--,30,9270,卖盘
615,13:52:59,3.09,-0.01,23,7107,卖盘
616,13:52:54,3.1,--,1,310,买盘
617,13:52:49,3.1,0.01,14,4340,买盘
618,13:52:44,3.09,-0.01,14,4326,卖盘
619,13:52:34,3.1,--,53,16430,买盘
620,13:52:29,3.1,0.01,175,54250,买盘
621,13:52:19,3.09,-0.01,66,20394,卖盘
622,13:52:14,3.1,--,29,8990,买盘
623,13:52:09,3.1,--,80,24800,买盘
624,13:52:04,3.1,--,15,4650,买盘
625,13:51:59,3.1,--,2013,624030,买盘
626,13:51:54,3.1,0.01,1,310,买盘
627,13:51:49,3.09,--,62,19158,卖盘
628,13:51:44,3.09,-0.01,1,309,卖盘
629,13:51:39,3.1,--,919,284890,买盘
630,13:51:34,3.1,0.01,55,17050,买盘
631,13:51:29,3.09,-0.01,50,15450,卖盘
632,13:51:19,3.1,--,17,5270,买盘
633,13:51:09,3.1,--,93,28830,买盘
634,13:51:04,3.1,--,71,22010,买盘
635,13:50:59,3.1,0.01,16,4960,买盘
636,13:50:54,3.09,--,40,12360,卖盘
637,13:50:49,3.09,-0.01,37,11433,卖盘
638,13:50:44,3.1,0.01,13,4030,买盘
639,13:50:39,3.09,-0.01,60,18540,卖盘
640,13:50:34,3.1,0.01,59,18290,买盘
641,13:50:29,3.09,--,13,4017,卖盘
642,13:50:19,3.09,-0.01,15,4635,卖盘
643,13:50:14,3.1,--,85,26350,买盘
644,13:50:09,3.1,--,79,24490,买盘
645,13:50:04,3.1,--,33,10230,买盘
646,13:49:59,3.1,--,11,3410,买盘
647,13:49:54,3.1,--,15,4650,买盘
648,13:49:49,3.1,0.01,18,5580,买盘
649,13:49:44,3.09,-0.01,20,6180,卖盘
650,13:49:39,3.1,--,158,48980,买盘
651,13:49:34,3.1,0.01,40,12400,买盘
652,13:49:29,3.09,-0.01,438,135342,卖盘
653,13:49:19,3.1,0.01,10,3100,买盘
654,13:49:14,3.09,-0.01,31,9579,卖盘
655,13:49:09,3.1,--,80,24800,买盘
656,13:49:04,3.1,--,71,22010,买盘
657,13:48:59,3.1,--,11,3410,买盘
658,13:48:49,3.1,--,17,5270,买盘
659,13:48:44,3.1,--,13,4030,买盘
660,13:48:33,3.1,--,92,28520,买盘
661,13:48:29,3.1,--,25,7750,买盘
662,13:48:19,3.1,0.01,345,106950,买盘
663,13:48:08,3.09,-0.01,106,32754,卖盘
664,13:48:03,3.1,0.01,26,8060,买盘
665,13:47:58,3.09,-0.01,931,287679,卖盘
666,13:47:48,3.1,--,16,4960,买盘
667,13:47:44,3.1,0.01,2,620,买盘
668,13:47:38,3.09,--,81,25029,卖盘
669,13:47:33,3.09,-0.01,119,36771,卖盘
670,13:47:28,3.1,--,252,78120,买盘
671,13:47:24,3.1,0.01,16,4960,买盘
672,13:47:18,3.09,--,20,6180,卖盘
673,13:47:13,3.09,-0.01,10,3090,卖盘
674,13:47:09,3.1,0.01,88,27280,买盘
675,13:47:03,3.09,--,137,42333,卖盘
676,13:46:58,3.09,--,259,80031,卖盘
677,13:46:48,3.09,--,27,8343,卖盘
678,13:46:43,3.09,-0.01,95,29355,卖盘
679,13:46:38,3.1,--,139,43090,买盘
680,13:46:33,3.1,--,20,6200,买盘
681,13:46:28,3.1,--,111,34410,买盘
682,13:46:18,3.1,0.01,19,5890,买盘
683,13:46:13,3.09,-0.01,20,6180,卖盘
684,13:46:08,3.1,0.01,344,106640,买盘
685,13:46:03,3.09,-0.01,56,17304,卖盘
686,13:45:58,3.1,0.01,1,310,买盘
687,13:45:53,3.09,-0.01,22,6798,卖盘
688,13:45:48,3.1,0.01,19,5890,买盘
689,13:45:43,3.09,-0.01,100,30900,卖盘
690,13:45:38,3.1,--,12,3720,买盘
691,13:45:32,3.1,--,14,4340,买盘
692,13:45:28,3.1,--,345,106950,买盘
693,13:45:23,3.1,0.01,157,48670,买盘
694,13:45:18,3.09,-0.01,43,13287,卖盘
695,13:45:13,3.1,--,52,16120,买盘
696,13:45:08,3.1,--,2096,649760,买盘
697,13:45:02,3.1,0.01,23,7130,买盘
698,13:44:58,3.09,-0.01,236,72924,卖盘
699,13:44:53,3.1,--,16,4960,买盘
700,13:44:47,3.1,--,187,57970,买盘
701,13:44:43,3.1,--,568,176080,买盘
702,13:44:38,3.1,0.01,1,310,买盘
703,13:44:33,3.09,-0.01,76,23484,卖盘
704,13:44:28,3.1,--,17,5270,买盘
705,13:44:23,3.1,--,1060,328600,买盘
706,13:44:13,3.1,--,33,10230,买盘
707,13:44:08,3.1,--,80,24800,买盘
708,13:44:02,3.1,--,153,47430,买盘
709,13:43:58,3.1,--,250,77500,买盘
710,13:43:53,3.1,0.01,22,6820,买盘
711,13:43:43,3.09,-0.01,100,30900,卖盘
712,13:43:38,3.1,--,28,8680,买盘
713,13:43:32,3.1,--,22,6820,买盘
714,13:43:23,3.1,--,10,3100,买盘
715,13:43:18,3.1,--,43,13330,买盘
716,13:43:13,3.1,--,971,301010,买盘
717,13:43:08,3.1,--,389,120590,买盘
718,13:43:02,3.1,--,25,7750,买盘
719,13:42:58,3.1,--,392,121520,买盘
720,13:42:53,3.1,--,101,31310,买盘
721,13:42:47,3.1,--,19,5890,买盘
722,13:42:42,3.1,--,907,281170,买盘
723,13:42:38,3.1,--,318,98580,买盘
724,13:42:33,3.1,--,49,15190,买盘
725,13:42:28,3.1,--,1893,586830,买盘
726,13:42:23,3.1,--,15,4650,买盘
727,13:42:17,3.1,--,882,273420,买盘
728,13:42:11,3.1,--,149,46190,买盘
729,13:42:08,3.1,--,1190,368900,买盘
730,13:42:02,3.1,0.01,1039,322090,买盘
731,13:41:56,3.09,-0.01,1207,372963,卖盘
732,13:41:53,3.1,0.01,1064,329840,买盘
733,13:41:47,3.09,-0.01,12,3708,卖盘
734,13:41:43,3.1,--,1302,403620,买盘
735,13:41:38,3.1,--,1069,331390,买盘
736,13:41:32,3.1,0.01,15,4650,买盘
737,13:41:26,3.09,-0.01,2,618,卖盘
738,13:41:23,3.1,--,19,5890,买盘
739,13:41:17,3.1,0.01,21,6510,买盘
740,13:41:11,3.09,-0.01,33,10197,卖盘
741,13:41:07,3.1,0.01,95,29450,买盘
742,13:41:02,3.09,-0.01,65,20085,卖盘
743,13:40:57,3.1,--,142,44020,买盘
744,13:40:52,3.1,--,1292,400520,买盘
745,13:40:47,3.1,--,1334,413540,买盘
746,13:40:41,3.1,--,905,280550,买盘
747,13:40:37,3.1,0.01,13,4030,买盘
748,13:40:32,3.09,-0.01,59,18231,卖盘
749,13:40:23,3.1,--,11,3410,买盘
750,13:40:17,3.1,0.01,131,40610,买盘
751,13:40:11,3.09,-0.01,77,23793,卖盘
752,13:40:07,3.1,--,81,25110,买盘
753,13:40:02,3.1,--,80,24800,买盘
754,13:39:52,3.1,--,1401,434310,买盘
755,13:39:47,3.1,0.01,77,23870,买盘
756,13:39:37,3.09,-0.01,1015,313635,卖盘
757,13:39:32,3.1,--,90,27900,买盘
758,13:39:27,3.1,0.01,17,5270,买盘
759,13:39:22,3.09,-0.01,211,65199,卖盘
760,13:39:17,3.1,--,312,96720,买盘
761,13:39:07,3.1,0.01,117,36270,买盘
762,13:39:02,3.09,-0.01,196,60564,卖盘
763,13:38:56,3.1,--,302,93620,买盘
764,13:38:52,3.1,0.01,20,6200,买盘
765,13:38:47,3.09,-0.01,90,27810,卖盘
766,13:38:37,3.1,0.01,18,5580,买盘
767,13:38:32,3.09,-0.01,167,51603,卖盘
768,13:38:22,3.1,--,18,5580,买盘
769,13:38:17,3.1,--,86,26660,买盘
770,13:38:11,3.1,--,6,1860,买盘
771,13:38:07,3.1,--,100,31000,买盘
772,13:38:02,3.1,--,318,98580,买盘
773,13:37:52,3.1,--,13,4030,买盘
774,13:37:47,3.1,--,78,24180,买盘
775,13:37:41,3.1,--,12,3720,买盘
776,13:37:37,3.1,--,75,23250,买盘
777,13:37:32,3.1,--,15,4650,买盘
778,13:37:22,3.1,--,14,4340,买盘
779,13:37:17,3.1,--,554,171740,买盘
780,13:37:11,3.1,--,1,310,买盘
781,13:37:07,3.1,0.01,97,30070,买盘
782,13:37:02,3.09,-0.01,979,302511,卖盘
783,13:36:56,3.1,--,1,310,买盘
784,13:36:52,3.1,--,29,8990,买盘
785,13:36:47,3.1,0.01,76,23560,买盘
786,13:36:41,3.09,-0.01,20,6180,卖盘
787,13:36:32,3.1,--,32,9920,买盘
788,13:36:26,3.1,--,18,5580,买盘
789,13:36:22,3.1,--,875,271250,买盘
790,13:36:17,3.1,--,77,23870,买盘
791,13:36:07,3.1,0.01,426,132060,买盘
792,13:36:02,3.09,--,85,26265,卖盘
793,13:35:56,3.09,-0.01,1,309,卖盘
794,13:35:52,3.1,0.01,11,3410,买盘
795,13:35:47,3.09,--,95,29355,卖盘
796,13:35:41,3.09,--,33,10197,卖盘
797,13:35:37,3.09,-0.01,41,12669,卖盘
798,13:35:31,3.1,--,15,4650,买盘
799,13:35:26,3.1,0.01,19,5890,买盘
800,13:35:21,3.09,-0.01,12,3708,卖盘
801,13:35:16,3.1,--,473,146630,买盘
802,13:35:11,3.1,--,97,30070,买盘
803,13:35:01,3.1,0.01,77,23870,买盘
804,13:34:56,3.09,-0.01,2,618,卖盘
805,13:34:50,3.1,--,29,8990,买盘
806,13:34:47,3.1,0.01,76,23560,买盘
807,13:34:41,3.09,--,12,3708,卖盘
808,13:34:35,3.09,--,1,309,卖盘
809,13:34:31,3.09,-0.01,100,30900,卖盘
810,13:34:26,3.1,--,15,4650,买盘
811,13:34:20,3.1,--,341,105710,买盘
812,13:34:16,3.1,0.01,932,288920,买盘
813,13:34:11,3.09,--,239,73851,卖盘
814,13:34:05,3.09,-0.01,66,20394,卖盘
815,13:34:02,3.1,--,29,8990,买盘
816,13:33:56,3.1,0.01,13,4030,买盘
817,13:33:50,3.09,-0.01,1,309,卖盘
818,13:33:46,3.1,0.01,106,32860,买盘
819,13:33:41,3.09,-0.01,1,309,卖盘
820,13:33:35,3.1,--,68,21080,买盘
821,13:33:31,3.1,--,36,11160,买盘
822,13:33:26,3.1,--,3,930,买盘
823,13:33:20,3.1,--,1222,378820,买盘
824,13:33:16,3.1,--,922,285820,买盘
825,13:33:11,3.1,0.01,191,59210,买盘
826,13:33:05,3.09,-0.01,470,145230,卖盘
827,13:33:01,3.1,--,16,4960,买盘
828,13:32:56,3.1,--,257,79670,买盘
829,13:32:46,3.1,--,96,29760,买盘
830,13:32:35,3.1,0.01,212,65720,买盘
831,13:32:31,3.09,--,150,46350,卖盘
832,13:32:26,3.09,-0.01,31,9579,卖盘
833,13:32:16,3.1,--,1255,389050,买盘
834,13:32:11,3.1,0.01,264,81840,买盘
835,13:32:05,3.09,--,12,3708,卖盘
836,13:32:01,3.09,-0.01,318,98262,卖盘
837,13:31:56,3.1,--,128,39680,买盘
838,13:31:50,3.1,--,38,11780,买盘
839,13:31:46,3.1,--,89,27590,买盘
840,13:31:41,3.1,--,17,5270,买盘
841,13:31:35,3.1,0.01,1,310,买盘
842,13:31:31,3.09,-0.01,55,16995,卖盘
843,13:31:26,3.1,--,319,98890,买盘
844,13:31:16,3.1,--,95,29450,买盘
845,13:31:11,3.1,0.01,133,41230,买盘
846,13:31:01,3.09,-0.01,691,213519,卖盘
847,13:30:56,3.1,--,1,310,买盘
848,13:30:50,3.1,--,15,4650,买盘
849,13:30:46,3.1,--,154,47740,买盘
850,13:30:35,3.1,--,20,6200,买盘
851,13:30:31,3.1,--,58,17980,买盘
852,13:30:26,3.1,--,400,124000,买盘
853,13:30:16,3.1,--,319,98890,买盘
854,13:30:11,3.1,--,125,38750,买盘
855,13:30:05,3.1,0.01,161,49910,买盘
856,13:30:01,3.09,-0.01,49,15141,卖盘
857,13:29:46,3.1,0.01,814,252340,买盘
858,13:29:41,3.09,--,922,284898,卖盘
859,13:29:35,3.09,--,1,309,卖盘
860,13:29:31,3.09,-0.01,542,167478,卖盘
861,13:29:26,3.1,--,128,39680,买盘
862,13:29:16,3.1,0.01,641,198710,买盘
863,13:29:11,3.09,-0.01,106,32754,卖盘
864,13:29:05,3.1,--,80,24800,买盘
865,13:29:01,3.1,0.01,15,4650,买盘
866,13:28:55,3.09,-0.01,130,40170,卖盘
867,13:28:50,3.1,--,13,4030,买盘
868,13:28:46,3.1,0.01,432,133920,买盘
869,13:28:41,3.09,-0.01,2,618,卖盘
870,13:28:35,3.1,0.01,1,310,买盘
871,13:28:31,3.09,-0.01,266,82194,卖盘
872,13:28:25,3.1,--,33,10230,买盘
873,13:28:20,3.1,--,13,4030,买盘
874,13:28:16,3.1,0.01,92,28520,买盘
875,13:28:10,3.09,--,81,25029,卖盘
876,13:28:05,3.09,--,16,4944,卖盘
877,13:28:00,3.09,-0.01,515,159135,卖盘
878,13:27:55,3.1,--,25,7750,买盘
879,13:27:50,3.1,--,90,27900,买盘
880,13:27:46,3.1,0.01,50,15500,买盘
881,13:27:40,3.09,--,11,3399,卖盘
882,13:27:35,3.09,--,394,121746,卖盘
883,13:27:31,3.09,--,20,6180,卖盘
884,13:27:25,3.09,-0.01,21,6489,卖盘
885,13:27:20,3.1,--,327,101370,买盘
886,13:27:10,3.1,--,134,41540,买盘
887,13:27:05,3.1,--,127,39370,买盘
888,13:26:55,3.1,--,1037,321470,买盘
889,13:26:50,3.1,--,70,21700,买盘
890,13:26:44,3.1,--,382,118420,买盘
891,13:26:40,3.1,--,14,4340,买盘
892,13:26:35,3.1,--,435,134850,买盘
893,13:26:25,3.1,0.01,25,7750,买盘
894,13:26:20,3.09,-0.01,97,29973,卖盘
895,13:26:14,3.1,--,207,64170,买盘
896,13:26:10,3.1,0.01,828,256680,买盘
897,13:26:05,3.09,-0.01,977,301893,卖盘
898,13:25:55,3.1,--,219,67890,买盘
899,13:25:50,3.1,--,94,29140,买盘
900,13:25:44,3.1,--,4591,1423210,买盘
901,13:25:40,3.1,0.01,359,111290,买盘
902,13:25:35,3.09,-0.01,10025,3097725,卖盘
903,13:25:29,3.1,--,643,199330,买盘
904,13:25:25,3.1,--,227,70370,买盘
905,13:25:20,3.1,--,165,51150,买盘
906,13:25:14,3.1,0.01,76,23560,买盘
907,13:25:10,3.09,--,104,32136,卖盘
908,13:25:05,3.09,-0.01,81,25029,卖盘
909,13:24:55,3.1,--,345,106950,买盘
910,13:24:50,3.1,--,430,133300,买盘
911,13:24:44,3.1,0.01,278,86180,买盘
912,13:24:35,3.09,-0.01,34,10506,卖盘
913,13:24:25,3.1,0.01,335,103850,买盘
914,13:24:20,3.09,--,442,136578,卖盘
915,13:24:14,3.09,-0.01,1,309,卖盘
916,13:24:10,3.1,0.01,93,28830,买盘
917,13:24:05,3.09,-0.01,39,12051,卖盘
918,13:23:59,3.1,--,24,7440,买盘
919,13:23:55,3.1,0.01,278,86180,买盘
920,13:23:50,3.09,-0.01,82,25338,卖盘
921,13:23:44,3.1,--,17,5270,买盘
922,13:23:40,3.1,0.01,1,310,买盘
923,13:23:35,3.09,-0.01,93,28737,卖盘
924,13:23:29,3.1,--,20,6200,买盘
925,13:23:25,3.1,0.01,15,4650,买盘
926,13:23:20,3.09,-0.01,5,1545,卖盘
927,13:23:14,3.1,--,94,29140,买盘
928,13:23:10,3.1,0.01,230,71300,买盘
929,13:23:05,3.09,--,86,26574,卖盘
930,13:22:59,3.09,-0.01,1,309,卖盘
931,13:22:55,3.1,0.01,16,4960,买盘
932,13:22:50,3.09,--,85,26265,卖盘
933,13:22:40,3.09,-0.01,82,25338,卖盘
934,13:22:35,3.1,--,1259,390290,买盘
935,13:22:29,3.1,--,27,8370,买盘
936,13:22:25,3.1,--,3092,958520,买盘
937,13:22:20,3.1,--,77,23870,买盘
938,13:22:14,3.1,--,1,310,买盘
939,13:22:10,3.1,0.01,387,119970,买盘
940,13:22:04,3.09,-0.01,64,19776,卖盘
941,13:21:59,3.1,--,15,4650,买盘
942,13:21:55,3.1,0.01,4,1240,买盘
943,13:21:49,3.09,-0.01,31,9579,卖盘
944,13:21:40,3.1,0.01,18,5580,买盘
945,13:21:34,3.09,--,43,13287,卖盘
946,13:21:29,3.09,-0.01,1,309,卖盘
947,13:21:25,3.1,--,118,36580,买盘
948,13:21:19,3.1,--,23,7130,买盘
949,13:21:14,3.1,--,1,310,买盘
950,13:21:10,3.1,--,81,25110,买盘
951,13:21:04,3.1,--,35,10850,买盘
952,13:20:55,3.1,--,18,5580,买盘
953,13:20:49,3.1,0.01,10,3100,买盘
954,13:20:44,3.09,-0.01,50,15450,卖盘
955,13:20:39,3.1,--,16,4960,买盘
956,13:20:34,3.1,--,122,37820,买盘
957,13:20:29,3.1,--,45,13950,买盘
958,13:20:19,3.1,--,239,74090,买盘
959,13:20:14,3.1,--,1,310,买盘
960,13:20:09,3.1,--,80,24800,买盘
961,13:20:04,3.1,--,124,38440,买盘
962,13:19:59,3.1,--,19,5890,买盘
963,13:19:49,3.1,--,21,6510,买盘
964,13:19:44,3.1,--,103,31930,买盘
965,13:19:39,3.1,--,2,620,买盘
966,13:19:34,3.1,--,57,17670,买盘
967,13:19:29,3.1,--,86,26660,买盘
968,13:19:23,3.1,--,160,49600,买盘
969,13:19:19,3.1,--,54,16740,买盘
970,13:19:14,3.1,--,11,3410,买盘
971,13:19:08,3.1,--,102,31620,买盘
972,13:19:04,3.1,--,412,127720,买盘
973,13:18:59,3.1,0.01,53,16430,买盘
974,13:18:53,3.09,-0.01,91,28119,卖盘
975,13:18:49,3.1,--,75,23250,买盘
976,13:18:44,3.1,--,129,39990,买盘
977,13:18:38,3.1,--,217,67270,买盘
978,13:18:34,3.1,0.01,90,27900,买盘
979,13:18:29,3.09,-0.01,19,5871,卖盘
980,13:18:23,3.1,0.01,9,2790,买盘
981,13:18:19,3.09,-0.01,138,42849,卖盘
982,13:18:14,3.1,--,16,4960,买盘
983,13:18:08,3.1,--,139,43090,买盘
984,13:18:04,3.1,0.01,87,26970,买盘
985,13:17:59,3.09,--,1,309,卖盘
986,13:17:53,3.09,-0.01,1,309,卖盘
987,13:17:49,3.1,--,21,6510,买盘
988,13:17:44,3.1,0.01,76,23560,买盘
989,13:17:38,3.09,-0.01,2,618,卖盘
990,13:17:34,3.1,0.01,42,13020,买盘
991,13:17:29,3.09,--,13,4017,卖盘
992,13:17:23,3.09,--,1,309,卖盘
993,13:17:19,3.09,--,6,1854,卖盘
994,13:17:14,3.09,--,247,76323,卖盘
995,13:17:08,3.09,--,180,55620,卖盘
996,13:17:04,3.09,--,157,48513,卖盘
997,13:16:59,3.09,--,17,5253,卖盘
998,13:16:53,3.09,--,1,309,卖盘
999,13:16:49,3.09,-0.01,11,3399,卖盘
1000,13:16:44,3.1,0.01,20,6200,买盘
1001,13:16:34,3.09,-0.01,66,20394,卖盘
1002,13:16:29,3.1,--,2,620,买盘
1003,13:16:23,3.1,0.01,1,310,买盘
1004,13:16:19,3.09,-0.01,1,309,卖盘
1005,13:16:14,3.1,0.01,92,28520,买盘
1006,13:16:08,3.09,-0.01,82,25338,卖盘
1007,13:16:04,3.1,--,15,4650,买盘
1008,13:15:59,3.1,0.01,132,40920,买盘
1009,13:15:49,3.09,--,6,1854,卖盘
1010,13:15:44,3.09,-0.01,1,309,卖盘
1011,13:15:38,3.1,0.01,27,8370,买盘
1012,13:15:34,3.09,-0.01,59,18231,卖盘
1013,13:15:29,3.1,0.01,2,620,买盘
1014,13:15:19,3.09,--,11,3399,卖盘
1015,13:15:14,3.09,-0.01,74,22866,卖盘
1016,13:15:08,3.1,0.01,81,25110,买盘
1017,13:15:04,3.09,--,61,18849,卖盘
1018,13:14:53,3.09,--,1,309,卖盘
1019,13:14:48,3.09,--,34,10506,卖盘
1020,13:14:44,3.09,-0.01,145,44805,卖盘
1021,13:14:33,3.1,0.01,122,37820,买盘
1022,13:14:28,3.09,--,2,618,卖盘
1023,13:14:18,3.09,--,22,6798,卖盘
1024,13:14:13,3.09,--,27,8343,卖盘
1025,13:14:08,3.09,-0.01,126,38934,卖盘
1026,13:14:03,3.1,0.01,219,67890,买盘
1027,13:13:58,3.09,--,201,62109,卖盘
1028,13:13:48,3.09,--,156,48204,卖盘
1029,13:13:43,3.09,-0.01,27,8343,卖盘
1030,13:13:38,3.1,0.01,285,88350,买盘
1031,13:13:33,3.09,--,70,21630,卖盘
1032,13:13:23,3.09,--,19,5871,卖盘
1033,13:13:13,3.09,-0.01,28,8652,卖盘
1034,13:13:08,3.1,--,387,119970,买盘
1035,13:13:03,3.1,--,602,186620,买盘
1036,13:12:58,3.1,0.01,32,9920,买盘
1037,13:12:53,3.09,--,52,16068,卖盘
1038,13:12:43,3.09,-0.01,30,9270,卖盘
1039,13:12:38,3.1,--,95,29450,买盘
1040,13:12:33,3.1,--,1,310,买盘
1041,13:12:28,3.1,0.01,91,28210,买盘
1042,13:12:18,3.09,--,1,309,卖盘
1043,13:12:13,3.09,-0.01,27,8343,卖盘
1044,13:12:08,3.1,0.01,175,54250,买盘
1045,13:12:03,3.09,--,44,13596,卖盘
1046,13:11:58,3.09,-0.01,3,927,卖盘
1047,13:11:53,3.1,0.01,30,9300,买盘
1048,13:11:43,3.09,-0.01,1,309,卖盘
1049,13:11:38,3.1,0.01,95,29450,买盘
1050,13:11:32,3.09,-0.01,53,16377,卖盘
1051,13:11:28,3.1,0.01,94,29140,买盘
1052,13:11:23,3.09,--,1,309,卖盘
1053,13:11:13,3.09,-0.01,2,618,卖盘
1054,13:11:08,3.1,0.01,175,54250,买盘
1055,13:11:02,3.09,--,40,12360,卖盘
1056,13:10:58,3.09,--,18,5562,卖盘
1057,13:10:53,3.09,-0.01,2,618,卖盘
1058,13:10:47,3.1,0.01,34,10540,买盘
1059,13:10:38,3.09,--,96,29664,卖盘
1060,13:10:32,3.09,--,50,15450,卖盘
1061,13:10:28,3.09,--,3,927,卖盘
1062,13:10:17,3.09,-0.01,12,3708,卖盘
1063,13:10:13,3.1,--,192,59520,买盘
1064,13:10:08,3.1,0.01,175,54250,买盘
1065,13:10:02,3.09,-0.01,51,15759,卖盘
1066,13:09:58,3.1,0.01,189,58590,买盘
1067,13:09:53,3.09,-0.01,66,20394,卖盘
1068,13:09:43,3.1,--,21,6510,买盘
1069,13:09:38,3.1,0.01,95,29450,买盘
1070,13:09:32,3.09,-0.01,300,92700,卖盘
1071,13:09:23,3.1,--,90,27900,买盘
1072,13:09:08,3.1,0.01,176,54560,买盘
1073,13:09:02,3.09,-0.01,32,9888,卖盘
1074,13:08:58,3.1,0.01,1,310,买盘
1075,13:08:53,3.09,-0.01,1,309,卖盘
1076,13:08:43,3.1,--,154,47740,买盘
1077,13:08:37,3.1,0.01,356,110360,买盘
1078,13:08:28,3.09,-0.01,2,618,卖盘
1079,13:08:07,3.1,0.01,298,92380,买盘
1080,13:08:02,3.09,--,53,16377,卖盘
1081,13:07:57,3.09,--,2,618,卖盘
1082,13:07:52,3.09,-0.01,9,2781,卖盘
1083,13:07:47,3.1,0.01,1,310,买盘
1084,13:07:42,3.09,-0.01,239,73851,卖盘
1085,13:07:37,3.1,--,95,29450,买盘
1086,13:07:32,3.1,0.01,2,620,买盘
1087,13:07:22,3.09,-0.01,1,309,卖盘
1088,13:07:12,3.1,--,400,124000,买盘
1089,13:07:07,3.1,0.01,215,66650,买盘
1090,13:07:02,3.09,-0.01,224,69216,卖盘
1091,13:06:57,3.1,--,328,101680,买盘
1092,13:06:52,3.1,0.01,57,17670,买盘
1093,13:06:47,3.09,-0.01,160,49440,卖盘
1094,13:06:37,3.1,--,115,35650,买盘
1095,13:06:32,3.1,--,36,11160,买盘
1096,13:06:07,3.1,0.01,176,54560,买盘
1097,13:06:02,3.09,-0.01,50,15450,卖盘
1098,13:05:57,3.1,--,486,150660,买盘
1099,13:05:52,3.1,--,400,124000,买盘
1100,13:05:47,3.1,--,498,154380,买盘
1101,13:05:42,3.1,--,361,111910,买盘
1102,13:05:37,3.1,--,237,73470,买盘
1103,13:05:22,3.1,--,639,198090,买盘
1104,13:05:12,3.1,--,18,5580,买盘
1105,13:05:07,3.1,0.01,1675,519250,买盘
1106,13:05:02,3.09,--,30,9270,卖盘
1107,13:04:57,3.09,--,63,19467,卖盘
1108,13:04:52,3.09,-0.01,9,2781,卖盘
1109,13:04:47,3.1,--,1,310,买盘
1110,13:04:37,3.1,--,97,30070,买盘
1111,13:04:22,3.1,--,68,21080,买盘
1112,13:04:07,3.1,0.01,175,54250,买盘
1113,13:04:02,3.09,-0.01,24,7416,卖盘
1114,13:03:52,3.1,0.01,57,17670,买盘
1115,13:03:41,3.09,-0.01,4,1236,卖盘
1116,13:03:37,3.1,0.01,141,43710,买盘
1117,13:03:32,3.09,-0.01,27,8343,卖盘
1118,13:03:22,3.1,--,79,24490,买盘
1119,13:03:07,3.1,--,222,68820,买盘
1120,13:02:56,3.1,--,34,10540,买盘
1121,13:02:37,3.1,--,95,29450,买盘
1122,13:02:31,3.1,--,10,3100,买盘
1123,13:02:26,3.1,--,60,18600,买盘
1124,13:02:07,3.1,0.01,222,68820,买盘
1125,13:02:02,3.09,-0.01,32,9888,卖盘
1126,13:01:52,3.1,0.01,76,23560,买盘
1127,13:01:46,3.09,-0.01,52,16068,卖盘
1128,13:01:41,3.1,--,119,36890,买盘
1129,13:01:37,3.1,--,323,100130,买盘
1130,13:01:21,3.1,0.01,1,310,买盘
1131,13:01:16,3.09,--,40,12360,卖盘
1132,13:01:11,3.09,-0.01,2,618,卖盘
1133,13:01:07,3.1,0.01,108,33480,买盘
1134,13:01:01,3.09,-0.01,41,12669,卖盘
1135,13:00:51,3.1,0.01,1,310,买盘
1136,13:00:41,3.09,--,1,309,卖盘
1137,13:00:31,3.09,-0.01,754,232986,卖盘
1138,13:00:16,3.1,--,5,1550,买盘
1139,13:00:11,3.1,--,134,41540,买盘
1140,13:00:07,3.1,--,2237,693470,买盘
1141,13:00:01,3.1,--,9,2790,买盘
1142,11:30:00,3.1,--,0,0,买盘
1143,11:30:00,3.1,--,0,0,买盘
1144,11:29:47,3.1,--,301,93310,买盘
1145,11:29:42,3.1,--,18,5580,买盘
1146,11:29:36,3.1,0.01,1,310,买盘
1147,11:29:21,3.09,-0.01,50,15450,卖盘
1148,11:29:17,3.1,--,64,19840,买盘
1149,11:29:11,3.1,--,1,310,买盘
1150,11:29:06,3.1,--,81,25110,买盘
1151,11:29:02,3.1,--,48,14880,买盘
1152,11:28:56,3.1,--,1,310,买盘
1153,11:28:51,3.1,--,28,8680,买盘
1154,11:28:47,3.1,--,2,620,买盘
1155,11:28:41,3.1,0.01,1,310,买盘
1156,11:28:36,3.09,--,9,2781,卖盘
1157,11:28:26,3.09,-0.01,122,37698,卖盘
1158,11:28:06,3.1,--,81,25110,买盘
1159,11:28:02,3.1,--,1,310,买盘
1160,11:27:51,3.1,0.01,15,4650,买盘
1161,11:27:47,3.09,-0.01,1,309,卖盘
1162,11:27:36,3.1,--,27,8370,买盘
1163,11:27:21,3.1,0.01,88,27280,买盘
1164,11:27:17,3.09,--,3,927,卖盘
1165,11:27:11,3.09,-0.01,2,618,卖盘
1166,11:27:06,3.1,--,82,25420,买盘
1167,11:26:56,3.1,0.01,1,310,买盘
1168,11:26:51,3.09,-0.01,1,309,卖盘
1169,11:26:47,3.1,0.01,15,4650,买盘
1170,11:26:36,3.09,--,27,8343,卖盘
1171,11:26:21,3.09,-0.01,85,26265,卖盘
1172,11:26:11,3.1,--,18,5580,买盘
1173,11:26:06,3.1,--,81,25110,买盘
1174,11:25:51,3.1,0.01,70,21700,买盘
1175,11:25:47,3.09,-0.01,49,15141,卖盘
1176,11:25:36,3.1,--,26,8060,买盘
1177,11:25:31,3.1,0.01,31,9610,买盘
1178,11:25:21,3.09,--,1,309,卖盘
1179,11:25:16,3.09,-0.01,2,618,卖盘
1180,11:25:11,3.1,--,102,31620,买盘
1181,11:25:06,3.1,--,80,24800,买盘
1182,11:25:01,3.1,--,1,310,买盘
1183,11:24:51,3.1,--,1,310,买盘
1184,11:24:36,3.1,--,102,31620,买盘
1185,11:24:26,3.1,--,1,310,买盘
1186,11:24:21,3.1,0.01,7,2170,买盘
1187,11:24:16,3.09,--,5,1545,卖盘
1188,11:24:11,3.09,-0.01,1,309,卖盘
1189,11:24:06,3.1,--,98,30380,买盘
1190,11:24:01,3.1,0.01,4,1240,买盘
1191,11:23:56,3.09,--,15,4635,卖盘
1192,11:23:46,3.09,--,2,618,卖盘
1193,11:23:41,3.09,--,17,5253,卖盘
1194,11:23:36,3.09,-0.01,65,20085,卖盘
1195,11:23:31,3.1,--,15,4650,买盘
1196,11:23:06,3.1,--,79,24490,买盘
1197,11:22:56,3.1,--,100,31000,买盘
1198,11:22:50,3.1,0.01,90,27900,买盘
1199,11:22:41,3.09,--,1,309,卖盘
1200,11:22:35,3.09,-0.01,25,7725,卖盘
1201,11:22:30,3.1,0.01,76,23560,买盘
1202,11:22:26,3.09,-0.01,4,1236,卖盘
1203,11:22:20,3.1,0.01,55,17050,买盘
1204,11:22:11,3.09,-0.01,82,25338,卖盘
1205,11:22:05,3.1,0.01,37,11470,买盘
1206,11:22:00,3.09,-0.01,1,309,卖盘
1207,11:21:56,3.1,0.01,1,310,买盘
1208,11:21:45,3.09,-0.01,70,21630,卖盘
1209,11:21:41,3.1,0.01,26,8060,买盘
1210,11:21:35,3.09,--,26,8034,卖盘
1211,11:21:26,3.09,-0.01,1,309,卖盘
1212,11:21:15,3.1,--,100,31000,买盘
1213,11:21:11,3.1,0.01,80,24800,买盘
1214,11:21:05,3.09,-0.01,1,309,卖盘
1215,11:21:00,3.1,0.01,63,19530,买盘
1216,11:20:56,3.09,-0.01,52,16068,卖盘
1217,11:20:45,3.1,--,4,1240,买盘
1218,11:20:41,3.1,0.01,2,620,买盘
1219,11:20:35,3.09,-0.01,26,8034,卖盘
1220,11:20:30,3.1,0.01,17,5270,买盘
1221,11:20:26,3.09,--,21,6489,卖盘
1222,11:20:20,3.09,--,1,309,卖盘
1223,11:20:15,3.09,-0.01,1,309,卖盘
1224,11:20:11,3.1,0.01,114,35340,买盘
1225,11:20:00,3.09,-0.01,77,23793,卖盘
1226,11:19:55,3.1,0.01,1,310,买盘
1227,11:19:50,3.09,--,1,309,卖盘
1228,11:19:45,3.09,-0.01,25,7725,卖盘
1229,11:19:35,3.1,--,81,25110,买盘
1230,11:19:30,3.1,--,1,310,买盘
1231,11:19:20,3.1,0.01,49,15190,买盘
1232,11:19:15,3.09,-0.01,1,309,卖盘
1233,11:19:10,3.1,--,80,24800,买盘
1234,11:19:00,3.1,--,34,10540,买盘
1235,11:18:56,3.1,--,20,6200,买盘
1236,11:18:50,3.1,0.01,52,16120,买盘
1237,11:18:45,3.09,-0.01,2,618,卖盘
1238,11:18:40,3.1,0.01,127,39370,买盘
1239,11:18:35,3.09,-0.01,26,8034,卖盘
1240,11:18:25,3.1,0.01,349,108190,买盘
1241,11:18:15,3.09,-0.01,1,309,卖盘
1242,11:18:10,3.1,--,80,24800,买盘
1243,11:18:05,3.1,--,1,310,买盘
1244,11:18:00,3.1,--,63,19530,买盘
1245,11:17:55,3.1,--,1,310,买盘
1246,11:17:45,3.1,0.01,2053,636430,买盘
1247,11:17:40,3.09,--,10,3090,卖盘
1248,11:17:35,3.09,-0.01,26,8034,卖盘
1249,11:17:30,3.1,0.01,109,33790,买盘
1250,11:17:25,3.09,-0.01,1,309,卖盘
1251,11:17:15,3.1,--,3,930,买盘
1252,11:17:10,3.1,--,284,88040,买盘
1253,11:17:05,3.1,--,95,29450,买盘
1254,11:17:00,3.1,0.01,16,4960,买盘
1255,11:16:55,3.09,--,8,2472,卖盘
1256,11:16:45,3.09,-0.01,2,618,卖盘
1257,11:16:40,3.1,--,2,620,买盘
1258,11:16:35,3.1,--,188,58280,买盘
1259,11:16:30,3.1,--,106,32860,买盘
1260,11:16:25,3.1,--,198,61380,买盘
1261,11:16:14,3.1,--,20,6200,买盘
1262,11:16:10,3.1,0.01,84,26040,买盘
1263,11:16:05,3.09,-0.01,1,309,卖盘
1264,11:16:00,3.1,0.01,54,16740,买盘
1265,11:15:55,3.09,-0.01,1,309,卖盘
1266,11:15:50,3.1,0.01,31,9610,买盘
1267,11:15:39,3.09,--,103,31827,卖盘
1268,11:15:35,3.09,-0.01,28,8652,卖盘
1269,11:15:29,3.1,--,51,15810,买盘
1270,11:15:20,3.1,--,2,620,买盘
1271,11:15:09,3.1,0.01,142,44020,买盘
1272,11:15:05,3.09,-0.01,25,7725,卖盘
1273,11:14:54,3.1,0.01,97,30070,买盘
1274,11:14:50,3.09,-0.01,1,309,卖盘
1275,11:14:39,3.1,--,126,39060,买盘
1276,11:14:35,3.1,0.01,133,41230,买盘
1277,11:14:24,3.09,-0.01,28,8652,卖盘
1278,11:14:09,3.1,--,91,28210,买盘
1279,11:14:05,3.1,--,154,47740,买盘
1280,11:13:49,3.1,0.01,58,17980,买盘
1281,11:13:44,3.09,--,90,27810,卖盘
1282,11:13:39,3.09,--,71,21939,卖盘
1283,11:13:35,3.09,-0.01,212,65541,卖盘
1284,11:13:24,3.1,0.01,252,78120,买盘
1285,11:13:09,3.09,-0.01,81,25029,卖盘
1286,11:13:05,3.1,--,164,50840,买盘
1287,11:12:44,3.1,0.01,68,21080,买盘
1288,11:12:39,3.09,--,7,2163,卖盘
1289,11:12:34,3.09,-0.01,132,40788,卖盘
1290,11:12:29,3.1,0.01,1,310,买盘
1291,11:12:24,3.09,--,1,309,卖盘
1292,11:12:19,3.09,-0.01,67,20703,卖盘
1293,11:12:09,3.1,--,81,25110,买盘
1294,11:12:04,3.1,--,106,32860,买盘
1295,11:11:39,3.1,0.01,3,930,买盘
1296,11:11:34,3.09,--,133,41097,卖盘
1297,11:11:09,3.09,-0.01,86,26574,卖盘
1298,11:11:04,3.1,0.01,105,32550,买盘
1299,11:10:54,3.09,--,1,309,卖盘
1300,11:10:49,3.09,--,90,27810,卖盘
1301,11:10:39,3.09,--,1,309,卖盘
1302,11:10:34,3.09,--,162,50058,卖盘
1303,11:10:29,3.09,-0.01,1,309,卖盘
1304,11:10:09,3.1,--,80,24800,买盘
1305,11:10:04,3.1,--,105,32550,买盘
1306,11:09:54,3.1,0.01,42,13020,买盘
1307,11:09:49,3.09,-0.01,78,24117,卖盘
1308,11:09:44,3.1,--,1,310,买盘
1309,11:09:39,3.1,0.01,2,620,买盘
1310,11:09:34,3.09,-0.01,132,40788,卖盘
1311,11:09:29,3.1,0.01,1,310,买盘
1312,11:09:24,3.09,-0.01,114,35226,卖盘
1313,11:09:19,3.1,--,6,1860,买盘
1314,11:09:08,3.1,--,142,44020,买盘
1315,11:09:04,3.1,0.01,106,32860,买盘
1316,11:08:59,3.09,-0.01,2,618,卖盘
1317,11:08:38,3.1,0.01,501,155310,买盘
1318,11:08:34,3.09,--,132,40788,卖盘
1319,11:08:08,3.09,-0.01,81,25029,卖盘
1320,11:08:04,3.1,--,106,32860,买盘
1321,11:07:59,3.1,0.01,10,3100,买盘
1322,11:07:49,3.09,--,5,1545,卖盘
1323,11:07:44,3.09,--,1,309,卖盘
1324,11:07:33,3.09,-0.01,132,40788,卖盘
1325,11:07:29,3.1,--,1491,462210,买盘
1326,11:07:08,3.1,--,280,86800,买盘
1327,11:07:03,3.1,0.01,121,37510,买盘
1328,11:06:59,3.09,-0.01,21,6489,卖盘
1329,11:06:48,3.1,--,1,310,买盘
1330,11:06:44,3.1,0.01,1,310,买盘
1331,11:06:38,3.09,--,77,23793,卖盘
1332,11:06:33,3.09,--,130,40170,卖盘
1333,11:06:23,3.09,-0.01,1,309,卖盘
1334,11:06:18,3.1,--,2,620,买盘
1335,11:06:08,3.1,--,80,24800,买盘
1336,11:06:03,3.1,--,164,50840,买盘
1337,11:05:44,3.1,0.01,211,65410,买盘
1338,11:05:38,3.09,-0.01,1,309,卖盘
1339,11:05:33,3.1,0.01,266,82460,买盘
1340,11:05:28,3.09,-0.01,1,309,卖盘
1341,11:05:23,3.1,0.01,1,310,买盘
1342,11:05:18,3.09,-0.01,1,309,卖盘
1343,11:05:07,3.1,--,79,24490,买盘
1344,11:05:03,3.1,0.01,105,32550,买盘
1345,11:04:53,3.09,--,1,309,卖盘
1346,11:04:43,3.09,--,1,309,卖盘
1347,11:04:38,3.09,--,3,927,卖盘
1348,11:04:33,3.09,-0.01,293,90537,卖盘
1349,11:04:23,3.1,--,2501,775310,买盘
1350,11:04:18,3.1,--,7562,2344220,买盘
1351,11:04:13,3.1,0.01,5000,1550000,买盘
1352,11:04:07,3.09,--,10,3090,卖盘
1353,11:04:03,3.09,--,106,32754,卖盘
1354,11:03:58,3.09,--,1,309,卖盘
1355,11:03:33,3.09,--,132,40788,卖盘
1356,11:03:18,3.09,--,1,309,卖盘
1357,11:03:13,3.09,--,1,309,卖盘
1358,11:03:03,3.09,-0.01,140,43260,卖盘
1359,11:02:48,3.1,0.01,137,42470,买盘
1360,11:02:33,3.09,--,133,41097,卖盘
1361,11:02:08,3.09,-0.01,117,36153,卖盘
1362,11:02:02,3.1,0.01,1,310,买盘
1363,11:01:58,3.09,--,2,618,卖盘
1364,11:01:52,3.09,-0.01,2,618,卖盘
1365,11:01:46,3.1,0.01,207,64170,买盘
1366,11:01:43,3.09,--,1,309,卖盘
1367,11:01:37,3.09,-0.01,26,8034,卖盘
1368,11:01:23,3.1,--,58,17980,买盘
1369,11:01:08,3.1,--,1,310,买盘
1370,11:00:58,3.1,0.01,2,620,买盘
1371,11:00:53,3.09,--,2,618,卖盘
1372,11:00:43,3.09,--,13,4017,卖盘
1373,11:00:38,3.09,--,25,7725,卖盘
1374,11:00:28,3.09,-0.01,1,309,卖盘
1375,11:00:22,3.1,0.01,160,49600,买盘
1376,11:00:08,3.09,--,2,618,卖盘
1377,10:59:52,3.09,--,2,618,卖盘
1378,10:59:47,3.09,-0.01,1,309,卖盘
1379,10:59:42,3.1,0.01,3,930,买盘
1380,10:59:37,3.09,--,177,54693,卖盘
1381,10:59:31,3.09,-0.01,182,56238,卖盘
1382,10:59:22,3.1,0.01,3,930,买盘
1383,10:59:16,3.09,--,1,309,卖盘
1384,10:59:12,3.09,-0.01,1,309,卖盘
1385,10:59:07,3.1,0.01,3,930,买盘
1386,10:58:57,3.09,--,52,16068,卖盘
1387,10:58:52,3.09,--,1,309,卖盘
1388,10:58:46,3.09,-0.01,1,309,卖盘
1389,10:58:42,3.1,--,134,41540,买盘
1390,10:58:37,3.1,0.01,27,8370,买盘
1391,10:58:27,3.09,--,2,618,卖盘
1392,10:58:22,3.09,--,31,9579,卖盘
1393,10:58:16,3.09,--,27,8343,卖盘
1394,10:58:12,3.09,-0.01,57,17613,卖盘
1395,10:58:07,3.1,0.01,198,61380,买盘
1396,10:57:57,3.09,--,45,13905,卖盘
1397,10:57:52,3.09,--,189,58401,卖盘
1398,10:57:46,3.09,--,133,41097,卖盘
1399,10:57:42,3.09,--,207,63963,卖盘
1400,10:57:37,3.09,--,559,172731,卖盘
1401,10:57:27,3.09,--,18,5562,卖盘
1402,10:57:22,3.09,--,1,309,卖盘
1403,10:57:16,3.09,--,87,26883,卖盘
1404,10:57:12,3.09,-0.01,188,58092,卖盘
1405,10:57:07,3.1,0.01,277,85870,买盘
1406,10:57:01,3.09,--,2,618,卖盘
1407,10:56:57,3.09,--,392,121128,卖盘
1408,10:56:52,3.09,-0.01,60,18540,卖盘
1409,10:56:46,3.1,0.01,1,310,买盘
1410,10:56:42,3.09,--,2,618,卖盘
1411,10:56:37,3.09,-0.01,88,27192,卖盘
1412,10:56:27,3.1,0.01,17,5270,买盘
1413,10:56:07,3.09,-0.01,1,309,卖盘
1414,10:56:01,3.1,0.01,1,310,买盘
1415,10:55:55,3.09,-0.01,1,309,卖盘
1416,10:55:46,3.1,0.01,62,19220,买盘
1417,10:55:37,3.09,--,26,8034,卖盘
1418,10:55:31,3.09,--,1,309,卖盘
1419,10:55:25,3.09,-0.01,2,618,卖盘
1420,10:55:22,3.1,--,1,310,买盘
1421,10:55:16,3.1,0.01,28,8680,买盘
1422,10:55:07,3.09,-0.01,61,18849,卖盘
1423,10:54:52,3.1,0.01,17,5270,买盘
1424,10:54:46,3.09,-0.01,1,309,卖盘
1425,10:54:37,3.1,--,27,8370,买盘
1426,10:54:31,3.1,--,20,6200,买盘
1427,10:54:22,3.1,0.01,2,620,买盘
1428,10:54:07,3.09,--,44,13596,卖盘
1429,10:54:01,3.09,-0.01,2,618,卖盘
1430,10:53:55,3.1,0.01,6,1860,买盘
1431,10:53:52,3.09,--,1,309,卖盘
1432,10:53:40,3.09,-0.01,20,6180,卖盘
1433,10:53:37,3.1,0.01,87,26970,买盘
1434,10:53:16,3.09,--,2,618,卖盘
1435,10:53:07,3.09,-0.01,1,309,卖盘
1436,10:53:01,3.1,0.01,229,70990,买盘
1437,10:52:55,3.09,--,5,1545,卖盘
1438,10:52:52,3.09,-0.01,10,3090,卖盘
1439,10:52:46,3.1,0.01,1,310,买盘
1440,10:52:37,3.09,-0.01,28,8652,卖盘
1441,10:52:31,3.1,0.01,1,310,买盘
1442,10:52:25,3.09,-0.01,2,618,卖盘
1443,10:52:21,3.1,0.01,1,310,买盘
1444,10:52:16,3.09,--,100,30900,卖盘
1445,10:52:06,3.09,--,4,1236,卖盘
1446,10:52:01,3.09,--,173,53457,卖盘
1447,10:51:51,3.09,-0.01,61,18849,卖盘
1448,10:51:46,3.1,0.01,725,224750,买盘
1449,10:51:36,3.09,-0.01,25,7725,卖盘
1450,10:51:31,3.1,--,4,1240,买盘
1451,10:51:25,3.1,--,3,930,买盘
1452,10:51:06,3.1,--,2,620,买盘
1453,10:51:01,3.1,--,35,10850,买盘
1454,10:50:51,3.1,--,1410,437100,买盘
1455,10:50:46,3.1,--,1,310,买盘
1456,10:50:40,3.1,0.01,198,61380,买盘
1457,10:50:36,3.09,--,26,8034,卖盘
1458,10:50:31,3.09,--,2,618,卖盘
1459,10:50:16,3.09,-0.01,1000,309000,卖盘
1460,10:50:01,3.1,--,1,310,买盘
1461,10:49:36,3.1,--,87,26970,买盘
1462,10:49:31,3.1,0.01,585,181350,买盘
1463,10:49:21,3.09,-0.01,4,1236,卖盘
1464,10:49:16,3.1,0.01,2,620,买盘
1465,10:49:01,3.09,--,1,309,卖盘
1466,10:48:55,3.09,--,30,9270,卖盘
1467,10:48:40,3.09,--,2,618,卖盘
1468,10:48:34,3.09,--,36,11124,卖盘
1469,10:48:31,3.09,--,1,309,卖盘
1470,10:48:19,3.09,--,2,618,卖盘
1471,10:48:16,3.09,--,1,309,卖盘
1472,10:48:10,3.09,--,4,1236,卖盘
1473,10:47:55,3.09,-0.01,30,9270,卖盘
1474,10:47:40,3.1,0.01,3,930,买盘
1475,10:47:34,3.09,--,26,8034,卖盘
1476,10:47:25,3.09,-0.01,63,19467,卖盘
1477,10:47:19,3.1,0.01,1,310,买盘
1478,10:47:10,3.09,--,1,309,卖盘
1479,10:46:55,3.09,--,3,927,卖盘
1480,10:46:46,3.09,--,1,309,卖盘
1481,10:46:34,3.09,-0.01,27,8343,卖盘
1482,10:46:31,3.1,--,2,620,买盘
1483,10:46:16,3.1,0.01,10,3100,买盘
1484,10:45:55,3.09,--,14,4326,卖盘
1485,10:45:45,3.09,--,3,927,卖盘
1486,10:45:40,3.09,--,10,3090,卖盘
1487,10:45:34,3.09,--,26,8034,卖盘
1488,10:45:30,3.09,-0.01,62,19158,卖盘
1489,10:45:25,3.1,0.01,304,94240,买盘
1490,10:45:15,3.09,-0.01,52,16068,卖盘
1491,10:45:10,3.1,0.01,8,2480,买盘
1492,10:45:00,3.09,--,3,927,卖盘
1493,10:44:55,3.09,--,2,618,卖盘
1494,10:44:46,3.09,--,1,309,卖盘
1495,10:44:34,3.09,--,26,8034,卖盘
1496,10:44:30,3.09,--,195,60255,卖盘
1497,10:44:25,3.09,-0.01,1,309,卖盘
1498,10:44:19,3.1,--,101,31310,买盘
1499,10:44:15,3.1,--,2023,627130,买盘
1500,10:44:00,3.1,0.01,198,61380,买盘
1501,10:43:55,3.09,-0.01,6,1854,卖盘
1502,10:43:40,3.1,0.01,6,1860,买盘
1503,10:43:34,3.09,--,26,8034,卖盘
1504,10:43:30,3.09,-0.01,1,309,卖盘
1505,10:43:25,3.1,--,1,310,买盘
1506,10:43:19,3.1,0.01,156,48360,买盘
1507,10:43:15,3.09,-0.01,28,8652,卖盘
1508,10:43:10,3.1,--,492,152520,买盘
1509,10:43:04,3.1,--,530,164300,买盘
1510,10:43:00,3.1,--,1,310,买盘
1511,10:42:49,3.1,0.01,51,15810,买盘
1512,10:42:40,3.09,--,20,6180,卖盘
1513,10:42:34,3.09,--,26,8034,卖盘
1514,10:42:30,3.09,--,1,309,卖盘
1515,10:42:25,3.09,-0.01,1,309,卖盘
1516,10:42:19,3.1,--,1,310,买盘
1517,10:42:04,3.1,0.01,52,16120,买盘
1518,10:41:54,3.09,-0.01,1,309,卖盘
1519,10:41:49,3.1,--,711,220410,买盘
1520,10:41:39,3.1,--,1,310,买盘
1521,10:41:34,3.1,--,28,8680,买盘
1522,10:41:28,3.1,0.01,67,20770,买盘
1523,10:41:24,3.09,--,4,1236,卖盘
1524,10:41:19,3.09,-0.01,495,152955,卖盘
1525,10:41:13,3.1,--,492,152520,买盘
1526,10:41:09,3.1,--,492,152520,买盘
1527,10:41:04,3.1,--,248,76880,买盘
1528,10:40:49,3.1,--,1,310,买盘
1529,10:40:43,3.1,0.01,399,123690,买盘
1530,10:40:34,3.09,-0.01,29,8961,卖盘
1531,10:40:24,3.1,--,4,1240,买盘
1532,10:40:13,3.1,0.01,1,310,买盘
1533,10:39:58,3.09,-0.01,1,309,卖盘
1534,10:39:49,3.1,0.01,60,18600,买盘
1535,10:39:43,3.09,-0.01,1,309,卖盘
1536,10:39:34,3.1,--,27,8370,买盘
1537,10:39:13,3.1,0.01,1,310,买盘
1538,10:38:54,3.09,--,1,309,卖盘
1539,10:38:43,3.09,--,3,927,卖盘
1540,10:38:39,3.09,--,10,3090,卖盘
1541,10:38:34,3.09,--,25,7725,卖盘
1542,10:38:19,3.09,--,4,1236,卖盘
1543,10:38:09,3.09,-0.01,1,309,卖盘
1544,10:38:04,3.1,--,10,3100,买盘
1545,10:37:58,3.1,0.01,61,18910,买盘
1546,10:37:54,3.09,-0.01,1,309,卖盘
1547,10:37:39,3.1,0.01,1,310,买盘
1548,10:37:34,3.09,--,26,8034,卖盘
1549,10:37:28,3.09,--,50,15450,卖盘
1550,10:37:24,3.09,-0.01,5,1545,卖盘
1551,10:37:19,3.1,0.01,12,3720,买盘
1552,10:37:13,3.09,-0.01,27,8343,卖盘
1553,10:36:43,3.1,0.01,5,1550,买盘
1554,10:36:39,3.09,--,1,309,卖盘
1555,10:36:34,3.09,-0.01,86,26574,卖盘
1556,10:36:28,3.1,0.01,100,31000,买盘
1557,10:36:04,3.09,-0.01,1,309,卖盘
1558,10:35:58,3.1,--,2,620,买盘
1559,10:35:54,3.1,--,1,310,买盘
1560,10:35:43,3.1,0.01,20,6200,买盘
1561,10:35:34,3.09,--,25,7725,卖盘
1562,10:35:13,3.09,--,179,55311,卖盘
1563,10:34:58,3.09,-0.01,20,6180,卖盘
1564,10:34:49,3.1,0.01,62,19220,买盘
1565,10:34:43,3.09,--,1,309,卖盘
1566,10:34:33,3.09,--,26,8034,卖盘
1567,10:34:28,3.09,-0.01,1,309,卖盘
1568,10:34:22,3.1,--,1,310,买盘
1569,10:34:03,3.1,--,3,930,买盘
1570,10:33:58,3.1,--,23,7130,买盘
1571,10:33:52,3.1,0.01,76,23560,买盘
1572,10:33:48,3.09,--,1,309,卖盘
1573,10:33:37,3.09,--,1,309,卖盘
1574,10:33:33,3.09,--,26,8034,卖盘
1575,10:33:28,3.09,-0.01,4,1236,卖盘
1576,10:33:18,3.1,--,61,18910,买盘
1577,10:33:13,3.1,--,23,7130,买盘
1578,10:32:43,3.1,--,1,310,买盘
1579,10:32:33,3.1,--,27,8370,买盘
1580,10:32:28,3.1,0.01,1,310,买盘
1581,10:32:22,3.09,-0.01,1,309,卖盘
1582,10:32:18,3.1,--,1,310,买盘
1583,10:32:13,3.1,0.01,1,310,买盘
1584,10:32:07,3.09,-0.01,24,7416,卖盘
1585,10:32:03,3.1,0.01,12,3875,买盘
1586,10:31:58,3.09,-0.01,10,3090,卖盘
1587,10:31:48,3.1,0.01,60,18600,买盘
1588,10:31:33,3.09,-0.01,46,14214,卖盘
1589,10:31:28,3.1,0.01,232,71920,买盘
1590,10:31:18,3.09,-0.01,1,309,卖盘
1591,10:31:13,3.1,--,27,8370,买盘
1592,10:30:58,3.1,0.01,2,620,买盘
1593,10:30:52,3.09,--,20,6180,卖盘
1594,10:30:43,3.09,--,1,309,卖盘
1595,10:30:33,3.09,-0.01,737,227733,卖盘
1596,10:30:03,3.1,--,60,18600,买盘
1597,10:29:58,3.1,--,1,310,买盘
1598,10:29:48,3.1,0.01,1,310,买盘
1599,10:29:33,3.09,--,26,8034,卖盘
1600,10:29:03,3.09,-0.01,26,8034,卖盘
1601,10:28:58,3.1,0.01,1,310,买盘
1602,10:28:48,3.09,--,299,92391,卖盘
1603,10:28:43,3.09,--,5,1545,卖盘
1604,10:28:37,3.09,--,10,3090,卖盘
1605,10:28:31,3.09,-0.01,26,8034,卖盘
1606,10:28:28,3.1,--,1,310,买盘
1607,10:28:16,3.1,--,1,310,买盘
1608,10:28:13,3.1,0.01,5,1550,买盘
1609,10:27:58,3.09,-0.01,2,618,卖盘
1610,10:27:46,3.1,--,1,310,买盘
1611,10:27:42,3.1,0.01,11,3410,买盘
1612,10:27:37,3.09,--,36,11124,卖盘
1613,10:27:27,3.09,-0.01,11,3399,卖盘
1614,10:27:22,3.1,0.01,1,310,买盘
1615,10:27:13,3.09,--,1,309,卖盘
1616,10:26:46,3.09,-0.01,2,618,卖盘
1617,10:26:42,3.1,0.01,1,310,买盘
1618,10:26:37,3.09,--,52,16068,卖盘
1619,10:26:31,3.09,--,298,92082,卖盘
1620,10:26:27,3.09,-0.01,194,59946,卖盘
1621,10:26:22,3.1,0.01,77,23870,买盘
1622,10:26:16,3.09,--,1,309,卖盘
1623,10:26:12,3.09,--,202,62418,卖盘
1624,10:26:07,3.09,-0.01,1,309,卖盘
1625,10:25:52,3.1,--,59,18290,买盘
1626,10:25:42,3.1,--,1,310,买盘
1627,10:25:37,3.1,0.01,59,18290,买盘
1628,10:25:31,3.09,-0.01,1,309,卖盘
1629,10:25:27,3.1,--,5,1550,买盘
1630,10:25:07,3.1,0.01,1,310,买盘
1631,10:25:01,3.09,--,1,309,卖盘
1632,10:24:57,3.09,--,1,309,卖盘
1633,10:24:52,3.09,--,1,309,卖盘
1634,10:24:46,3.09,--,10,3090,卖盘
1635,10:24:37,3.09,-0.01,347,107223,卖盘
1636,10:24:31,3.1,--,59,18290,买盘
1637,10:24:22,3.1,0.01,2,620,买盘
1638,10:24:12,3.09,--,2,618,卖盘
1639,10:24:07,3.09,-0.01,1,309,卖盘
1640,10:23:46,3.1,--,161,49910,买盘
1641,10:23:37,3.1,--,46,14260,买盘
1642,10:23:31,3.1,--,61,18910,买盘
1643,10:23:27,3.1,--,1,310,买盘
1644,10:23:22,3.1,0.01,15,4650,买盘
1645,10:23:07,3.09,-0.01,1,309,卖盘
1646,10:22:52,3.1,--,100,31000,买盘
1647,10:22:46,3.1,--,4,1240,买盘
1648,10:22:42,3.1,--,1,310,买盘
1649,10:22:37,3.1,0.01,86,26660,买盘
1650,10:22:27,3.09,--,21,6489,卖盘
1651,10:22:22,3.09,-0.01,23,7107,卖盘
1652,10:22:12,3.1,--,26,8060,买盘
1653,10:22:07,3.1,--,34,10540,买盘
1654,10:22:01,3.1,--,200,62000,买盘
1655,10:21:52,3.1,0.01,1,310,买盘
1656,10:21:46,3.09,-0.01,1,309,卖盘
1657,10:21:37,3.1,--,93,28830,买盘
1658,10:21:31,3.1,0.01,300,93000,买盘
1659,10:21:22,3.09,--,1,309,卖盘
1660,10:21:16,3.09,-0.01,106,32754,卖盘
1661,10:21:10,3.1,0.01,1,310,买盘
1662,10:21:01,3.09,-0.01,17,5253,卖盘
1663,10:20:55,3.1,--,1,310,买盘
1664,10:20:52,3.1,--,21,6510,买盘
1665,10:20:46,3.1,--,69,21390,买盘
1666,10:20:40,3.1,0.01,1,310,买盘
1667,10:20:37,3.09,-0.01,27,8343,卖盘
1668,10:20:31,3.1,--,115,35650,买盘
1669,10:20:22,3.1,-0.01,54,16740,卖盘
1670,10:20:16,3.11,0.01,2,622,买盘
1671,10:20:07,3.1,-0.01,2,620,卖盘
1672,10:20:01,3.11,0.01,50,15550,买盘
1673,10:19:55,3.1,--,16,4960,卖盘
1674,10:19:51,3.1,--,81,25110,卖盘
1675,10:19:36,3.1,--,71,22010,卖盘
1676,10:19:31,3.1,-0.01,142,44020,卖盘
1677,10:19:25,3.11,0.01,2,622,买盘
1678,10:19:21,3.1,-0.01,1,310,卖盘
1679,10:19:16,3.11,0.01,103,32033,买盘
1680,10:19:10,3.1,--,100,31000,卖盘
1681,10:19:01,3.1,--,244,75640,卖盘
1682,10:18:55,3.1,--,109,33790,卖盘
1683,10:18:51,3.1,--,2,620,卖盘
1684,10:18:46,3.1,--,93,28830,卖盘
1685,10:18:36,3.1,--,340,105400,卖盘
1686,10:18:31,3.1,--,10,3100,卖盘
1687,10:18:25,3.1,--,8,2480,卖盘
1688,10:18:21,3.1,--,75,23250,卖盘
1689,10:18:16,3.1,-0.01,102,31620,卖盘
1690,10:18:10,3.11,0.01,161,50071,买盘
1691,10:18:06,3.1,--,133,41230,卖盘
1692,10:17:55,3.1,--,67,20770,卖盘
1693,10:17:46,3.1,--,5,1550,卖盘
1694,10:17:40,3.1,--,3,930,卖盘
1695,10:17:36,3.1,-0.01,57,17670,卖盘
1696,10:17:31,3.11,0.01,1,311,买盘
1697,10:17:25,3.1,--,8,2480,卖盘
1698,10:17:21,3.1,-0.01,3,930,卖盘
1699,10:17:16,3.11,0.01,72,22392,买盘
1700,10:17:10,3.1,--,92,28520,卖盘
1701,10:17:06,3.1,--,111,34410,卖盘
1702,10:16:55,3.1,--,10,3100,卖盘
1703,10:16:51,3.1,-0.01,19,5890,卖盘
1704,10:16:40,3.11,0.01,3,933,买盘
1705,10:16:36,3.1,--,136,42160,卖盘
1706,10:16:31,3.1,--,31,9610,卖盘
1707,10:16:25,3.1,-0.01,20,6200,卖盘
1708,10:16:21,3.11,0.01,121,37631,买盘
1709,10:16:10,3.1,--,62,19220,卖盘
1710,10:16:06,3.1,--,221,68510,卖盘
1711,10:16:01,3.1,--,131,40610,卖盘
1712,10:15:55,3.1,--,123,38130,卖盘
1713,10:15:51,3.1,--,208,64480,卖盘
1714,10:15:40,3.1,--,21,6510,卖盘
1715,10:15:36,3.1,--,37,11470,卖盘
1716,10:15:31,3.1,--,261,80910,卖盘
1717,10:15:25,3.1,--,12,3720,卖盘
1718,10:15:21,3.1,--,21,6510,卖盘
1719,10:15:16,3.1,--,123,38130,卖盘
1720,10:15:10,3.1,--,12,3720,卖盘
1721,10:15:06,3.1,-0.01,88,27280,卖盘
1722,10:14:55,3.11,0.01,4,1244,买盘
1723,10:14:51,3.1,--,60,18600,卖盘
1724,10:14:46,3.1,--,96,29760,卖盘
1725,10:14:40,3.1,--,1,310,卖盘
1726,10:14:34,3.1,--,26,8060,卖盘
1727,10:14:31,3.1,--,3,930,卖盘
1728,10:14:25,3.1,--,83,25730,卖盘
1729,10:14:16,3.1,--,60,18600,卖盘
1730,10:14:10,3.1,--,12,3720,卖盘
1731,10:14:04,3.1,--,71,22010,卖盘
1732,10:14:01,3.1,--,16,4960,卖盘
1733,10:13:55,3.1,--,33,10230,卖盘
1734,10:13:46,3.1,--,5,1550,卖盘
1735,10:13:40,3.1,--,35,10850,卖盘
1736,10:13:34,3.1,--,28,8680,卖盘
1737,10:13:31,3.1,--,4,1240,卖盘
1738,10:13:25,3.1,--,58,17980,卖盘
1739,10:13:19,3.1,--,2,620,卖盘
1740,10:13:01,3.1,--,30,9300,卖盘
1741,10:12:55,3.1,--,58,17980,卖盘
1742,10:12:49,3.1,--,29,8990,卖盘
1743,10:12:46,3.1,--,84,26040,卖盘
1744,10:12:40,3.1,0.01,2739,849090,买盘
1745,10:12:34,3.09,--,26,8034,卖盘
1746,10:12:25,3.09,-0.01,27,8343,卖盘
1747,10:12:15,3.1,0.01,62,19220,买盘
1748,10:12:10,3.09,-0.01,1,309,卖盘
1749,10:11:49,3.1,0.01,1,310,买盘
1750,10:11:45,3.09,--,1,309,卖盘
1751,10:11:40,3.09,-0.01,3,927,卖盘
1752,10:11:34,3.1,0.01,97,30070,买盘
1753,10:11:30,3.09,-0.01,55,16995,卖盘
1754,10:11:25,3.1,--,2,620,买盘
1755,10:11:15,3.1,0.01,306,94860,买盘
1756,10:11:10,3.09,-0.01,1,309,卖盘
1757,10:11:00,3.1,--,59,18290,买盘
1758,10:10:55,3.1,0.01,3,930,买盘
1759,10:10:49,3.09,--,1,309,卖盘
1760,10:10:45,3.09,--,12,3708,卖盘
1761,10:10:40,3.09,--,22,6798,卖盘
1762,10:10:34,3.09,--,25,7725,卖盘
1763,10:10:30,3.09,--,102,31518,卖盘
1764,10:10:25,3.09,--,2,618,卖盘
1765,10:10:10,3.09,-0.01,1,309,卖盘
1766,10:10:04,3.1,0.01,1,310,买盘
1767,10:10:00,3.09,--,250,77250,卖盘
1768,10:09:55,3.09,-0.01,73,22557,卖盘
1769,10:09:49,3.1,0.01,233,72230,买盘
1770,10:09:45,3.09,--,1,309,卖盘
1771,10:09:34,3.09,-0.01,188,58092,卖盘
1772,10:09:30,3.1,--,9,2790,买盘
1773,10:09:25,3.1,--,78,24180,买盘
1774,10:09:15,3.1,0.01,41,12710,买盘
1775,10:09:10,3.09,--,2,618,卖盘
1776,10:09:04,3.09,--,1,309,卖盘
1777,10:09:00,3.09,-0.01,10,3090,卖盘
1778,10:08:55,3.1,--,17,5270,买盘
1779,10:08:49,3.1,--,50,15500,买盘
1780,10:08:45,3.1,--,2,620,买盘
1781,10:08:40,3.1,--,22,6820,买盘
1782,10:08:34,3.1,--,66,20460,买盘
1783,10:08:30,3.1,--,3,930,买盘
1784,10:08:25,3.1,--,59,18290,买盘
1785,10:08:19,3.1,--,11,3410,买盘
1786,10:08:10,3.1,--,87,26970,买盘
1787,10:08:04,3.1,--,50,15500,买盘
1788,10:08:00,3.1,--,711,220410,买盘
1789,10:07:55,3.1,--,40,12400,买盘
1790,10:07:49,3.1,0.01,20,6200,买盘
1791,10:07:45,3.09,-0.01,2,618,卖盘
1792,10:07:40,3.1,--,302,93620,买盘
1793,10:07:34,3.1,--,27,8370,买盘
1794,10:07:30,3.1,--,23,7130,买盘
1795,10:07:15,3.1,--,1,310,买盘
1796,10:07:09,3.1,--,4,1240,买盘
1797,10:07:04,3.1,0.01,59,18290,买盘
1798,10:06:54,3.09,-0.01,2,618,卖盘
1799,10:06:49,3.1,0.01,521,161510,买盘
1800,10:06:45,3.09,-0.01,30,9270,卖盘
1801,10:06:39,3.1,--,1,310,买盘
1802,10:06:34,3.1,--,161,49910,买盘
1803,10:06:19,3.1,--,5,1550,买盘
1804,10:06:14,3.1,0.01,24,7440,买盘
1805,10:06:09,3.09,--,44,13596,卖盘
1806,10:06:04,3.09,--,1,309,卖盘
1807,10:05:54,3.09,-0.01,712,220008,卖盘
1808,10:05:49,3.1,--,232,71920,买盘
1809,10:05:43,3.1,--,59,18290,买盘
1810,10:05:39,3.1,--,984,305040,买盘
1811,10:05:34,3.1,0.01,555,172050,买盘
1812,10:05:24,3.09,-0.01,1,309,卖盘
1813,10:05:19,3.1,--,493,152830,买盘
1814,10:05:13,3.1,--,10,3100,买盘
1815,10:05:09,3.1,--,51,15810,买盘
1816,10:05:04,3.1,--,47,14570,买盘
1817,10:04:58,3.1,0.01,1,310,买盘
1818,10:04:54,3.09,-0.01,3,927,卖盘
1819,10:04:49,3.1,0.01,492,152520,买盘
1820,10:04:39,3.09,--,1,309,卖盘
1821,10:04:34,3.09,-0.01,85,26265,卖盘
1822,10:04:28,3.1,--,4,1240,买盘
1823,10:04:24,3.1,--,32,9920,买盘
1824,10:04:19,3.1,--,51,15810,买盘
1825,10:04:09,3.1,0.01,10,3100,买盘
1826,10:04:04,3.09,--,1,309,卖盘
1827,10:03:58,3.09,-0.01,1,309,卖盘
1828,10:03:54,3.1,0.01,10,3100,买盘
1829,10:03:43,3.09,-0.01,2,618,卖盘
1830,10:03:39,3.1,--,1,310,买盘
1831,10:03:34,3.1,--,34,10540,买盘
1832,10:03:28,3.1,--,59,18290,买盘
1833,10:03:13,3.1,0.01,32,9920,买盘
1834,10:03:09,3.09,-0.01,1,309,卖盘
1835,10:02:58,3.1,--,2,620,买盘
1836,10:02:39,3.1,--,3,930,买盘
1837,10:02:34,3.1,--,104,32240,买盘
1838,10:02:28,3.1,0.01,60,18600,买盘
1839,10:02:24,3.09,--,2,618,卖盘
1840,10:01:58,3.09,--,2,618,卖盘
1841,10:01:54,3.09,-0.01,30,9270,卖盘
1842,10:01:49,3.1,0.01,9,2790,买盘
1843,10:01:43,3.09,-0.01,2000,618000,卖盘
1844,10:01:39,3.1,0.01,493,152830,买盘
1845,10:01:34,3.09,-0.01,137,42333,卖盘
1846,10:01:28,3.1,0.01,109,33790,买盘
1847,10:01:24,3.09,--,1,309,卖盘
1848,10:01:19,3.09,-0.01,2,618,卖盘
1849,10:01:09,3.1,0.01,58,17980,买盘
1850,10:00:58,3.09,-0.01,232,71688,卖盘
1851,10:00:54,3.1,--,2291,710210,买盘
1852,10:00:49,3.1,0.01,49,15190,买盘
1853,10:00:39,3.09,--,52,16068,卖盘
1854,10:00:34,3.09,-0.01,66,20394,卖盘
1855,10:00:28,3.1,--,62,19220,买盘
1856,10:00:09,3.1,0.01,760,235600,买盘
1857,10:00:03,3.09,--,546,168714,卖盘
1858,09:59:58,3.09,-0.01,3,927,卖盘
1859,09:59:54,3.1,--,1,310,买盘
1860,09:59:48,3.1,--,4,1240,买盘
1861,09:59:43,3.1,--,320,99200,买盘
1862,09:59:39,3.1,0.01,2,620,买盘
1863,09:59:33,3.09,-0.01,26,8034,卖盘
1864,09:59:28,3.1,0.01,3,930,买盘
1865,09:59:24,3.09,-0.01,61,18849,卖盘
1866,09:59:18,3.1,--,1,310,买盘
1867,09:59:13,3.1,--,3235,1002850,买盘
1868,09:59:09,3.1,0.01,10,3100,买盘
1869,09:59:03,3.09,-0.01,1,309,卖盘
1870,09:58:54,3.1,0.01,50,15500,买盘
1871,09:58:48,3.09,-0.01,2,618,卖盘
1872,09:58:43,3.1,0.01,120,37200,买盘
1873,09:58:33,3.09,--,151,46659,卖盘
1874,09:58:28,3.09,--,189,58401,卖盘
1875,09:58:24,3.09,-0.01,5,1545,卖盘
1876,09:58:18,3.1,--,90,27900,买盘
1877,09:58:13,3.1,--,142,44020,买盘
1878,09:58:08,3.1,0.01,20,6200,买盘
1879,09:58:03,3.09,--,141,43569,卖盘
1880,09:57:58,3.09,-0.01,12,3708,卖盘
1881,09:57:53,3.1,--,28,8680,买盘
1882,09:57:48,3.1,--,448,139016,买盘
1883,09:57:43,3.1,0.01,131,40610,买盘
1884,09:57:33,3.09,--,86,26574,卖盘
1885,09:57:28,3.09,-0.01,788,243699,卖盘
1886,09:57:22,3.1,--,2982,924420,买盘
1887,09:57:18,3.1,--,112,34720,买盘
1888,09:57:13,3.1,0.01,190,58900,买盘
1889,09:57:03,3.09,-0.01,21,6489,卖盘
1890,09:56:58,3.1,--,55,17050,买盘
1891,09:56:52,3.1,--,121,37510,买盘
1892,09:56:48,3.1,--,1,310,买盘
1893,09:56:43,3.1,--,659,204290,买盘
1894,09:56:37,3.1,--,46,14260,买盘
1895,09:56:33,3.1,--,87,26970,买盘
1896,09:56:28,3.1,0.01,12,3720,买盘
1897,09:56:18,3.09,-0.01,3032,936888,卖盘
1898,09:56:13,3.1,0.01,228,70680,买盘
1899,09:56:07,3.09,-0.01,2,618,卖盘
1900,09:56:03,3.1,0.01,1035,320850,买盘
1901,09:55:58,3.09,-0.01,2,618,卖盘
1902,09:55:52,3.1,0.01,68,21080,买盘
1903,09:55:48,3.09,-0.01,11,3399,卖盘
1904,09:55:43,3.1,--,3899,1208690,买盘
1905,09:55:37,3.1,--,168,52080,买盘
1906,09:55:33,3.1,--,331,102610,买盘
1907,09:55:28,3.1,--,197,61070,买盘
1908,09:55:22,3.1,--,434,134540,买盘
1909,09:55:18,3.1,--,476,147560,买盘
1910,09:55:13,3.1,0.01,337,104470,买盘
1911,09:55:03,3.09,--,102,31518,卖盘
1912,09:54:58,3.09,-0.01,100,30900,卖盘
1913,09:54:52,3.1,--,200,62000,买盘
1914,09:54:48,3.1,--,1030,319300,买盘
1915,09:54:43,3.1,--,133,41230,买盘
1916,09:54:37,3.1,0.01,10,3100,买盘
1917,09:54:33,3.09,-0.01,104,32136,卖盘
1918,09:54:22,3.1,--,81,25110,买盘
1919,09:54:13,3.1,0.01,217,67270,买盘
1920,09:54:03,3.09,--,385,118965,卖盘
1921,09:53:58,3.09,-0.01,232,71688,卖盘
1922,09:53:52,3.1,0.01,27,8370,买盘
1923,09:53:48,3.09,-0.01,151,46659,卖盘
1924,09:53:43,3.1,--,411,127410,买盘
1925,09:53:37,3.1,--,2,620,买盘
1926,09:53:33,3.1,--,1153,357430,买盘
1927,09:53:27,3.1,--,63,19530,买盘
1928,09:53:22,3.1,--,1622,502820,买盘
1929,09:53:18,3.1,--,641,198710,买盘
1930,09:53:13,3.1,--,461,142910,买盘
1931,09:53:07,3.1,--,33,10230,买盘
1932,09:53:03,3.1,--,5294,1641140,买盘
1933,09:52:57,3.1,--,142,44020,买盘
1934,09:52:52,3.1,0.01,6415,1988650,买盘
1935,09:52:48,3.09,-0.01,10000,3090000,卖盘
1936,09:52:42,3.1,--,10560,3273600,买盘
1937,09:52:37,3.1,--,284,88040,买盘
1938,09:52:33,3.1,--,68,21080,买盘
1939,09:52:27,3.1,0.01,68,21080,买盘
1940,09:52:22,3.09,--,598,184782,卖盘
1941,09:52:18,3.09,-0.01,45,13905,卖盘
1942,09:52:12,3.1,0.01,299,92690,买盘
1943,09:52:07,3.09,--,13,4017,卖盘
1944,09:51:57,3.09,-0.01,826,255234,卖盘
1945,09:51:52,3.1,--,139,43090,买盘
1946,09:51:42,3.1,--,181,56110,买盘
1947,09:51:37,3.1,--,144,44640,买盘
1948,09:51:33,3.1,--,6,1860,买盘
1949,09:51:27,3.1,--,548,169880,买盘
1950,09:51:22,3.1,--,227,70370,买盘
1951,09:51:17,3.1,--,546,169260,买盘
1952,09:51:12,3.1,--,121,37510,买盘
1953,09:51:07,3.1,--,13,4030,买盘
1954,09:51:02,3.1,--,42,13020,买盘
1955,09:50:57,3.1,0.01,1697,526190,买盘
1956,09:50:52,3.09,-0.01,36,11124,卖盘
1957,09:50:42,3.1,--,219,67890,买盘
1958,09:50:37,3.1,--,254,78740,买盘
1959,09:50:32,3.1,0.01,21,6510,买盘
1960,09:50:22,3.09,--,1,309,卖盘
1961,09:50:17,3.09,-0.01,573,177057,卖盘
1962,09:50:12,3.1,0.01,714,221340,买盘
1963,09:50:07,3.09,-0.01,837,258633,卖盘
1964,09:50:02,3.1,--,3,930,买盘
1965,09:49:57,3.1,0.01,28,8680,买盘
1966,09:49:52,3.09,--,17,5253,卖盘
1967,09:49:47,3.09,-0.01,81,25029,卖盘
1968,09:49:42,3.1,0.01,777,240870,买盘
1969,09:49:37,3.09,-0.01,1030,318270,卖盘
1970,09:49:27,3.1,0.01,272,84320,买盘
1971,09:49:22,3.09,-0.01,1,309,卖盘
1972,09:49:16,3.1,--,2,620,买盘
1973,09:49:12,3.1,--,701,217310,买盘
1974,09:49:07,3.1,--,400,124000,买盘
1975,09:49:01,3.1,0.01,109,33790,买盘
1976,09:48:57,3.09,--,311,96099,卖盘
1977,09:48:52,3.09,-0.01,208,64272,卖盘
1978,09:48:46,3.1,--,150,46500,买盘
1979,09:48:42,3.1,0.01,450,139500,买盘
1980,09:48:37,3.09,-0.01,25,7725,卖盘
1981,09:48:31,3.1,0.01,84,26040,买盘
1982,09:48:27,3.09,--,196,60564,卖盘
1983,09:48:22,3.09,--,63,19467,卖盘
1984,09:48:07,3.09,-0.01,10,3090,卖盘
1985,09:48:01,3.1,--,120,37200,买盘
1986,09:47:57,3.1,--,3007,932170,买盘
1987,09:47:52,3.1,--,1000,310000,买盘
1988,09:47:42,3.1,--,42,13020,买盘
1989,09:47:37,3.1,--,171,53010,买盘
1990,09:47:31,3.1,0.01,10,3100,买盘
1991,09:47:27,3.09,-0.01,2,618,卖盘
1992,09:47:22,3.1,--,61,18910,买盘
1993,09:47:16,3.1,--,263,81530,买盘
1994,09:47:07,3.1,0.01,170,52700,买盘
1995,09:47:01,3.09,-0.01,100,30900,卖盘
1996,09:46:51,3.1,--,65,20150,买盘
1997,09:46:46,3.1,--,43,13330,买盘
1998,09:46:41,3.1,--,7,2170,买盘
1999,09:46:37,3.1,0.01,28,8680,买盘
2000,09:46:31,3.09,-0.01,1,309,卖盘
2001,09:46:26,3.1,0.01,20,6200,买盘
2002,09:46:22,3.09,-0.01,1062,328158,卖盘
2003,09:46:16,3.1,0.01,1,310,买盘
2004,09:46:11,3.09,-0.01,39,12051,卖盘
2005,09:46:06,3.1,--,177,54870,买盘
2006,09:46:01,3.1,--,1,310,买盘
2007,09:45:51,3.1,--,91,28210,买盘
2008,09:45:41,3.1,0.01,97,30070,买盘
2009,09:45:36,3.09,-0.01,28,8652,卖盘
2010,09:45:21,3.1,--,262,81220,买盘
2011,09:45:16,3.1,--,7,2170,买盘
2012,09:45:11,3.1,--,184,57040,买盘
2013,09:45:01,3.1,--,59,18290,买盘
2014,09:44:51,3.1,0.01,1,310,买盘
2015,09:44:46,3.09,--,4,1236,卖盘
2016,09:44:41,3.09,-0.01,2,618,卖盘
2017,09:44:36,3.1,--,62,19220,买盘
2018,09:44:31,3.1,0.01,5,1550,买盘
2019,09:44:26,3.09,-0.01,7,2163,卖盘
2020,09:44:21,3.1,0.01,94,29140,买盘
2021,09:44:16,3.09,--,102,31518,卖盘
2022,09:44:06,3.09,--,4,1236,卖盘
2023,09:44:01,3.09,-0.01,1,309,卖盘
2024,09:43:56,3.1,0.01,105,32550,买盘
2025,09:43:51,3.09,--,62,19158,卖盘
2026,09:43:46,3.09,--,26,8034,卖盘
2027,09:43:41,3.09,-0.01,3,927,卖盘
2028,09:43:36,3.1,0.01,31,9610,买盘
2029,09:43:31,3.09,-0.01,1,309,卖盘
2030,09:43:21,3.1,0.01,164,50840,买盘
2031,09:43:16,3.09,--,605,186945,卖盘
2032,09:43:11,3.09,--,1,309,卖盘
2033,09:43:06,3.09,-0.01,1,309,卖盘
2034,09:43:01,3.1,--,381,118110,买盘
2035,09:42:55,3.1,--,66,20460,买盘
2036,09:42:51,3.1,0.01,51,15810,买盘
2037,09:42:46,3.09,-0.01,3,927,卖盘
2038,09:42:41,3.1,--,195,60450,买盘
2039,09:42:36,3.1,0.01,192,59520,买盘
2040,09:42:31,3.09,--,28,8652,卖盘
2041,09:42:26,3.09,-0.01,12,3708,卖盘
2042,09:42:21,3.1,0.01,61,18910,买盘
2043,09:42:16,3.09,-0.01,409,126381,卖盘
2044,09:42:06,3.1,0.01,284,88040,买盘
2045,09:41:55,3.09,-0.01,1,309,卖盘
2046,09:41:51,3.1,--,57,17670,买盘
2047,09:41:46,3.1,0.01,55,17050,买盘
2048,09:41:40,3.09,--,2,618,卖盘
2049,09:41:36,3.09,--,219,67671,卖盘
2050,09:41:31,3.09,--,125,38625,卖盘
2051,09:41:25,3.09,-0.01,10,3090,卖盘
2052,09:41:16,3.1,0.01,54,16740,买盘
2053,09:41:06,3.09,--,218,67362,卖盘
2054,09:40:51,3.09,-0.01,1267,391503,卖盘
2055,09:40:46,3.1,0.01,518,160580,买盘
2056,09:40:36,3.09,--,247,76323,卖盘
2057,09:40:31,3.09,-0.01,1,309,卖盘
2058,09:40:25,3.1,0.01,52,16120,买盘
2059,09:40:21,3.09,-0.01,2,618,卖盘
2060,09:40:16,3.1,--,203,62930,买盘
2061,09:40:10,3.1,0.01,194,60140,买盘
2062,09:40:06,3.09,--,194,59946,卖盘
2063,09:40:00,3.09,--,4,1236,卖盘
2064,09:39:55,3.09,-0.01,4,1236,卖盘
2065,09:39:51,3.1,--,238,73780,买盘
2066,09:39:45,3.1,0.01,3277,1015870,买盘
2067,09:39:40,3.09,-0.01,2,618,卖盘
2068,09:39:35,3.1,0.01,192,59520,买盘
2069,09:39:30,3.09,-0.01,17,5253,卖盘
2070,09:39:25,3.1,--,8,2480,买盘
2071,09:39:20,3.1,0.01,2,620,买盘
2072,09:39:15,3.09,-0.01,2,618,卖盘
2073,09:39:10,3.1,--,93,28830,买盘
2074,09:39:05,3.1,0.01,156,48360,买盘
2075,09:39:00,3.09,--,64,19776,卖盘
2076,09:38:55,3.09,--,10,3090,卖盘
2077,09:38:50,3.09,-0.01,5,1545,卖盘
2078,09:38:45,3.1,0.01,10,3100,买盘
2079,09:38:40,3.09,--,546,168714,卖盘
2080,09:38:35,3.09,-0.01,183,56547,卖盘
2081,09:38:25,3.1,--,38,11780,买盘
2082,09:38:20,3.1,0.01,42,13020,买盘
2083,09:38:15,3.09,--,131,40479,卖盘
2084,09:38:10,3.09,-0.01,567,175203,卖盘
2085,09:38:05,3.1,--,182,56420,买盘
2086,09:38:00,3.1,0.01,1,310,买盘
2087,09:37:55,3.09,-0.01,10,3090,卖盘
2088,09:37:50,3.1,--,76,23560,买盘
2089,09:37:45,3.1,0.01,81,25110,买盘
2090,09:37:40,3.09,--,20,6180,卖盘
2091,09:37:35,3.09,--,183,56547,卖盘
2092,09:37:30,3.09,-0.01,133,41097,卖盘
2093,09:37:25,3.1,0.01,181,56110,买盘
2094,09:37:20,3.09,--,1,309,卖盘
2095,09:37:15,3.09,--,1,309,卖盘
2096,09:37:10,3.09,-0.01,1281,395893,卖盘
2097,09:37:05,3.1,0.01,157,48670,买盘
2098,09:37:00,3.09,--,39,12051,卖盘
2099,09:36:55,3.09,-0.01,31,9579,卖盘
2100,09:36:50,3.1,--,504,156240,买盘
2101,09:36:45,3.1,--,62,19220,买盘
2102,09:36:40,3.1,0.01,498,154380,买盘
2103,09:36:35,3.09,-0.01,213,65817,卖盘
2104,09:36:30,3.1,--,86,26660,买盘
2105,09:36:20,3.1,--,194,60140,买盘
2106,09:36:15,3.1,--,3,930,买盘
2107,09:36:10,3.1,--,502,155620,买盘
2108,09:36:05,3.1,0.01,268,83080,买盘
2109,09:36:00,3.09,-0.01,1,309,卖盘
2110,09:35:55,3.1,0.01,3137,972470,买盘
2111,09:35:50,3.09,-0.01,1,309,卖盘
2112,09:35:45,3.1,0.01,90,27900,买盘
2113,09:35:40,3.09,--,1,309,卖盘
2114,09:35:35,3.09,--,26,8034,卖盘
2115,09:35:30,3.09,--,64,19776,卖盘
2116,09:35:25,3.09,-0.01,319,98571,卖盘
2117,09:35:19,3.1,--,2546,789260,买盘
2118,09:35:15,3.1,0.01,20,6200,买盘
2119,09:35:10,3.09,-0.01,184,56856,卖盘
2120,09:35:04,3.1,--,201,62310,买盘
2121,09:35:00,3.1,0.01,221,68510,买盘
2122,09:34:55,3.09,-0.01,1441,445269,卖盘
2123,09:34:50,3.1,--,6,1860,买盘
2124,09:34:45,3.1,--,734,227673,买盘
2125,09:34:40,3.1,0.01,211,65410,买盘
2126,09:34:34,3.09,-0.01,235,72615,卖盘
2127,09:34:30,3.1,--,2045,633950,买盘
2128,09:34:25,3.1,0.01,423,131130,买盘
2129,09:34:19,3.09,-0.01,1,309,卖盘
2130,09:34:15,3.1,0.01,9,2790,买盘
2131,09:34:10,3.09,-0.01,199,61491,卖盘
2132,09:34:04,3.1,--,413,128030,买盘
2133,09:34:00,3.1,--,802,248620,买盘
2134,09:33:55,3.1,0.01,6,1860,买盘
2135,09:33:49,3.09,-0.01,66,20394,卖盘
2136,09:33:45,3.1,--,201,62310,买盘
2137,09:33:40,3.1,0.01,3,930,买盘
2138,09:33:34,3.09,-0.01,38,11742,卖盘
2139,09:33:30,3.1,0.01,315,97650,买盘
2140,09:33:25,3.09,-0.01,406,125454,卖盘
2141,09:33:19,3.1,--,8,2480,买盘
2142,09:33:15,3.1,0.01,247,76570,买盘
2143,09:33:00,3.09,-0.01,121,37389,卖盘
2144,09:32:54,3.1,0.01,168,52080,买盘
2145,09:32:44,3.09,--,172,53148,卖盘
2146,09:32:39,3.09,--,1477,456393,卖盘
2147,09:32:34,3.09,-0.01,28,8652,卖盘
2148,09:32:24,3.1,0.01,55,17050,买盘
2149,09:32:19,3.09,--,1,309,卖盘
2150,09:32:14,3.09,-0.01,1,309,卖盘
2151,09:32:09,3.1,--,982,304420,买盘
2152,09:32:04,3.1,--,310,96100,买盘
2153,09:31:54,3.1,--,4,1240,买盘
2154,09:31:44,3.1,--,328,101680,买盘
2155,09:31:39,3.1,--,1190,368900,买盘
2156,09:31:34,3.1,--,634,196540,买盘
2157,09:31:29,3.1,--,1,310,买盘
2158,09:31:24,3.1,0.01,1975,612250,买盘
2159,09:31:19,3.09,--,710,219390,卖盘
2160,09:31:14,3.09,-0.01,1,309,卖盘
2161,09:31:09,3.1,--,1262,391220,买盘
2162,09:31:04,3.1,--,558,172980,买盘
2163,09:30:59,3.1,--,1,310,买盘
2164,09:30:54,3.1,--,1,310,买盘
2165,09:30:49,3.1,0.01,1131,350610,买盘
2166,09:30:39,3.09,--,93,28737,卖盘
2167,09:30:34,3.09,-0.01,323,99807,卖盘
2168,09:30:24,3.1,--,51,15810,买盘
2169,09:30:19,3.1,--,201,62310,买盘
2170,09:30:14,3.1,--,1444,447640,买盘
2171,09:30:09,3.1,0.01,1551,480810,买盘
2172,09:30:04,3.09,-0.01,1807,558363,卖盘
2173,09:28:55,3.1,--,0,0,买盘
2174,09:25:07,3.1,3.1,12025,3727750,买盘
