,time,price,change,volume,amount,type
0,15:00:00,9.98,--,0,0,买盘
1,15:00:00,9.98,--,15,14970,买盘
2,14:59:54,9.98,--,68,67864,买盘
3,14:59:49,9.98,--,19,18962,买盘
4,14:59:44,9.98,--,4,3992,买盘
5,14:59:39,9.98,--,24,23952,买盘
6,14:59:34,9.98,--,19,18962,买盘
7,14:59:29,9.98,--,17,16966,买盘
8,14:59:24,9.98,--,479,478042,卖盘
9,14:59:14,9.98,--,0,0,卖盘
10,14:59:09,9.98,-0.01,153,152694,卖盘
11,14:59:04,9.99,--,91,91578,卖盘
12,14:58:54,9.99,--,8,7992,卖盘
13,14:58:49,9.99,--,75,74925,卖盘
14,14:58:44,9.99,--,28,28301,买盘
15,14:58:39,9.99,-0.01,51,51618,卖盘
16,14:58:34,10.0,--,28,28000,买盘
17,14:58:29,10.0,0.01,8,8000,买盘
18,14:58:24,9.99,--,47,46953,卖盘
19,14:58:19,9.99,-0.01,1,999,卖盘
20,14:58:14,10.0,0.01,30,30000,买盘
21,14:58:09,9.99,-0.01,19,19310,卖盘
22,14:58:04,10.0,--,60,60000,买盘
23,14:57:59,10.0,--,15,15000,买盘
24,14:57:54,10.0,0.01,12,12000,买盘
25,14:57:49,9.99,--,20,19980,卖盘
26,14:57:39,9.99,--,13,12987,卖盘
27,14:57:34,9.99,--,19,18981,买盘
28,14:57:29,9.99,--,1,999,买盘
29,14:57:24,9.99,0.01,121,120879,买盘
30,14:57:14,9.98,--,8,7984,卖盘
31,14:57:09,9.98,-0.01,55,54890,卖盘
32,14:57:04,9.99,0.01,130,129870,买盘
33,14:56:54,9.98,-0.01,60,59880,卖盘
34,14:56:49,9.99,0.01,7,6993,买盘
35,14:56:39,9.98,-0.01,65,64870,卖盘
36,14:56:34,9.99,--,83,82917,买盘
37,14:56:28,9.99,--,28,27972,买盘
38,14:56:24,9.99,--,19,18981,买盘
39,14:56:18,9.99,--,255,254745,卖盘
40,14:56:09,9.99,-0.01,192,191808,卖盘
41,14:56:03,10.0,0.01,107,107000,买盘
42,14:55:58,9.99,--,299,298701,卖盘
43,14:55:54,9.99,--,36,35964,卖盘
44,14:55:48,9.99,--,32,31968,卖盘
45,14:55:33,9.99,-0.01,5,4995,卖盘
46,14:55:28,10.0,--,93,93000,买盘
47,14:55:23,10.0,0.01,5,5000,买盘
48,14:55:18,9.99,-0.01,32,31968,卖盘
49,14:55:13,10.0,0.01,6,6000,买盘
50,14:55:08,9.99,-0.01,44,43956,卖盘
51,14:55:03,10.0,0.01,10,10000,买盘
52,14:54:58,9.99,--,16,15984,卖盘
53,14:54:48,9.99,--,20,19980,卖盘
54,14:54:43,9.99,--,22,21978,卖盘
55,14:54:33,9.99,-0.01,34,33966,卖盘
56,14:54:28,10.0,--,6,6000,买盘
57,14:54:23,10.0,--,52,52000,买盘
58,14:54:18,10.0,--,32,32000,买盘
59,14:54:13,10.0,0.01,3,3000,买盘
60,14:54:03,9.99,-0.01,57,56943,卖盘
61,14:53:58,10.0,--,5,5000,买盘
62,14:53:53,10.0,0.01,3,3000,买盘
63,14:53:48,9.99,-0.01,16,15984,卖盘
64,14:53:43,10.0,--,12,12000,买盘
65,14:53:38,10.0,--,10,10000,买盘
66,14:53:28,10.0,--,52,52000,卖盘
67,14:53:18,10.0,-0.01,26,26000,卖盘
68,14:53:13,10.01,0.01,3,3003,买盘
69,14:53:08,10.0,-0.01,1,1000,卖盘
70,14:53:03,10.01,--,41,41041,买盘
71,14:52:58,10.01,0.01,93,93093,买盘
72,14:52:43,10.0,--,1,1000,卖盘
73,14:52:38,10.0,--,1,1000,卖盘
74,14:52:33,10.0,--,57,57000,买盘
75,14:52:28,10.0,--,19,19000,买盘
76,14:52:23,10.0,--,28,28000,买盘
77,14:52:18,10.0,--,61,61000,买盘
78,14:52:03,10.0,--,10,10000,买盘
79,14:51:58,10.0,--,22,22000,买盘
80,14:51:53,10.0,--,3,3000,买盘
81,14:51:43,10.0,--,19,19000,买盘
82,14:51:33,10.0,--,31,31000,卖盘
83,14:51:28,10.0,0.01,32,32000,买盘
84,14:51:23,9.99,-0.01,26,25974,卖盘
85,14:51:18,10.0,--,21,21000,卖盘
86,14:51:13,10.0,--,18,18000,卖盘
87,14:51:03,10.0,--,7,7000,卖盘
88,14:50:58,10.0,-0.01,11,11000,卖盘
89,14:50:43,10.01,--,61,61061,买盘
90,14:50:28,10.01,0.01,22,22022,买盘
91,14:50:22,10.0,--,13,13000,买盘
92,14:50:18,10.0,--,83,83000,卖盘
93,14:50:13,10.0,--,26,26000,卖盘
94,14:50:08,10.0,-0.01,15,15000,卖盘
95,14:50:03,10.01,0.01,8,8008,买盘
96,14:49:57,10.0,--,1,1000,卖盘
97,14:49:48,10.0,--,10,10000,卖盘
98,14:49:37,10.0,--,51,51000,卖盘
99,14:49:22,10.0,-0.01,40,40000,卖盘
100,14:49:18,10.01,0.01,10,10010,买盘
101,14:49:03,10.0,-0.01,1,1000,卖盘
102,14:48:57,10.01,0.01,23,23023,中性盘
103,14:48:42,10.0,--,5,5000,买盘
104,14:48:32,10.0,--,19,19000,买盘
105,14:48:27,10.0,-0.02,276,276000,卖盘
106,14:48:22,10.02,0.01,37,37074,买盘
107,14:48:07,10.01,-0.01,10,10010,卖盘
108,14:48:02,10.02,--,3,3006,买盘
109,14:47:57,10.02,0.02,30,30060,买盘
110,14:47:52,10.0,--,1,1000,卖盘
111,14:47:47,10.0,-0.01,87,87000,卖盘
112,14:47:42,10.01,--,15,15015,卖盘
113,14:47:37,10.01,--,30,30030,卖盘
114,14:47:12,10.01,--,95,95095,买盘
115,14:46:57,10.01,0.01,1,1001,买盘
116,14:46:52,10.0,-0.01,40,40000,卖盘
117,14:46:07,10.01,0.01,22,22022,买盘
118,14:46:02,10.0,--,24,24000,买盘
119,14:45:57,10.0,--,24,24000,买盘
120,14:45:52,10.0,--,11,11000,买盘
121,14:45:37,10.0,--,1,1000,买盘
122,14:45:27,10.0,--,5,5000,买盘
123,14:45:22,10.0,--,3,3000,买盘
124,14:45:12,10.0,--,52,52000,买盘
125,14:45:07,10.0,--,3,3000,买盘
126,14:44:57,10.0,--,214,214000,卖盘
127,14:44:52,10.0,--,12,12000,卖盘
128,14:44:42,10.0,--,4,4000,卖盘
129,14:44:37,10.0,-0.01,25,25000,卖盘
130,14:44:32,10.01,--,5,5005,卖盘
131,14:44:27,10.01,0.01,22,23002,买盘
132,14:44:22,10.0,--,30,30000,卖盘
133,14:44:17,10.0,-0.01,21,21000,卖盘
134,14:43:57,10.01,0.01,27,27027,买盘
135,14:43:52,10.0,--,4,4000,卖盘
136,14:43:47,10.0,-0.01,16,16000,卖盘
137,14:43:42,10.01,0.01,4,4004,买盘
138,14:43:36,10.0,-0.01,14,14000,卖盘
139,14:43:31,10.01,0.01,2,2002,买盘
140,14:43:27,10.0,--,1,1000,卖盘
141,14:43:12,10.0,-0.01,34,34000,卖盘
142,14:42:57,10.01,--,1,1001,买盘
143,14:42:51,10.01,--,20,20020,卖盘
144,14:42:46,10.01,--,4,4004,卖盘
145,14:42:42,10.01,--,40,40040,卖盘
146,14:42:36,10.01,--,107,107107,卖盘
147,14:42:21,10.01,--,1,1001,卖盘
148,14:42:06,10.01,-0.01,40,40040,卖盘
149,14:42:01,10.02,0.01,5,5010,买盘
150,14:41:56,10.01,--,1,1001,卖盘
151,14:41:41,10.01,-0.01,23,23023,卖盘
152,14:41:31,10.02,0.01,1,1002,买盘
153,14:41:26,10.01,--,16,16016,卖盘
154,14:41:21,10.01,--,1,1001,卖盘
155,14:41:16,10.01,--,5,5005,卖盘
156,14:41:06,10.01,-0.01,8,8008,卖盘
157,14:41:01,10.02,--,361,361722,买盘
158,14:40:51,10.02,0.01,15,15030,买盘
159,14:40:46,10.01,--,10,10010,卖盘
160,14:40:41,10.01,--,4,4004,卖盘
161,14:40:31,10.01,--,1,1001,卖盘
162,14:40:16,10.01,--,5,5005,卖盘
163,14:40:01,10.01,0.01,35,35035,买盘
164,14:39:51,10.0,-0.01,10,10000,卖盘
165,14:39:46,10.01,--,1,1001,买盘
166,14:39:36,10.01,--,61,61061,卖盘
167,14:39:31,10.01,--,14,14014,卖盘
168,14:39:26,10.01,-0.01,21,21021,卖盘
169,14:39:16,10.02,0.01,10,10020,买盘
170,14:39:06,10.01,--,20,20020,卖盘
171,14:39:01,10.01,--,10,10010,卖盘
172,14:38:51,10.01,--,18,18018,卖盘
173,14:38:36,10.01,--,6,6006,卖盘
174,14:38:21,10.01,-0.01,2,2002,卖盘
175,14:38:06,10.02,--,1,1002,买盘
176,14:38:01,10.02,0.01,1,1002,买盘
177,14:37:56,10.01,--,0,0,卖盘
178,14:37:46,10.01,-0.01,10,10010,卖盘
179,14:37:41,10.02,--,0,0,中性盘
180,14:37:21,10.02,0.02,3,3006,买盘
181,14:37:06,10.0,--,30,30000,买盘
182,14:37:00,10.0,--,30,30000,买盘
183,14:36:51,10.0,--,10,10000,买盘
184,14:36:45,10.0,--,53,53000,买盘
185,14:36:36,10.0,--,76,76000,买盘
186,14:36:26,10.0,--,12,12000,买盘
187,14:36:15,10.0,--,4,4000,买盘
188,14:36:06,10.0,--,20,20000,买盘
189,14:36:00,10.0,0.01,1,1000,买盘
190,14:35:51,9.99,-0.01,13,12987,卖盘
191,14:35:36,10.0,--,9,9000,买盘
192,14:35:30,10.0,--,16,16000,买盘
193,14:35:10,10.0,-0.03,805,805000,卖盘
194,14:34:55,10.03,--,80,80240,卖盘
195,14:34:45,10.03,-0.01,12,12036,卖盘
196,14:34:30,10.04,0.01,1,1003,买盘
197,14:34:25,10.03,--,7,7021,卖盘
198,14:34:15,10.03,-0.01,3,3009,卖盘
199,14:34:10,10.04,--,36,36144,买盘
200,14:34:00,10.04,0.01,2,2007,买盘
201,14:33:55,10.03,-0.01,13,13039,卖盘
202,14:33:50,10.04,0.01,1,1003,买盘
203,14:33:35,10.03,--,10,10030,卖盘
204,14:33:25,10.03,-0.01,10,10030,卖盘
205,14:33:20,10.04,0.01,10,10040,买盘
206,14:33:15,10.03,-0.01,10,10030,卖盘
207,14:33:10,10.04,--,35,35140,买盘
208,14:32:45,10.04,0.01,18,18072,买盘
209,14:32:35,10.03,-0.01,11,11033,卖盘
210,14:32:30,10.04,--,1,1003,买盘
211,14:32:25,10.04,--,5,5020,买盘
212,14:32:10,10.04,0.01,1,1003,买盘
213,14:32:00,10.03,-0.01,84,84252,卖盘
214,14:31:45,10.04,0.01,55,55219,买盘
215,14:31:40,10.03,-0.01,6,6018,卖盘
216,14:31:30,10.04,0.01,1,1003,买盘
217,14:31:25,10.03,--,13,13039,卖盘
218,14:31:10,10.03,--,6,6018,卖盘
219,14:31:05,10.03,-0.01,1,1002,卖盘
220,14:31:00,10.04,0.01,1,1003,买盘
221,14:30:55,10.03,--,22,22066,卖盘
222,14:30:45,10.03,--,3,3009,买盘
223,14:30:40,10.03,--,3,3009,买盘
224,14:30:20,10.03,0.01,3,3009,买盘
225,14:30:15,10.02,--,3,3006,卖盘
226,14:29:55,10.02,-0.01,6,6012,卖盘
227,14:29:50,10.03,0.02,7,7021,买盘
228,14:29:39,10.01,--,0,0,卖盘
229,14:29:30,10.01,-0.01,172,172172,卖盘
230,14:29:24,10.02,--,12,12024,买盘
231,14:29:15,10.02,--,5,5010,买盘
232,14:29:05,10.02,--,80,80160,买盘
233,14:29:00,10.02,0.01,69,69138,买盘
234,14:28:50,10.01,--,4,4004,卖盘
235,14:28:30,10.01,--,200,200200,买盘
236,14:28:24,10.01,--,103,103103,买盘
237,14:28:19,10.01,--,3,3003,买盘
238,14:28:00,10.01,--,50,50050,买盘
239,14:27:54,10.01,--,15,15015,买盘
240,14:27:45,10.01,--,40,40040,买盘
241,14:27:39,10.01,--,16,16016,买盘
242,14:27:34,10.01,0.01,2,2002,买盘
243,14:27:29,10.0,-0.01,22,22000,卖盘
244,14:27:24,10.01,--,8,8008,买盘
245,14:27:09,10.01,--,42,42042,买盘
246,14:26:54,10.01,0.01,1,1001,买盘
247,14:26:49,10.0,--,17,17000,卖盘
248,14:26:44,10.0,-0.01,14,14000,卖盘
249,14:26:39,10.01,0.01,74,74074,买盘
250,14:26:34,10.0,--,15,15000,卖盘
251,14:26:29,10.0,--,1,1000,卖盘
252,14:26:19,10.0,--,7,7000,卖盘
253,14:26:14,10.0,-0.01,10,10000,卖盘
254,14:26:09,10.01,0.01,5,5005,买盘
255,14:25:54,10.0,--,13,13000,卖盘
256,14:25:49,10.0,-0.01,4,4000,卖盘
257,14:25:34,10.01,0.01,1,1001,买盘
258,14:25:24,10.0,--,16,16000,卖盘
259,14:25:09,10.0,--,1,1000,卖盘
260,14:24:44,10.0,--,20,20000,卖盘
261,14:24:39,10.0,--,2,2000,卖盘
262,14:24:34,10.0,--,3,3000,卖盘
263,14:24:19,10.0,--,60,60000,卖盘
264,14:24:14,10.0,--,2,2000,卖盘
265,14:23:59,10.0,-0.01,30,30000,卖盘
266,14:23:39,10.01,0.01,1,1001,买盘
267,14:23:24,10.0,-0.01,20,20000,卖盘
268,14:22:59,10.01,0.01,2,2002,买盘
269,14:22:53,10.0,-0.01,60,60000,卖盘
270,14:22:32,10.01,0.01,19,19019,卖盘
271,14:21:59,10.0,--,0,0,卖盘
272,14:21:48,10.0,-0.02,4,4000,卖盘
273,14:21:44,10.02,0.02,5,5010,买盘
274,14:21:39,10.0,-0.03,407,407870,卖盘
275,14:21:24,10.03,--,27,27081,买盘
276,14:21:18,10.03,--,0,0,中性盘
277,14:21:14,10.03,-0.01,10,10030,卖盘
278,14:21:03,10.04,0.01,36,36144,买盘
279,14:20:59,10.03,--,20,20060,卖盘
280,14:20:43,10.03,0.01,33,33099,买盘
281,14:20:39,10.02,--,25,25050,卖盘
282,14:20:13,10.02,--,5,5010,卖盘
283,14:19:48,10.02,--,5,5010,买盘
284,14:19:38,10.02,--,30,30060,买盘
285,14:19:33,10.02,-0.01,7,7014,卖盘
286,14:19:28,10.03,0.01,29,29086,买盘
287,14:19:18,10.02,-0.02,19,19038,卖盘
288,14:19:13,10.04,--,0,0,买盘
289,14:19:08,10.04,0.01,45,45179,买盘
290,14:18:53,10.03,-0.01,3,3009,卖盘
291,14:18:48,10.04,--,0,0,买盘
292,14:18:43,10.04,0.01,154,154616,买盘
293,14:18:18,10.03,--,15,15044,卖盘
294,14:18:03,10.03,--,5,5015,卖盘
295,14:17:43,10.03,--,18,18054,卖盘
296,14:17:33,10.03,--,4,4011,卖盘
297,14:17:28,10.03,-0.01,11,11033,卖盘
298,14:17:12,10.04,--,23,23091,买盘
299,14:17:03,10.04,--,13,13051,买盘
300,14:16:58,10.04,0.01,5,5020,买盘
301,14:16:53,10.03,-0.01,20,20060,卖盘
302,14:16:43,10.04,0.01,3,3011,买盘
303,14:16:33,10.03,--,8,8023,卖盘
304,14:16:28,10.03,-0.01,11,11033,卖盘
305,14:16:23,10.04,0.01,80,80320,买盘
306,14:16:18,10.03,-0.01,15,15044,卖盘
307,14:16:12,10.04,--,27,27107,买盘
308,14:16:03,10.04,--,10,10040,买盘
309,14:15:48,10.04,0.01,5,5020,买盘
310,14:15:38,10.03,--,21,21063,买盘
311,14:15:33,10.03,--,10,10030,买盘
312,14:15:27,10.03,--,1,1002,买盘
313,14:15:18,10.03,--,2,2005,中性盘
314,14:15:12,10.03,--,2,2005,买盘
315,14:15:03,10.03,--,1,1002,买盘
316,14:14:57,10.03,-0.01,40,40120,卖盘
317,14:14:53,10.04,0.01,20,20080,买盘
318,14:14:42,10.03,--,4,4011,卖盘
319,14:14:33,10.03,--,25,25075,卖盘
320,14:14:27,10.03,--,14,14042,卖盘
321,14:14:08,10.03,-0.01,42,42126,卖盘
322,14:13:53,10.04,--,53,53211,买盘
323,14:13:42,10.04,--,0,0,买盘
324,14:13:37,10.04,--,5,5020,买盘
325,14:13:26,10.04,--,0,0,买盘
326,14:13:17,10.04,--,6,6023,买盘
327,14:12:42,10.04,0.02,210,210839,买盘
328,14:12:32,10.02,--,3,3006,买盘
329,14:12:07,10.02,--,1,1002,买盘
330,14:11:57,10.02,--,1,1002,买盘
331,14:11:42,10.02,--,77,77154,买盘
332,14:11:37,10.02,--,12,12024,买盘
333,14:11:12,10.02,--,20,20040,卖盘
334,14:10:52,10.02,-0.01,8,8016,卖盘
335,14:10:42,10.03,0.01,1,1002,买盘
336,14:10:37,10.02,--,1,1002,卖盘
337,14:10:32,10.02,-0.01,16,16032,卖盘
338,14:10:22,10.03,0.01,5,5015,买盘
339,14:10:11,10.02,--,5,5010,卖盘
340,14:09:57,10.02,--,48,48096,卖盘
341,14:09:52,10.02,--,42,42084,卖盘
342,14:09:41,10.02,--,20,20040,卖盘
343,14:09:36,10.02,--,40,40080,卖盘
344,14:09:22,10.02,--,21,21042,卖盘
345,14:09:12,10.02,0.01,30,30060,卖盘
346,14:09:02,10.01,--,0,0,卖盘
347,14:08:57,10.01,--,2,2002,卖盘
348,14:08:51,10.01,--,13,13233,卖盘
349,14:08:46,10.01,-0.01,5,5005,卖盘
350,14:08:27,10.02,0.01,10,10020,买盘
351,14:08:21,10.01,-0.01,12,12012,卖盘
352,14:08:11,10.02,0.01,17,17034,买盘
353,14:08:05,10.01,-0.01,15,15015,卖盘
354,14:07:51,10.02,--,5,5010,买盘
355,14:07:46,10.02,0.01,3,3006,买盘
356,14:07:36,10.01,--,15,15015,卖盘
357,14:07:21,10.01,--,0,0,中性盘
358,14:07:06,10.01,0.01,90,90090,买盘
359,14:07:01,10.0,--,6,6000,卖盘
360,14:06:51,10.0,--,40,40000,卖盘
361,14:06:46,10.0,--,192,192290,买盘
362,14:06:36,10.0,--,10,10000,买盘
363,14:06:26,10.0,--,5,5000,买盘
364,14:06:21,10.0,0.01,1,1000,买盘
365,14:06:16,9.99,--,21,20979,卖盘
366,14:06:06,9.99,-0.01,3,2997,卖盘
367,14:06:01,10.0,0.01,2,2000,买盘
368,14:05:51,9.99,-0.01,15,14985,卖盘
369,14:05:36,10.0,--,23,23000,买盘
370,14:05:26,10.0,--,76,76000,买盘
371,14:05:21,10.0,--,27,27000,买盘
372,14:05:06,10.0,0.01,4,4000,买盘
373,14:05:01,9.99,--,12,11988,卖盘
374,14:04:56,9.99,--,1,999,卖盘
375,14:04:51,9.99,-0.01,8,7992,卖盘
376,14:04:36,10.0,0.01,52,52000,买盘
377,14:04:31,9.99,--,33,32967,买盘
378,14:04:21,9.99,-0.01,92,91908,卖盘
379,14:04:16,10.0,--,100,100000,买盘
380,14:04:11,10.0,0.01,10,10000,买盘
381,14:04:06,9.99,--,75,74925,买盘
382,14:04:01,9.99,-0.01,64,63936,卖盘
383,14:03:56,10.0,--,4,4000,买盘
384,14:03:51,10.0,--,13,13000,买盘
385,14:03:46,10.0,0.01,11,11000,买盘
386,14:03:41,9.99,--,3,2997,卖盘
387,14:03:36,9.99,--,12,11988,卖盘
388,14:03:31,9.99,--,14,13986,买盘
389,14:03:26,9.99,0.01,1,999,买盘
390,14:03:21,9.98,-0.01,10,9980,卖盘
391,14:03:16,9.99,0.01,24,23976,买盘
392,14:03:11,9.98,--,23,22954,卖盘
393,14:03:05,9.98,--,103,102794,买盘
394,14:03:01,9.98,--,5,4990,买盘
395,14:02:51,9.98,--,37,36926,卖盘
396,14:02:45,9.98,0.01,7,6986,买盘
397,14:02:40,9.97,--,10,9970,卖盘
398,14:02:31,9.97,-0.01,35,34895,卖盘
399,14:02:21,9.98,--,23,22954,买盘
400,14:02:15,9.98,-0.01,10,9980,买盘
401,14:02:06,9.99,-0.01,11,10989,中性盘
402,14:02:00,10.0,--,23,23000,买盘
403,14:01:55,10.0,0.01,487,487000,买盘
404,14:01:51,9.99,--,1,999,卖盘
405,14:01:45,9.99,0.01,10,9990,中性盘
406,14:01:40,9.98,--,100,99800,卖盘
407,14:01:36,9.98,-0.01,25,24950,卖盘
408,14:01:30,9.99,0.01,17,16983,买盘
409,14:01:25,9.98,--,54,53892,卖盘
410,14:01:15,9.98,-0.01,24,23952,卖盘
411,14:01:06,9.99,--,3,2997,买盘
412,14:00:59,9.99,--,40,39960,卖盘
413,14:00:50,9.99,--,20,19980,卖盘
414,14:00:44,9.99,-0.01,46,45954,卖盘
415,14:00:30,10.0,0.01,1,1000,买盘
416,14:00:25,9.99,--,9,8991,卖盘
417,14:00:20,9.99,--,3,2997,卖盘
418,14:00:15,9.99,-0.01,2,1998,卖盘
419,14:00:00,10.0,--,4,4000,买盘
420,13:59:50,10.0,--,395,395710,卖盘
421,13:59:45,10.0,--,33,33000,卖盘
422,13:59:40,10.0,--,126,126000,卖盘
423,13:59:35,10.0,--,50,50000,卖盘
424,13:59:30,10.0,--,51,51000,卖盘
425,13:59:20,10.0,--,35,35000,卖盘
426,13:59:15,10.0,--,10,10000,卖盘
427,13:59:10,10.0,--,20,20000,卖盘
428,13:59:00,10.0,-0.02,111,111000,卖盘
429,13:58:50,10.02,0.02,101,101202,买盘
430,13:58:45,10.0,-0.01,73,73000,卖盘
431,13:58:40,10.01,0.01,72,72072,买盘
432,13:58:35,10.0,--,159,159370,卖盘
433,13:58:29,10.0,--,20,20000,卖盘
434,13:58:25,10.0,-0.01,25,25770,卖盘
435,13:58:15,10.01,0.01,21,21021,买盘
436,13:58:10,10.0,-0.01,10,10000,卖盘
437,13:58:00,10.01,0.01,7,7007,买盘
438,13:57:55,10.0,--,16,16000,卖盘
439,13:57:45,10.0,-0.01,2,2000,卖盘
440,13:57:35,10.01,--,5,5005,买盘
441,13:57:30,10.01,--,77,77077,买盘
442,13:57:20,10.01,--,2,2002,买盘
443,13:57:10,10.01,--,13,13013,买盘
444,13:57:00,10.01,--,21,21021,卖盘
445,13:56:55,10.01,-0.01,44,44044,卖盘
446,13:56:49,10.02,--,1,1002,买盘
447,13:56:45,10.02,--,5,5010,买盘
448,13:56:30,10.02,0.01,10,10020,买盘
449,13:56:25,10.01,-0.01,3,3003,卖盘
450,13:56:00,10.02,0.01,11,11022,买盘
451,13:55:54,10.01,-0.01,6,6006,卖盘
452,13:55:44,10.02,0.01,2,2004,买盘
453,13:55:39,10.01,-0.02,60,60840,卖盘
454,13:55:34,10.03,0.01,40,40340,买盘
455,13:55:24,10.02,--,6,6783,卖盘
456,13:55:14,10.02,--,26,26863,卖盘
457,13:55:08,10.02,--,30,30060,卖盘
458,13:55:04,10.02,--,1,1002,卖盘
459,13:54:49,10.02,--,10,10440,卖盘
460,13:54:38,10.02,--,2,2004,卖盘
461,13:54:34,10.02,0.01,24,24048,买盘
462,13:54:30,10.01,-0.01,20,20020,卖盘
463,13:54:19,10.02,--,1,1002,买盘
464,13:54:09,10.02,--,18,18036,卖盘
465,13:53:59,10.02,--,20,20040,卖盘
466,13:53:39,10.02,-0.01,20,20040,卖盘
467,13:53:29,10.03,--,15,15044,买盘
468,13:53:04,10.03,0.01,15,15044,买盘
469,13:52:49,10.02,0.01,32,32064,买盘
470,13:52:34,10.01,--,42,42042,卖盘
471,13:52:14,10.01,-0.02,19,19019,卖盘
472,13:52:09,10.03,--,0,0,买盘
473,13:51:49,10.03,0.03,2,2005,买盘
474,13:51:34,10.0,-0.03,40,40000,卖盘
475,13:51:29,10.03,0.03,14,14042,买盘
476,13:51:14,10.0,--,65,65000,卖盘
477,13:51:09,10.0,--,163,163150,买盘
478,13:51:04,10.0,--,41,41000,买盘
479,13:50:59,10.0,--,26,26000,买盘
480,13:50:54,10.0,--,13,13000,买盘
481,13:50:49,10.0,0.01,90,90000,买盘
482,13:50:39,9.99,-0.01,2,1998,卖盘
483,13:50:34,10.0,--,11,11000,买盘
484,13:50:29,10.0,--,17,17000,买盘
485,13:50:23,10.0,--,17,17000,买盘
486,13:50:19,10.0,--,5,5000,买盘
487,13:50:14,10.0,-0.01,292,292000,卖盘
488,13:50:04,10.01,--,5,5005,买盘
489,13:49:49,10.01,0.01,20,20020,买盘
490,13:49:38,10.0,-0.01,10,10000,卖盘
491,13:49:33,10.01,0.02,24,24024,买盘
492,13:49:23,9.99,-0.01,63,62937,卖盘
493,13:49:18,10.0,--,50,50000,卖盘
494,13:49:13,10.0,--,5,5000,买盘
495,13:49:09,10.0,--,4,4000,买盘
496,13:49:02,10.0,--,50,50000,买盘
497,13:48:59,10.0,--,0,0,买盘
498,13:48:53,10.0,0.01,85,85000,买盘
499,13:48:47,9.99,-0.01,77,76923,卖盘
500,13:48:43,10.0,--,72,72000,买盘
501,13:48:38,10.0,0.01,36,36000,买盘
502,13:48:23,9.99,-0.01,2,1998,卖盘
503,13:48:18,10.0,--,22,22000,买盘
504,13:48:08,10.0,--,10,10000,买盘
505,13:48:03,10.0,-0.01,67,67000,卖盘
506,13:47:58,10.01,0.01,88,88088,买盘
507,13:47:54,10.0,-0.01,128,128000,卖盘
508,13:47:48,10.01,0.01,79,79079,买盘
509,13:47:43,10.0,--,111,111000,卖盘
510,13:47:38,10.0,--,13,13000,卖盘
511,13:47:32,10.0,--,122,122000,卖盘
512,13:47:28,10.0,--,128,128000,卖盘
513,13:47:23,10.0,--,11,11000,卖盘
514,13:47:18,10.0,--,84,84000,卖盘
515,13:47:13,10.0,-0.01,250,250000,卖盘
516,13:47:02,10.01,--,86,86086,卖盘
517,13:46:58,10.01,--,79,79079,卖盘
518,13:46:47,10.01,-0.01,12,12012,卖盘
519,13:46:38,10.02,--,4,4008,买盘
520,13:46:32,10.02,0.01,1,1002,买盘
521,13:46:28,10.01,-0.01,124,125094,卖盘
522,13:46:23,10.02,--,5,5010,卖盘
523,13:46:18,10.02,--,35,35070,卖盘
524,13:46:08,10.02,-0.01,52,52104,卖盘
525,13:46:03,10.03,0.01,3,3009,买盘
526,13:45:58,10.02,-0.02,4,4008,卖盘
527,13:45:53,10.04,--,5,5020,买盘
528,13:45:48,10.04,0.01,12,12047,买盘
529,13:45:43,10.03,--,25,25897,卖盘
530,13:45:38,10.03,-0.01,27,27081,卖盘
531,13:45:32,10.04,--,209,209835,买盘
532,13:45:28,10.04,--,88,88351,买盘
533,13:45:23,10.04,0.01,9,9036,买盘
534,13:45:17,10.03,--,70,70210,卖盘
535,13:45:13,10.03,-0.01,8,8023,卖盘
536,13:45:08,10.04,--,3,3011,买盘
537,13:45:02,10.04,0.01,20,20080,买盘
538,13:44:53,10.03,-0.01,13,13039,卖盘
539,13:44:47,10.04,--,2,2007,中性盘
540,13:44:43,10.04,0.01,10,10040,买盘
541,13:44:38,10.03,--,10,10030,卖盘
542,13:44:32,10.03,-0.01,11,11033,卖盘
543,13:44:28,10.04,--,7,7027,卖盘
544,13:44:23,10.04,0.01,5,5020,卖盘
545,13:44:18,10.03,--,0,0,卖盘
546,13:44:13,10.03,-0.01,6,6018,卖盘
547,13:44:08,10.04,--,2,2007,卖盘
548,13:44:02,10.04,--,47,47187,买盘
549,13:43:47,10.04,--,9,9036,买盘
550,13:43:43,10.04,--,57,57227,卖盘
551,13:43:32,10.04,--,18,18072,卖盘
552,13:43:26,10.04,--,10,10040,卖盘
553,13:43:11,10.04,--,2,2007,卖盘
554,13:43:02,10.04,-0.01,13,13051,卖盘
555,13:42:57,10.05,0.01,163,163815,买盘
556,13:42:47,10.04,--,26,26103,卖盘
557,13:42:41,10.04,--,5,5020,卖盘
558,13:42:22,10.04,--,50,50199,卖盘
559,13:42:17,10.04,-0.01,3,3011,卖盘
560,13:42:11,10.05,0.01,14,14070,买盘
561,13:41:56,10.04,--,4,4015,卖盘
562,13:41:47,10.04,-0.01,28,28111,卖盘
563,13:41:41,10.05,--,1,1005,买盘
564,13:41:37,10.05,--,36,36180,买盘
565,13:41:32,10.05,0.01,14,14070,买盘
566,13:41:17,10.04,-0.01,2,2007,卖盘
567,13:41:11,10.05,--,76,76380,买盘
568,13:41:02,10.05,0.01,2,2010,买盘
569,13:40:47,10.04,--,23,23091,卖盘
570,13:40:02,10.04,0.01,10,10040,买盘
571,13:39:37,10.03,--,3,3009,卖盘
572,13:39:22,10.03,--,4,4011,卖盘
573,13:39:11,10.03,--,20,20240,卖盘
574,13:39:07,10.03,--,34,34102,卖盘
575,13:38:47,10.03,--,3,3009,卖盘
576,13:38:41,10.03,--,67,67201,买盘
577,13:38:37,10.03,--,36,36108,买盘
578,13:38:26,10.03,--,34,34102,买盘
579,13:38:22,10.03,--,40,40120,买盘
580,13:38:17,10.03,0.01,229,229717,买盘
581,13:38:07,10.02,--,4,4008,卖盘
582,13:38:02,10.02,--,87,87174,卖盘
583,13:37:56,10.02,--,112,112224,卖盘
584,13:37:52,10.02,-0.01,93,93186,卖盘
585,13:37:26,10.03,--,35,35105,买盘
586,13:37:22,10.03,--,37,37111,卖盘
587,13:37:11,10.03,--,39,39117,卖盘
588,13:37:02,10.03,--,27,27081,卖盘
589,13:36:56,10.03,-0.01,41,41123,卖盘
590,13:36:41,10.04,--,12,12047,买盘
591,13:36:35,10.04,--,7,7027,买盘
592,13:36:31,10.04,--,16,16063,卖盘
593,13:36:26,10.04,--,20,20080,卖盘
594,13:36:17,10.04,-0.01,8,8031,卖盘
595,13:36:11,10.05,--,2,2010,买盘
596,13:35:47,10.05,--,62,62812,卖盘
597,13:35:41,10.05,--,3,3015,卖盘
598,13:35:31,10.05,--,70,70350,卖盘
599,13:35:20,10.05,--,3,3015,卖盘
600,13:35:05,10.05,-0.01,3,3015,卖盘
601,13:34:50,10.06,--,11,11066,买盘
602,13:34:20,10.06,--,10,10060,买盘
603,13:33:46,10.06,--,1,1006,买盘
604,13:33:31,10.06,-0.01,14,14908,卖盘
605,13:33:16,10.07,0.01,5,5035,买盘
606,13:33:10,10.06,-0.01,5,5030,卖盘
607,13:33:05,10.07,0.01,2,2014,买盘
608,13:32:41,10.06,--,5,5211,买盘
609,13:32:35,10.06,--,2,2012,买盘
610,13:32:11,10.06,0.01,10,10060,买盘
611,13:31:50,10.05,--,10,10050,卖盘
612,13:31:35,10.05,--,12,12060,卖盘
613,13:31:31,10.05,--,16,16582,买盘
614,13:31:20,10.05,0.01,10,10050,买盘
615,13:31:16,10.04,-0.01,5,5020,卖盘
616,13:31:11,10.05,0.01,3,3015,买盘
617,13:31:05,10.04,--,10,10040,卖盘
618,13:30:50,10.04,-0.01,3,3011,卖盘
619,13:30:26,10.05,0.01,10,10050,买盘
620,13:30:20,10.04,-0.01,5,5020,卖盘
621,13:30:16,10.05,--,6,6030,买盘
622,13:30:05,10.05,--,5,5025,买盘
623,13:29:46,10.05,--,82,82912,卖盘
624,13:29:35,10.05,--,2,2010,卖盘
625,13:29:31,10.05,-0.01,10,10050,卖盘
626,13:29:20,10.06,--,1,1006,买盘
627,13:29:10,10.06,--,1,1006,买盘
628,13:29:00,10.06,--,6,6036,买盘
629,13:28:55,10.06,--,0,824,卖盘
630,13:28:50,10.06,--,5,5211,买盘
631,13:28:44,10.06,--,18,18108,买盘
632,13:28:40,10.06,0.01,50,50300,买盘
633,13:28:35,10.05,-0.01,2,2010,卖盘
634,13:27:44,10.06,0.01,6,6036,买盘
635,13:27:25,10.05,--,4,4522,买盘
636,13:27:20,10.05,--,230,231150,买盘
637,13:27:14,10.05,--,78,78390,买盘
638,13:27:05,10.05,--,10,10050,买盘
639,13:26:59,10.05,--,4,4020,买盘
640,13:26:50,10.05,0.02,5,5025,买盘
641,13:26:44,10.03,--,12,12036,卖盘
642,13:26:40,10.03,--,6,6018,卖盘
643,13:26:35,10.03,--,0,0,卖盘
644,13:26:25,10.03,0.01,14,14042,卖盘
645,13:25:50,10.02,--,0,0,卖盘
646,13:25:44,10.02,-0.03,2,2004,卖盘
647,13:25:35,10.05,--,8,8040,买盘
648,13:25:29,10.05,0.02,26,26130,买盘
649,13:25:14,10.03,--,14,14042,买盘
650,13:25:10,10.03,0.01,44,44593,买盘
651,13:25:05,10.02,--,2,2004,买盘
652,13:24:59,10.02,0.01,10,10020,买盘
653,13:24:55,10.01,-0.02,405,406115,卖盘
654,13:24:50,10.03,0.02,10,10030,买盘
655,13:24:40,10.01,-0.02,254,254734,卖盘
656,13:24:35,10.03,--,51,51483,卖盘
657,13:24:29,10.03,--,27,27081,卖盘
658,13:24:25,10.03,--,27,27462,卖盘
659,13:24:14,10.03,--,35,35105,卖盘
660,13:24:10,10.03,--,3,3009,卖盘
661,13:23:59,10.03,--,54,54162,卖盘
662,13:23:55,10.03,--,17,17341,卖盘
663,13:23:50,10.03,0.01,5,5015,中性盘
664,13:23:40,10.02,-0.01,13,13026,卖盘
665,13:23:35,10.03,0.01,7,7021,买盘
666,13:23:29,10.02,--,0,0,卖盘
667,13:23:25,10.02,-0.01,36,36823,卖盘
668,13:23:14,10.03,0.01,14,14042,买盘
669,13:23:10,10.02,-0.01,2,2004,卖盘
670,13:23:05,10.03,--,24,24072,买盘
671,13:22:55,10.03,--,56,56168,卖盘
672,13:22:39,10.03,-0.02,3,3009,买盘
673,13:22:34,10.05,0.03,8,8040,买盘
674,13:22:29,10.02,-0.01,320,320640,卖盘
675,13:22:25,10.03,--,31,31383,卖盘
676,13:22:19,10.03,--,3,3009,卖盘
677,13:22:14,10.03,--,2,2005,卖盘
678,13:22:09,10.03,0.01,20,20060,买盘
679,13:21:54,10.02,--,50,50270,卖盘
680,13:21:44,10.02,--,10,10020,卖盘
681,13:21:39,10.02,--,23,23506,买盘
682,13:21:29,10.02,--,53,53106,买盘
683,13:21:23,10.02,-0.01,70,70140,买盘
684,13:21:14,10.03,0.01,5,5015,买盘
685,13:21:09,10.02,-0.01,24,24048,卖盘
686,13:20:59,10.03,-0.01,1,1002,买盘
687,13:20:44,10.04,--,251,252003,买盘
688,13:20:38,10.04,--,10,10040,买盘
689,13:20:29,10.04,0.01,7,7027,卖盘
690,13:20:14,10.03,--,57,57170,买盘
691,13:20:08,10.03,-0.02,1125,1128375,卖盘
692,13:20:04,10.05,--,0,0,买盘
693,13:19:49,10.05,0.01,70,70350,买盘
694,13:19:44,10.04,-0.02,469,471046,卖盘
695,13:19:38,10.06,--,21,21960,买盘
696,13:19:34,10.06,--,20,20120,买盘
697,13:19:29,10.06,--,3,3018,买盘
698,13:19:23,10.06,--,1,1006,买盘
699,13:19:14,10.06,--,3,3018,买盘
700,13:19:08,10.06,--,20,20120,卖盘
701,13:19:04,10.06,--,0,0,卖盘
702,13:18:49,10.06,-0.02,79,79474,卖盘
703,13:18:23,10.08,--,19,19152,卖盘
704,13:18:19,10.08,--,10,10080,卖盘
705,13:18:08,10.08,--,0,0,中性盘
706,13:18:04,10.08,--,0,0,买盘
707,13:17:59,10.08,0.01,10,10080,买盘
708,13:17:44,10.07,0.01,155,156085,买盘
709,13:17:38,10.06,--,1,1006,买盘
710,13:17:34,10.06,--,69,69414,买盘
711,13:17:23,10.06,--,36,36216,卖盘
712,13:17:13,10.06,--,11,11066,卖盘
713,13:16:38,10.06,--,2,2012,买盘
714,13:16:34,10.06,0.02,5,5030,买盘
715,13:16:08,10.04,--,50,50199,卖盘
716,13:16:03,10.04,--,5,5020,卖盘
717,13:15:53,10.04,--,390,391559,买盘
718,13:15:49,10.04,--,115,115459,买盘
719,13:15:43,10.04,--,10,10040,买盘
720,13:15:38,10.04,-0.01,88,88351,卖盘
721,13:15:33,10.05,--,135,135675,买盘
722,13:15:28,10.05,--,7,7035,买盘
723,13:15:18,10.05,--,15,15075,买盘
724,13:15:08,10.05,--,0,0,买盘
725,13:14:53,10.05,--,350,351750,买盘
726,13:14:48,10.05,--,2,2010,买盘
727,13:14:43,10.05,0.02,19,19095,买盘
728,13:14:38,10.03,-0.02,15,15044,卖盘
729,13:14:23,10.05,--,5,5025,买盘
730,13:14:18,10.05,0.02,30,30150,卖盘
731,13:14:13,10.03,-0.03,356,357068,卖盘
732,13:14:08,10.06,0.01,12,12072,买盘
733,13:14:03,10.05,-0.01,4,4020,卖盘
734,13:13:53,10.06,--,3,3018,买盘
735,13:13:43,10.06,--,205,206230,卖盘
736,13:13:38,10.06,--,9,9054,卖盘
737,13:13:33,10.06,-0.01,4,4024,卖盘
738,13:13:18,10.07,-0.01,298,300086,卖盘
739,13:13:08,10.08,--,100,100800,卖盘
740,13:13:02,10.08,-0.01,20,20160,卖盘
741,13:12:53,10.09,--,3,3027,买盘
742,13:12:47,10.09,--,112,113008,卖盘
743,13:12:38,10.09,-0.01,100,100900,卖盘
744,13:12:23,10.1,--,3,3030,买盘
745,13:12:13,10.1,--,15,15150,买盘
746,13:11:28,10.1,--,1,1010,买盘
747,13:11:17,10.1,--,14,14140,买盘
748,13:11:12,10.1,-0.01,67,67892,卖盘
749,13:10:53,10.11,0.01,6,6066,买盘
750,13:10:32,10.1,--,0,0,卖盘
751,13:10:23,10.1,-0.01,40,40400,卖盘
752,13:09:38,10.11,--,20,20220,卖盘
753,13:09:27,10.11,0.01,20,20220,买盘
754,13:09:23,10.1,--,6,6060,卖盘
755,13:08:47,10.1,--,0,0,卖盘
756,13:08:42,10.1,--,42,42420,卖盘
757,13:08:37,10.1,--,19,19977,买盘
758,13:08:27,10.1,--,1,1010,买盘
759,13:08:07,10.1,--,105,106272,卖盘
760,13:08:02,10.1,--,5,5050,卖盘
761,13:07:42,10.1,-0.01,2,2020,卖盘
762,13:07:17,10.11,--,37,37407,卖盘
763,13:06:47,10.11,--,105,106155,买盘
764,13:06:42,10.11,--,5,5055,买盘
765,13:06:32,10.11,0.01,1,1011,买盘
766,13:06:07,10.1,-0.01,7,7070,卖盘
767,13:05:41,10.11,--,10,10110,买盘
768,13:05:32,10.11,--,20,20220,买盘
769,13:05:26,10.11,--,49,49539,卖盘
770,13:05:11,10.11,--,4,4044,卖盘
771,13:05:02,10.11,--,6,6066,卖盘
772,13:04:52,10.11,--,1,1011,卖盘
773,13:04:17,10.11,--,1,1011,卖盘
774,13:03:26,10.11,--,3,3033,卖盘
775,13:03:22,10.11,--,10,10110,卖盘
776,13:02:56,10.11,0.01,34,34374,买盘
777,13:01:56,10.1,--,35,35350,卖盘
778,13:01:41,10.1,-0.01,45,45450,卖盘
779,13:01:21,10.11,0.01,10,10110,买盘
780,13:01:11,10.1,-0.01,10,10100,卖盘
781,13:01:06,10.11,--,2,2022,买盘
782,13:00:16,10.11,-0.01,28,28308,卖盘
783,13:00:11,10.12,0.01,20,20240,买盘
784,13:00:06,10.11,--,363,366993,卖盘
785,11:30:00,10.11,--,0,0,卖盘
786,11:30:00,10.11,--,0,0,卖盘
787,11:29:41,10.11,--,29,29319,卖盘
788,11:29:06,10.11,-0.01,77,77847,卖盘
789,11:29:02,10.12,--,2,2023,买盘
790,11:28:56,10.12,0.01,63,63755,买盘
791,11:28:46,10.11,--,2,2022,卖盘
792,11:28:41,10.11,--,8,8088,卖盘
793,11:28:32,10.11,--,9,9099,卖盘
794,11:28:06,10.11,--,59,59649,卖盘
795,11:27:46,10.11,-0.01,6,6066,卖盘
796,11:27:36,10.12,--,6,6071,买盘
797,11:26:32,10.12,0.01,1,1011,买盘
798,11:26:11,10.11,-0.01,14,14154,卖盘
799,11:26:06,10.12,--,2,2023,买盘
800,11:25:21,10.12,--,1,1011,买盘
801,11:25:11,10.12,0.01,2,2023,买盘
802,11:24:56,10.11,--,30,30330,卖盘
803,11:24:46,10.11,-0.01,5,5055,卖盘
804,11:24:41,10.12,--,8,8095,买盘
805,11:24:36,10.12,--,2,2023,买盘
806,11:24:26,10.12,--,96,97151,买盘
807,11:24:16,10.12,0.01,1,1011,买盘
808,11:23:56,10.11,-0.01,3,3033,卖盘
809,11:23:26,10.12,--,10,10120,买盘
810,11:23:20,10.12,0.01,9,9108,买盘
811,11:23:15,10.11,-0.01,4,4044,卖盘
812,11:23:05,10.12,0.01,2,2023,买盘
813,11:22:20,10.11,--,4,4044,卖盘
814,11:22:11,10.11,--,2,2022,卖盘
815,11:21:50,10.11,-0.01,30,30330,卖盘
816,11:21:35,10.12,0.01,2,2023,买盘
817,11:21:30,10.11,--,5,5055,卖盘
818,11:21:26,10.11,--,2,2022,卖盘
819,11:21:10,10.11,-0.01,9,9099,卖盘
820,11:21:05,10.12,--,18,18216,买盘
821,11:20:45,10.12,0.01,5,5060,买盘
822,11:20:41,10.11,--,10,10110,卖盘
823,11:20:25,10.11,--,10,10110,卖盘
824,11:20:20,10.11,--,10,10110,卖盘
825,11:20:05,10.11,--,12,12132,卖盘
826,11:20:00,10.11,--,6,6066,卖盘
827,11:19:50,10.11,--,1,1011,卖盘
828,11:19:10,10.11,0.01,15,15165,买盘
829,11:19:05,10.1,-0.02,20,20200,卖盘
830,11:19:00,10.12,--,0,0,买盘
831,11:18:55,10.12,0.02,16,16191,买盘
832,11:18:50,10.1,-0.01,6,6060,卖盘
833,11:18:45,10.11,--,4,4044,卖盘
834,11:18:30,10.11,0.01,2,2022,买盘
835,11:18:25,10.1,-0.01,15,15150,卖盘
836,11:18:10,10.11,--,5,5055,买盘
837,11:18:05,10.11,0.01,12,12132,买盘
838,11:17:55,10.1,-0.01,26,26260,卖盘
839,11:17:50,10.11,0.01,5,5055,买盘
840,11:17:35,10.1,--,23,23230,卖盘
841,11:17:30,10.1,--,10,10100,卖盘
842,11:17:05,10.1,-0.01,10,10100,卖盘
843,11:16:44,10.11,0.01,5,5055,买盘
844,11:16:24,10.1,--,2,2020,卖盘
845,11:16:14,10.1,--,16,16160,卖盘
846,11:15:24,10.1,-0.01,5,5050,卖盘
847,11:15:14,10.11,0.01,11,11121,买盘
848,11:15:09,10.1,-0.01,4,4040,卖盘
849,11:14:59,10.11,--,11,11121,卖盘
850,11:14:54,10.11,--,5,5055,卖盘
851,11:14:44,10.11,--,2,2022,卖盘
852,11:14:39,10.11,-0.01,15,15165,卖盘
853,11:14:35,10.12,0.01,7,7083,买盘
854,11:14:04,10.11,--,5,5055,卖盘
855,11:13:54,10.11,0.01,2,2022,卖盘
856,11:13:49,10.1,--,0,0,卖盘
857,11:13:14,10.1,-0.01,13,13130,卖盘
858,11:13:05,10.11,--,11,11121,卖盘
859,11:12:59,10.11,--,13,13143,买盘
860,11:12:49,10.11,0.01,2,2022,买盘
861,11:12:44,10.1,--,4,4040,卖盘
862,11:12:34,10.1,--,5,5050,卖盘
863,11:11:59,10.1,-0.01,9,9090,卖盘
864,11:11:54,10.11,--,14,14154,卖盘
865,11:11:49,10.11,-0.01,4,4044,卖盘
866,11:11:44,10.12,0.01,1,1011,买盘
867,11:11:39,10.11,-0.01,3,3033,卖盘
868,11:11:29,10.12,--,23,23276,买盘
869,11:11:24,10.12,0.01,2,2023,买盘
870,11:11:14,10.11,-0.01,5,5055,卖盘
871,11:11:04,10.12,0.01,5,5060,买盘
872,11:10:04,10.11,-0.01,6,6066,卖盘
873,11:09:59,10.12,-0.01,22,22264,卖盘
874,11:09:37,10.13,0.01,4,4052,买盘
875,11:09:23,10.12,--,4,4047,卖盘
876,11:09:14,10.12,-0.01,15,15179,卖盘
877,11:08:53,10.13,--,14,14182,卖盘
878,11:08:23,10.13,--,30,30390,卖盘
879,11:08:18,10.13,--,4,4052,卖盘
880,11:08:08,10.13,--,2,2026,卖盘
881,11:07:53,10.13,-0.01,5,5065,卖盘
882,11:07:48,10.14,--,2,2028,买盘
883,11:07:44,10.14,--,5,5070,买盘
884,11:07:38,10.14,--,15,15210,买盘
885,11:07:28,10.14,--,35,35490,买盘
886,11:07:08,10.14,0.01,17,17238,买盘
887,11:06:59,10.13,0.01,4,4052,卖盘
888,11:06:23,10.12,--,0,0,卖盘
889,11:06:13,10.12,-0.02,5,5060,卖盘
890,11:06:08,10.14,--,5,5070,买盘
891,11:05:33,10.14,--,15,15210,买盘
892,11:05:28,10.14,0.03,19,19266,买盘
893,11:05:23,10.11,0.01,2,2022,买盘
894,11:05:18,10.1,-0.01,86,86860,卖盘
895,11:04:53,10.11,--,3,3033,买盘
896,11:04:48,10.11,0.01,21,21231,买盘
897,11:04:43,10.1,-0.01,109,110090,卖盘
898,11:04:33,10.11,0.01,10,10110,买盘
899,11:04:23,10.1,-0.01,16,16160,卖盘
900,11:04:03,10.11,0.01,18,18198,买盘
901,11:03:58,10.1,-0.01,11,11110,卖盘
902,11:03:52,10.11,0.01,30,30330,买盘
903,11:03:48,10.1,--,10,10100,卖盘
904,11:03:37,10.1,-0.01,4,4040,卖盘
905,11:03:28,10.11,--,20,20220,买盘
906,11:03:23,10.11,0.01,2,2022,买盘
907,11:03:01,10.1,--,4,4827,买盘
908,11:02:58,10.1,--,13,13352,卖盘
909,11:02:53,10.1,--,22,22220,卖盘
910,11:02:47,10.1,-0.01,5,5050,卖盘
911,11:02:43,10.11,0.01,13,13143,买盘
912,11:02:37,10.1,--,110,111100,卖盘
913,11:01:46,10.1,--,66,67447,买盘
914,11:01:37,10.1,0.01,10,10100,买盘
915,11:01:32,10.09,--,4,4036,卖盘
916,11:01:28,10.09,-0.01,3,3027,卖盘
917,11:01:22,10.1,--,20,20200,买盘
918,11:01:17,10.1,--,11,11110,买盘
919,11:01:12,10.1,0.01,10,10100,买盘
920,11:01:07,10.09,-0.01,10,10090,卖盘
921,11:01:02,10.1,--,287,290092,卖盘
922,11:00:42,10.1,-0.01,124,125240,卖盘
923,11:00:16,10.11,--,62,63541,卖盘
924,11:00:08,10.11,--,638,645018,卖盘
925,10:59:52,10.11,--,25,25275,卖盘
926,10:59:46,10.11,-0.01,40,40440,卖盘
927,10:59:31,10.12,--,95,96241,卖盘
928,10:59:27,10.12,--,10,10120,卖盘
929,10:59:22,10.12,--,115,116379,卖盘
930,10:59:16,10.12,--,114,115367,卖盘
931,10:59:07,10.12,--,65,66690,卖盘
932,10:59:01,10.12,--,14,14167,卖盘
933,10:58:57,10.12,--,8,8095,卖盘
934,10:58:52,10.12,--,5,5060,卖盘
935,10:58:46,10.12,--,47,47563,卖盘
936,10:58:42,10.12,--,59,59707,卖盘
937,10:58:37,10.12,--,31,31371,卖盘
938,10:58:31,10.12,-0.01,10,10120,卖盘
939,10:58:16,10.13,--,34,34442,卖盘
940,10:58:12,10.13,--,54,54702,卖盘
941,10:58:07,10.13,--,4,4052,卖盘
942,10:58:01,10.13,--,236,239068,卖盘
943,10:57:52,10.13,--,6,6078,卖盘
944,10:57:37,10.13,-0.01,6,6078,卖盘
945,10:57:31,10.14,0.01,32,32448,买盘
946,10:57:27,10.13,--,19,19247,卖盘
947,10:57:16,10.13,--,76,76988,卖盘
948,10:57:12,10.13,-0.01,6,6078,卖盘
949,10:57:01,10.14,--,0,0,中性盘
950,10:56:55,10.14,0.01,6,6084,卖盘
951,10:56:40,10.13,--,0,0,卖盘
952,10:56:25,10.13,-0.02,4,4052,卖盘
953,10:56:22,10.15,0.01,50,50750,买盘
954,10:56:10,10.14,--,11,11154,卖盘
955,10:56:07,10.14,-0.01,30,30420,卖盘
956,10:56:01,10.15,0.01,9,9135,买盘
957,10:55:40,10.14,-0.01,6,6084,卖盘
958,10:55:31,10.15,0.01,8,8120,买盘
959,10:55:25,10.14,--,14,14196,卖盘
960,10:55:16,10.14,--,7,7098,卖盘
961,10:55:07,10.14,--,30,30420,卖盘
962,10:54:31,10.14,--,5,5070,卖盘
963,10:54:25,10.14,--,50,50700,卖盘
964,10:53:36,10.14,--,1,1014,卖盘
965,10:53:31,10.14,-0.01,58,58812,卖盘
966,10:52:51,10.15,0.01,6,6090,买盘
967,10:52:40,10.14,-0.01,5,5070,卖盘
968,10:52:10,10.15,0.01,31,31465,买盘
969,10:52:01,10.14,--,4,4056,卖盘
970,10:51:55,10.14,-0.01,6,6084,卖盘
971,10:51:51,10.15,0.01,2,2030,买盘
972,10:51:10,10.14,--,1,1014,卖盘
973,10:51:06,10.14,--,10,10140,卖盘
974,10:51:01,10.14,--,2,2028,卖盘
975,10:50:46,10.14,--,6,6084,卖盘
976,10:50:40,10.14,--,6,6084,卖盘
977,10:50:36,10.14,0.01,35,35490,买盘
978,10:50:25,10.13,-0.01,3,3039,卖盘
979,10:50:21,10.14,--,10,10140,买盘
980,10:49:40,10.14,0.01,3,3042,中性盘
981,10:49:34,10.13,--,404,409252,卖盘
982,10:49:25,10.13,--,1,1013,卖盘
983,10:49:10,10.13,--,3,3039,卖盘
984,10:48:46,10.13,--,8,8104,卖盘
985,10:48:40,10.13,-0.01,31,31403,卖盘
986,10:48:31,10.14,0.01,4,4056,买盘
987,10:48:19,10.13,--,40,40520,卖盘
988,10:48:10,10.13,-0.01,18,18234,卖盘
989,10:48:04,10.14,0.01,50,50700,买盘
990,10:47:49,10.13,--,1,1013,卖盘
991,10:47:40,10.13,--,111,112443,卖盘
992,10:47:31,10.13,--,20,20260,卖盘
993,10:47:25,10.13,-0.01,4,4052,卖盘
994,10:47:19,10.14,--,5,5070,买盘
995,10:46:49,10.14,0.01,2,2028,买盘
996,10:46:31,10.13,-0.01,4,4052,卖盘
997,10:45:40,10.14,--,5,5070,买盘
998,10:45:25,10.14,0.01,5,5070,买盘
999,10:45:19,10.13,--,6,6078,卖盘
1000,10:45:04,10.13,-0.01,3,3039,卖盘
1001,10:44:55,10.14,--,0,0,中性盘
1002,10:44:49,10.14,--,4,4056,卖盘
1003,10:44:40,10.14,--,5,5070,卖盘
1004,10:44:34,10.14,0.01,10,10140,卖盘
1005,10:44:25,10.13,-0.01,10,10130,卖盘
1006,10:44:10,10.14,--,7,7098,买盘
1007,10:43:55,10.14,--,3,3042,买盘
1008,10:43:40,10.14,0.01,6,6084,买盘
1009,10:43:30,10.13,-0.01,2,2026,卖盘
1010,10:43:13,10.14,0.01,23,23322,买盘
1011,10:42:49,10.13,-0.01,10,10130,卖盘
1012,10:42:43,10.14,--,6,6084,卖盘
1013,10:42:39,10.14,0.01,6,6084,买盘
1014,10:42:34,10.13,--,1,1013,卖盘
1015,10:42:24,10.13,-0.01,12,12156,卖盘
1016,10:42:19,10.14,0.01,4,4056,买盘
1017,10:42:13,10.13,--,4,4052,卖盘
1018,10:41:49,10.13,--,5,5065,卖盘
1019,10:41:43,10.13,--,176,178288,买盘
1020,10:41:13,10.13,--,2,2026,买盘
1021,10:41:09,10.13,--,110,111430,买盘
1022,10:40:39,10.13,0.01,2,2026,买盘
1023,10:40:34,10.12,0.01,5,5060,买盘
1024,10:40:28,10.11,-0.01,4,4044,卖盘
1025,10:40:24,10.12,0.01,10,10120,买盘
1026,10:40:19,10.11,-0.01,35,35385,卖盘
1027,10:40:13,10.12,--,60,60719,卖盘
1028,10:40:04,10.12,0.01,101,102211,买盘
1029,10:39:58,10.11,--,43,43473,卖盘
1030,10:39:54,10.11,--,2,2022,卖盘
1031,10:39:28,10.11,--,43,43473,卖盘
1032,10:39:13,10.11,--,10,10110,卖盘
1033,10:39:04,10.11,-0.01,56,56616,卖盘
1034,10:38:58,10.12,0.01,23,23276,买盘
1035,10:38:19,10.11,-0.01,10,10110,卖盘
1036,10:38:13,10.12,--,10,10120,买盘
1037,10:37:58,10.12,0.01,20,20240,卖盘
1038,10:37:54,10.11,--,0,0,卖盘
1039,10:37:49,10.11,--,20,20220,卖盘
1040,10:37:43,10.11,--,0,151,卖盘
1041,10:37:28,10.11,--,36,36396,卖盘
1042,10:37:19,10.11,--,65,65715,卖盘
1043,10:37:13,10.11,-0.01,5,5055,卖盘
1044,10:37:09,10.12,--,1,1011,中性盘
1045,10:37:04,10.12,--,152,153824,卖盘
1046,10:36:43,10.12,--,40,40480,卖盘
1047,10:36:39,10.12,-0.01,1,1011,卖盘
1048,10:36:19,10.13,--,10,10130,买盘
1049,10:36:03,10.13,--,16,16208,买盘
1050,10:35:52,10.13,--,61,61793,卖盘
1051,10:35:43,10.13,-0.01,1,1013,卖盘
1052,10:35:28,10.14,--,25,25350,买盘
1053,10:35:22,10.14,--,1,1014,买盘
1054,10:34:58,10.14,0.01,20,20280,买盘
1055,10:34:52,10.13,--,5,5065,卖盘
1056,10:34:43,10.13,--,4,4052,买盘
1057,10:34:13,10.13,0.01,40,40520,买盘
1058,10:33:58,10.12,0.01,8,8095,卖盘
1059,10:33:52,10.11,--,0,0,卖盘
1060,10:33:43,10.11,--,0,0,卖盘
1061,10:33:37,10.11,-0.01,67,67737,卖盘
1062,10:33:33,10.12,0.01,2,2023,买盘
1063,10:33:28,10.11,-0.01,4,4044,卖盘
1064,10:33:22,10.12,--,5,5060,买盘
1065,10:33:07,10.12,--,3,3035,买盘
1066,10:32:52,10.12,--,55,55659,买盘
1067,10:32:33,10.12,0.01,1,1011,买盘
1068,10:32:28,10.11,-0.01,4,4044,卖盘
1069,10:32:22,10.12,--,26,26311,买盘
1070,10:32:18,10.12,0.01,30,30359,买盘
1071,10:32:07,10.11,--,5,5055,卖盘
1072,10:31:58,10.11,-0.01,10,10110,卖盘
1073,10:31:52,10.12,0.01,5,5060,买盘
1074,10:31:43,10.11,-0.01,5,5055,卖盘
1075,10:31:37,10.12,--,3,3035,买盘
1076,10:31:28,10.12,--,55,55791,买盘
1077,10:31:22,10.12,0.01,274,277288,买盘
1078,10:31:13,10.11,--,30,30330,卖盘
1079,10:31:03,10.11,--,1,1011,买盘
1080,10:30:58,10.11,--,33,33363,买盘
1081,10:30:48,10.11,--,6,6066,买盘
1082,10:30:43,10.11,-0.01,20,20220,买盘
1083,10:30:33,10.12,--,0,0,买盘
1084,10:30:28,10.12,0.02,14,14167,买盘
1085,10:30:22,10.1,--,39,40046,买盘
1086,10:30:18,10.1,-0.01,360,364246,卖盘
1087,10:30:03,10.11,--,10,10110,买盘
1088,10:29:58,10.11,--,95,96045,卖盘
1089,10:29:52,10.11,-0.01,3,3033,卖盘
1090,10:29:37,10.12,0.02,51,51611,买盘
1091,10:29:33,10.1,-0.02,1505,1520413,卖盘
1092,10:29:28,10.12,--,55,55659,买盘
1093,10:29:22,10.12,0.01,4,4047,买盘
1094,10:29:17,10.11,--,146,147606,卖盘
1095,10:29:13,10.11,--,38,38418,卖盘
1096,10:29:07,10.11,--,50,50550,卖盘
1097,10:29:01,10.11,--,4,4044,卖盘
1098,10:28:58,10.11,-0.01,53,53583,卖盘
1099,10:28:52,10.12,0.01,14,14167,买盘
1100,10:28:46,10.11,-0.01,22,22242,卖盘
1101,10:28:31,10.12,0.01,26,26311,买盘
1102,10:28:12,10.11,-0.01,4,4044,卖盘
1103,10:28:07,10.12,--,14,14167,买盘
1104,10:28:01,10.12,0.01,1,1011,买盘
1105,10:27:52,10.11,--,20,20220,卖盘
1106,10:27:46,10.11,-0.01,5,5055,卖盘
1107,10:27:42,10.12,--,5,5060,买盘
1108,10:27:37,10.12,-0.01,10,10120,买盘
1109,10:27:31,10.13,--,0,0,买盘
1110,10:27:27,10.13,0.02,84,85092,买盘
1111,10:27:22,10.11,-0.01,108,109188,卖盘
1112,10:27:16,10.12,--,12,12143,卖盘
1113,10:27:07,10.12,--,210,212519,卖盘
1114,10:27:01,10.12,-0.01,5,5060,卖盘
1115,10:26:57,10.13,--,3,3039,买盘
1116,10:26:52,10.13,--,62,62806,买盘
1117,10:26:46,10.13,--,21,21273,买盘
1118,10:26:42,10.13,--,3,3039,买盘
1119,10:26:31,10.13,--,208,210704,卖盘
1120,10:26:27,10.13,--,3,3039,卖盘
1121,10:26:22,10.13,--,249,252237,卖盘
1122,10:26:16,10.13,--,95,96235,卖盘
1123,10:25:52,10.13,-0.01,12,12156,卖盘
1124,10:25:42,10.14,--,2,2028,买盘
1125,10:25:07,10.14,--,5,5070,买盘
1126,10:24:42,10.14,0.01,7,7098,买盘
1127,10:24:37,10.13,-0.01,70,70910,卖盘
1128,10:24:22,10.14,-0.01,47,47658,卖盘
1129,10:24:16,10.15,0.01,5,5075,买盘
1130,10:24:12,10.14,--,10,10140,卖盘
1131,10:24:07,10.14,--,44,44616,卖盘
1132,10:24:01,10.14,0.02,32,32448,卖盘
1133,10:23:46,10.12,--,327,330924,买盘
1134,10:23:42,10.12,--,39,39468,买盘
1135,10:23:37,10.12,-0.02,641,648692,卖盘
1136,10:23:31,10.14,--,12,12168,买盘
1137,10:23:27,10.14,--,9,9126,买盘
1138,10:23:16,10.14,--,38,38532,买盘
1139,10:23:07,10.14,--,245,248430,买盘
1140,10:23:01,10.14,-0.01,119,120666,卖盘
1141,10:22:57,10.15,--,1,1015,买盘
1142,10:22:52,10.15,--,5,5075,买盘
1143,10:22:46,10.15,0.01,21,21315,买盘
1144,10:22:42,10.14,-0.01,12,12168,卖盘
1145,10:22:37,10.15,--,4,4060,买盘
1146,10:22:31,10.15,--,402,408030,买盘
1147,10:22:25,10.15,0.01,28,28420,买盘
1148,10:22:16,10.14,-0.01,20,20280,卖盘
1149,10:22:10,10.15,0.01,6,6090,买盘
1150,10:22:01,10.14,-0.01,20,20280,卖盘
1151,10:21:55,10.15,--,6,6090,买盘
1152,10:21:40,10.15,-0.01,407,413399,卖盘
1153,10:21:31,10.16,--,3,3048,卖盘
1154,10:21:25,10.16,0.01,10,10160,买盘
1155,10:21:16,10.15,-0.01,74,75110,卖盘
1156,10:21:10,10.16,--,1,1016,卖盘
1157,10:20:55,10.16,--,25,25400,卖盘
1158,10:20:46,10.16,--,174,176784,买盘
1159,10:20:40,10.16,--,46,46736,卖盘
1160,10:20:25,10.16,0.01,6,6096,买盘
1161,10:20:16,10.15,-0.01,8,8120,卖盘
1162,10:20:10,10.16,--,6,6096,买盘
1163,10:20:06,10.16,--,7,7112,买盘
1164,10:20:01,10.16,--,83,84328,卖盘
1165,10:19:46,10.16,--,10,10160,卖盘
1166,10:19:31,10.16,--,20,20320,卖盘
1167,10:19:21,10.16,-0.01,4,4064,卖盘
1168,10:19:16,10.17,--,23,23391,买盘
1169,10:19:10,10.17,-0.01,73,74241,卖盘
1170,10:18:10,10.18,0.01,4,4072,买盘
1171,10:18:01,10.17,--,8,8136,卖盘
1172,10:17:51,10.17,-0.01,50,50850,卖盘
1173,10:17:46,10.18,0.01,87,88566,买盘
1174,10:17:40,10.17,0.01,42,42714,买盘
1175,10:17:36,10.16,-0.01,49,49784,卖盘
1176,10:17:31,10.17,--,7,7119,买盘
1177,10:17:25,10.17,0.01,6,6102,买盘
1178,10:17:16,10.16,--,2,2032,卖盘
1179,10:17:10,10.16,--,26,26416,卖盘
1180,10:16:55,10.16,--,20,20320,卖盘
1181,10:16:46,10.16,--,6,6096,卖盘
1182,10:16:40,10.16,0.01,4,4064,卖盘
1183,10:16:36,10.15,-0.01,12,12180,卖盘
1184,10:16:31,10.16,--,0,721,买盘
1185,10:16:06,10.16,--,55,55880,买盘
1186,10:16:01,10.16,--,13,13502,卖盘
1187,10:15:55,10.16,--,15,15240,卖盘
1188,10:15:50,10.16,--,52,52832,卖盘
1189,10:15:40,10.16,--,331,337017,卖盘
1190,10:15:31,10.16,-0.01,15,15240,卖盘
1191,10:15:19,10.17,--,1,1017,买盘
1192,10:15:04,10.17,--,1,1017,买盘
1193,10:15:01,10.17,--,4,4068,买盘
1194,10:14:55,10.17,--,14,14238,卖盘
1195,10:14:49,10.17,-0.01,103,104751,卖盘
1196,10:14:34,10.18,0.01,4,4072,买盘
1197,10:14:31,10.17,--,4,4068,卖盘
1198,10:14:25,10.17,--,11,11187,卖盘
1199,10:14:19,10.17,--,11,11187,卖盘
1200,10:14:04,10.17,-0.01,26,26442,卖盘
1201,10:14:01,10.18,--,3,3054,买盘
1202,10:13:49,10.18,--,51,51918,中性盘
1203,10:13:40,10.18,--,32,32576,买盘
1204,10:13:25,10.18,--,10,10180,买盘
1205,10:13:19,10.18,--,9,9162,买盘
1206,10:13:15,10.18,--,10,10180,买盘
1207,10:13:10,10.18,--,1,1018,买盘
1208,10:12:49,10.18,-0.01,9,9162,卖盘
1209,10:12:40,10.19,0.01,1,1019,买盘
1210,10:12:34,10.18,--,10,10180,卖盘
1211,10:12:25,10.18,0.01,10,10180,卖盘
1212,10:12:10,10.17,--,0,0,卖盘
1213,10:12:04,10.17,--,11,11187,卖盘
1214,10:12:00,10.17,--,0,0,卖盘
1215,10:11:55,10.17,--,4,4068,卖盘
1216,10:11:49,10.17,--,41,41697,卖盘
1217,10:11:40,10.17,--,1,1017,卖盘
1218,10:11:34,10.17,--,125,127125,买盘
1219,10:11:15,10.17,--,19,19323,买盘
1220,10:11:10,10.17,--,20,20340,买盘
1221,10:11:04,10.17,--,25,25425,卖盘
1222,10:10:55,10.17,--,92,93564,卖盘
1223,10:10:45,10.17,--,23,23391,卖盘
1224,10:10:25,10.17,-0.03,100,101700,卖盘
1225,10:10:04,10.2,--,7,7139,买盘
1226,10:10:00,10.2,--,51,52020,买盘
1227,10:09:49,10.2,0.03,204,208080,买盘
1228,10:09:45,10.17,-0.03,600,610200,卖盘
1229,10:09:40,10.2,--,8,8323,卖盘
1230,10:09:19,10.2,0.01,72,74296,买盘
1231,10:09:10,10.19,--,2,2038,卖盘
1232,10:09:00,10.19,--,13,13247,卖盘
1233,10:08:45,10.19,-0.01,4,4076,卖盘
1234,10:08:30,10.2,--,1,1019,买盘
1235,10:08:15,10.2,--,31,31783,卖盘
1236,10:08:04,10.2,--,14,14279,卖盘
1237,10:08:00,10.2,-0.01,10,10200,卖盘
1238,10:07:49,10.21,0.01,2,2042,买盘
1239,10:07:44,10.2,--,7,7139,卖盘
1240,10:07:29,10.2,--,11,11220,卖盘
1241,10:07:19,10.2,--,199,203581,卖盘
1242,10:07:09,10.2,--,9,9180,卖盘
1243,10:07:04,10.2,--,1,1019,卖盘
1244,10:06:54,10.2,--,3,3314,买盘
1245,10:06:49,10.2,--,14,14279,买盘
1246,10:06:43,10.2,--,4,4079,买盘
1247,10:06:39,10.2,0.01,11,11220,买盘
1248,10:06:34,10.19,--,4,4076,卖盘
1249,10:06:28,10.19,-0.01,4,4076,卖盘
1250,10:06:24,10.2,0.01,165,168300,买盘
1251,10:06:09,10.19,-0.01,10,10190,卖盘
1252,10:06:04,10.2,0.01,75,76500,买盘
1253,10:05:43,10.19,--,25,25475,卖盘
1254,10:05:34,10.19,-0.01,30,30570,卖盘
1255,10:05:19,10.2,0.01,3,3060,买盘
1256,10:05:13,10.19,--,5,5095,卖盘
1257,10:04:58,10.19,--,10,10190,卖盘
1258,10:04:49,10.19,--,2,2038,卖盘
1259,10:04:39,10.19,--,4,4076,卖盘
1260,10:04:34,10.19,--,42,42798,卖盘
1261,10:04:24,10.19,--,8,8152,卖盘
1262,10:04:19,10.19,--,2,2038,卖盘
1263,10:04:09,10.19,-0.01,4,4076,卖盘
1264,10:03:39,10.2,0.01,20,20400,买盘
1265,10:03:28,10.19,-0.01,4,4076,卖盘
1266,10:03:19,10.2,-0.01,23,23460,卖盘
1267,10:03:04,10.21,0.01,20,20420,买盘
1268,10:02:58,10.2,-0.02,2,2039,卖盘
1269,10:02:43,10.22,--,0,0,买盘
1270,10:02:34,10.22,0.02,4,4088,买盘
1271,10:02:28,10.2,--,5,5100,卖盘
1272,10:02:24,10.2,--,0,0,卖盘
1273,10:02:19,10.2,--,6,6120,买盘
1274,10:02:13,10.2,0.01,20,20400,买盘
1275,10:02:09,10.19,-0.02,68,69292,卖盘
1276,10:02:04,10.21,0.02,35,35735,买盘
1277,10:01:58,10.19,-0.01,128,130432,卖盘
1278,10:01:43,10.2,--,14,14279,买盘
1279,10:01:39,10.2,--,1,1019,买盘
1280,10:01:33,10.2,-0.01,1080,1101732,卖盘
1281,10:01:28,10.21,0.01,117,119457,买盘
1282,10:01:13,10.2,-0.01,4,4079,卖盘
1283,10:01:03,10.21,--,20,20420,买盘
1284,10:00:58,10.21,--,3,3573,卖盘
1285,10:00:54,10.21,--,14,14804,卖盘
1286,10:00:43,10.21,--,8,8168,卖盘
1287,10:00:39,10.21,-0.01,5,5105,卖盘
1288,10:00:24,10.22,--,5,5110,买盘
1289,10:00:18,10.22,--,40,41094,卖盘
1290,10:00:13,10.22,--,94,96068,卖盘
1291,10:00:09,10.22,--,90,91980,卖盘
1292,10:00:03,10.22,--,15,15330,卖盘
1293,09:59:58,10.22,--,0,909,卖盘
1294,09:59:54,10.22,--,71,72562,卖盘
1295,09:59:48,10.22,--,105,107310,卖盘
1296,09:59:43,10.22,--,132,134904,卖盘
1297,09:59:28,10.22,-0.01,4,4088,卖盘
1298,09:59:23,10.23,--,3,3069,买盘
1299,09:59:18,10.23,0.01,1,1023,买盘
1300,09:59:13,10.22,--,56,57232,卖盘
1301,09:59:09,10.22,--,20,20440,卖盘
1302,09:59:03,10.22,--,14,14308,卖盘
1303,09:58:58,10.22,--,10,10220,卖盘
1304,09:58:52,10.22,--,5,5110,卖盘
1305,09:58:48,10.22,--,30,30660,卖盘
1306,09:58:33,10.22,-0.01,20,20440,卖盘
1307,09:58:28,10.23,0.01,25,25575,买盘
1308,09:58:22,10.22,--,36,36792,卖盘
1309,09:58:18,10.22,--,20,20440,卖盘
1310,09:58:13,10.22,--,18,18396,卖盘
1311,09:58:07,10.22,--,38,38836,卖盘
1312,09:58:03,10.22,--,409,418917,买盘
1313,09:57:28,10.22,0.01,1,1022,买盘
1314,09:57:22,10.21,-0.01,3,3063,卖盘
1315,09:57:13,10.22,0.01,10,10220,买盘
1316,09:56:52,10.21,0.01,44,44924,买盘
1317,09:56:43,10.2,--,21,21420,卖盘
1318,09:56:37,10.2,-0.01,4,4079,卖盘
1319,09:56:33,10.21,--,6,6126,买盘
1320,09:56:28,10.21,0.01,5,5105,中性盘
1321,09:56:22,10.2,--,12,12240,卖盘
1322,09:56:18,10.2,--,1,1019,卖盘
1323,09:56:07,10.2,-0.02,20,20400,卖盘
1324,09:56:03,10.22,0.01,50,51100,买盘
1325,09:55:52,10.21,--,42,42882,卖盘
1326,09:55:43,10.21,0.01,10,10210,卖盘
1327,09:55:37,10.2,-0.02,10,10200,卖盘
1328,09:55:33,10.22,0.01,40,40880,买盘
1329,09:55:28,10.21,--,50,51050,买盘
1330,09:55:22,10.21,--,62,63302,买盘
1331,09:55:18,10.21,0.01,3,3063,买盘
1332,09:55:13,10.2,--,20,20400,卖盘
1333,09:54:58,10.2,-0.01,41,41820,卖盘
1334,09:54:48,10.21,-0.01,16,16336,卖盘
1335,09:54:43,10.22,--,5,5110,买盘
1336,09:54:37,10.22,--,3,3066,买盘
1337,09:54:33,10.22,--,97,99236,卖盘
1338,09:54:28,10.22,--,1,1022,卖盘
1339,09:54:22,10.22,--,60,61320,卖盘
1340,09:54:18,10.22,--,10,10220,卖盘
1341,09:54:07,10.22,--,56,57232,卖盘
1342,09:53:57,10.22,-0.01,28,28616,卖盘
1343,09:53:52,10.23,--,24,24552,买盘
1344,09:53:48,10.23,0.01,21,21483,买盘
1345,09:53:42,10.22,--,10,10220,卖盘
1346,09:53:37,10.22,--,176,179872,卖盘
1347,09:53:32,10.22,--,30,30660,卖盘
1348,09:53:27,10.22,-0.01,7,7154,卖盘
1349,09:53:22,10.23,0.01,11,11253,买盘
1350,09:53:18,10.22,--,10,10220,卖盘
1351,09:53:12,10.22,-0.01,53,54166,卖盘
1352,09:53:07,10.23,0.01,33,33759,买盘
1353,09:53:03,10.22,--,12,12264,卖盘
1354,09:52:52,10.22,-0.01,5,5110,卖盘
1355,09:52:47,10.23,--,93,95139,买盘
1356,09:52:42,10.23,--,15,15345,卖盘
1357,09:52:37,10.23,--,76,77748,卖盘
1358,09:52:32,10.23,0.01,463,473649,买盘
1359,09:52:27,10.22,--,50,51100,卖盘
1360,09:52:22,10.22,--,61,62342,卖盘
1361,09:52:12,10.22,--,130,132860,卖盘
1362,09:52:07,10.22,--,253,259485,买盘
1363,09:52:02,10.22,--,62,63364,买盘
1364,09:51:57,10.22,--,5,5110,买盘
1365,09:51:37,10.22,0.01,4,4088,买盘
1366,09:51:32,10.21,--,50,51050,卖盘
1367,09:51:27,10.21,--,6,6126,卖盘
1368,09:51:16,10.21,-0.01,34,34714,卖盘
1369,09:51:12,10.22,0.01,313,319886,买盘
1370,09:51:07,10.21,--,52,53092,买盘
1371,09:51:01,10.21,--,22,22462,买盘
1372,09:50:52,10.21,--,8,8168,卖盘
1373,09:50:46,10.21,-0.01,8,8168,卖盘
1374,09:50:42,10.22,--,30,30660,买盘
1375,09:50:37,10.22,0.02,3,3066,买盘
1376,09:50:31,10.2,-0.02,10,10200,卖盘
1377,09:50:22,10.22,0.01,15,15330,买盘
1378,09:50:16,10.21,0.01,54,55134,中性盘
1379,09:50:12,10.2,--,123,125459,卖盘
1380,09:50:07,10.2,--,9,9180,卖盘
1381,09:50:01,10.2,-0.01,1,1019,卖盘
1382,09:49:57,10.21,--,2,2838,卖盘
1383,09:49:52,10.21,0.01,51,52295,买盘
1384,09:49:46,10.2,-0.02,95,96900,卖盘
1385,09:49:37,10.22,0.01,22,22484,买盘
1386,09:49:31,10.21,--,4,4084,卖盘
1387,09:49:27,10.21,--,18,18378,卖盘
1388,09:49:22,10.21,--,16,16336,卖盘
1389,09:49:16,10.21,--,7,7147,卖盘
1390,09:49:12,10.21,--,5,5105,卖盘
1391,09:49:07,10.21,--,149,152129,买盘
1392,09:49:01,10.21,--,14,14294,买盘
1393,09:48:52,10.21,--,5,5105,买盘
1394,09:48:46,10.21,--,30,30630,买盘
1395,09:48:37,10.21,0.01,27,27567,买盘
1396,09:48:31,10.2,-0.01,156,159120,卖盘
1397,09:48:27,10.21,--,4,4084,买盘
1398,09:48:22,10.21,--,50,51050,买盘
1399,09:48:16,10.21,--,30,30630,买盘
1400,09:48:12,10.21,--,69,70449,买盘
1401,09:48:07,10.21,0.01,17,17357,买盘
1402,09:48:01,10.2,-0.01,11,11220,卖盘
1403,09:47:52,10.21,--,56,57176,买盘
1404,09:47:46,10.21,0.01,110,112310,买盘
1405,09:47:36,10.2,--,12,12240,卖盘
1406,09:47:31,10.2,--,3,3060,卖盘
1407,09:47:26,10.2,0.01,426,435407,买盘
1408,09:47:21,10.19,0.01,1,1019,买盘
1409,09:47:16,10.18,0.01,34,34612,买盘
1410,09:47:06,10.17,--,0,0,卖盘
1411,09:46:56,10.17,-0.01,66,67122,卖盘
1412,09:46:51,10.18,0.01,8,8144,买盘
1413,09:46:46,10.17,--,5,5085,卖盘
1414,09:46:41,10.17,-0.01,65,66105,卖盘
1415,09:46:36,10.18,--,3,3054,买盘
1416,09:46:26,10.18,0.01,30,30540,买盘
1417,09:46:16,10.17,--,6,6102,卖盘
1418,09:46:11,10.17,0.01,50,50850,买盘
1419,09:46:06,10.16,--,22,22352,卖盘
1420,09:46:01,10.16,--,3,3048,卖盘
1421,09:45:46,10.16,0.01,87,88392,买盘
1422,09:45:41,10.15,--,30,30450,买盘
1423,09:45:31,10.15,-0.01,21,21315,卖盘
1424,09:45:26,10.16,0.01,5,5080,买盘
1425,09:45:21,10.15,--,22,22330,卖盘
1426,09:45:16,10.15,-0.01,84,85260,卖盘
1427,09:45:11,10.16,--,20,20320,买盘
1428,09:45:01,10.16,0.01,1,1016,买盘
1429,09:44:56,10.15,-0.01,44,44660,卖盘
1430,09:44:41,10.16,--,35,35560,买盘
1431,09:44:31,10.16,--,26,26416,买盘
1432,09:44:26,10.16,--,26,27208,卖盘
1433,09:44:16,10.16,--,343,348488,卖盘
1434,09:44:11,10.16,--,12,12192,卖盘
1435,09:44:06,10.16,--,2,2032,卖盘
1436,09:43:56,10.16,-0.02,8,8128,卖盘
1437,09:43:51,10.18,0.02,18,18324,买盘
1438,09:43:40,10.16,--,0,0,卖盘
1439,09:43:31,10.16,--,42,42672,卖盘
1440,09:43:25,10.16,--,228,231871,买盘
1441,09:43:10,10.16,0.01,113,114808,买盘
1442,09:43:01,10.15,--,65,65975,买盘
1443,09:42:55,10.15,--,27,27405,买盘
1444,09:42:51,10.15,--,10,10150,买盘
1445,09:42:40,10.15,0.01,11,11165,买盘
1446,09:42:36,10.14,-0.01,202,204828,卖盘
1447,09:42:31,10.15,--,52,52780,买盘
1448,09:42:25,10.15,0.02,8,8120,买盘
1449,09:42:16,10.13,--,4,4052,卖盘
1450,09:42:10,10.13,-0.01,33,33429,卖盘
1451,09:42:06,10.14,--,10,10140,买盘
1452,09:41:46,10.14,-0.01,9,9126,卖盘
1453,09:41:40,10.15,--,55,55825,卖盘
1454,09:41:31,10.15,0.01,5,5075,卖盘
1455,09:41:25,10.14,--,28,28392,买盘
1456,09:41:21,10.14,-0.01,152,154128,卖盘
1457,09:41:16,10.15,--,75,76125,卖盘
1458,09:41:05,10.15,--,3,3045,卖盘
1459,09:41:01,10.15,-0.01,27,27405,买盘
1460,09:40:55,10.16,0.03,10,10160,买盘
1461,09:40:50,10.13,-0.01,32,32416,卖盘
1462,09:40:45,10.14,-0.01,2,2028,卖盘
1463,09:40:30,10.15,--,6,6090,买盘
1464,09:40:25,10.15,-0.01,178,181461,卖盘
1465,09:40:20,10.16,--,10,10160,卖盘
1466,09:40:15,10.16,--,18,18288,卖盘
1467,09:40:10,10.16,--,57,57912,卖盘
1468,09:40:05,10.16,--,36,36576,卖盘
1469,09:40:00,10.16,--,41,41656,卖盘
1470,09:39:55,10.16,-0.01,3,3048,卖盘
1471,09:39:45,10.17,--,23,23391,买盘
1472,09:39:35,10.17,--,450,457650,卖盘
1473,09:39:30,10.17,--,2,2034,卖盘
1474,09:39:25,10.17,--,76,77292,卖盘
1475,09:39:20,10.17,--,141,143397,卖盘
1476,09:39:10,10.17,--,40,40680,卖盘
1477,09:39:05,10.17,--,25,25425,卖盘
1478,09:39:00,10.17,-0.01,4,4068,卖盘
1479,09:38:50,10.18,--,20,20360,买盘
1480,09:38:40,10.18,-0.01,293,298274,卖盘
1481,09:38:35,10.19,--,4,4076,买盘
1482,09:38:25,10.19,--,27,27513,买盘
1483,09:38:20,10.19,0.01,3,3057,买盘
1484,09:38:15,10.18,--,0,0,卖盘
1485,09:38:10,10.18,--,126,128268,卖盘
1486,09:38:05,10.18,--,72,73296,卖盘
1487,09:38:00,10.18,--,10,10180,卖盘
1488,09:37:50,10.18,-0.01,5,5090,卖盘
1489,09:37:45,10.19,--,4,4076,买盘
1490,09:37:40,10.19,0.01,4,4076,中性盘
1491,09:37:35,10.18,--,25,25450,卖盘
1492,09:37:20,10.18,--,35,35630,卖盘
1493,09:37:10,10.18,-0.02,7,7126,卖盘
1494,09:37:05,10.2,0.02,2,2039,买盘
1495,09:37:00,10.18,-0.02,7,7126,卖盘
1496,09:36:55,10.2,0.02,1,1019,买盘
1497,09:36:50,10.18,--,200,203600,卖盘
1498,09:36:45,10.18,-0.02,4,4072,卖盘
1499,09:36:40,10.2,0.02,85,86700,买盘
1500,09:36:35,10.18,-0.02,30,30540,卖盘
1501,09:36:25,10.2,0.02,19,19380,买盘
1502,09:36:15,10.18,--,6,6108,卖盘
1503,09:36:04,10.18,-0.01,11,11198,卖盘
1504,09:35:55,10.19,--,5,5095,买盘
1505,09:35:49,10.19,-0.01,20,20380,卖盘
1506,09:35:45,10.2,--,12,12240,买盘
1507,09:35:30,10.2,0.01,185,188700,买盘
1508,09:35:25,10.19,--,10,10190,卖盘
1509,09:35:19,10.19,--,64,65216,卖盘
1510,09:35:10,10.19,--,26,26494,卖盘
1511,09:35:04,10.19,--,2,2038,卖盘
1512,09:35:00,10.19,--,5,5095,卖盘
1513,09:34:55,10.19,-0.01,105,106995,卖盘
1514,09:34:49,10.2,0.01,146,148920,买盘
1515,09:34:40,10.19,--,15,15285,买盘
1516,09:34:30,10.19,0.01,10,10190,中性盘
1517,09:34:25,10.18,-0.01,44,44792,卖盘
1518,09:34:19,10.19,--,15,15285,卖盘
1519,09:34:09,10.19,0.01,5,5095,中性盘
1520,09:34:04,10.18,-0.01,50,50900,卖盘
1521,09:34:00,10.19,--,2,2038,买盘
1522,09:33:54,10.19,0.01,15,15285,买盘
1523,09:33:49,10.18,-0.01,5,5090,卖盘
1524,09:33:44,10.19,0.01,12,12228,买盘
1525,09:33:34,10.18,-0.01,5,5090,卖盘
1526,09:33:29,10.19,0.01,49,49931,买盘
1527,09:33:24,10.18,--,4,4072,买盘
1528,09:33:19,10.18,-0.02,45,45810,卖盘
1529,09:33:14,10.2,--,0,0,买盘
1530,09:33:04,10.2,--,39,39780,买盘
1531,09:32:59,10.2,0.02,235,239699,买盘
1532,09:32:49,10.18,-0.01,52,52936,卖盘
1533,09:32:44,10.19,--,12,12228,买盘
1534,09:32:34,10.19,-0.01,554,564526,卖盘
1535,09:32:29,10.2,-0.01,20,20400,中性盘
1536,09:32:24,10.21,0.01,101,103121,买盘
1537,09:32:19,10.2,--,78,79560,卖盘
1538,09:32:14,10.2,-0.01,33,33660,卖盘
1539,09:32:09,10.21,--,19,19399,买盘
1540,09:32:04,10.21,--,15,15315,买盘
1541,09:31:59,10.21,--,77,78617,卖盘
1542,09:31:49,10.21,--,47,47987,卖盘
1543,09:31:44,10.21,0.01,45,45945,卖盘
1544,09:31:39,10.2,--,10,10200,卖盘
1545,09:31:34,10.2,--,16,16319,卖盘
1546,09:31:29,10.2,--,36,36720,卖盘
1547,09:31:24,10.2,--,807,823140,买盘
1548,09:31:19,10.2,0.01,46,46920,买盘
1549,09:31:14,10.19,-0.01,32,32608,卖盘
1550,09:31:09,10.2,--,301,307020,买盘
1551,09:30:59,10.2,-0.01,38,38760,卖盘
1552,09:30:54,10.21,0.01,1,1021,买盘
1553,09:30:49,10.2,--,1,1019,卖盘
1554,09:30:44,10.2,--,11,11220,卖盘
1555,09:30:39,10.2,0.01,105,107099,买盘
1556,09:30:34,10.19,0.01,19,19361,中性盘
1557,09:30:29,10.18,--,22,22396,卖盘
1558,09:30:24,10.18,-0.01,30,30540,卖盘
1559,09:30:19,10.19,--,22,22418,买盘
1560,09:30:14,10.19,--,64,65216,买盘
1561,09:30:09,10.19,0.01,132,134508,买盘
1562,09:30:04,10.18,0.02,320,325983,买盘
1563,09:28:55,10.16,--,0,0,买盘
1564,09:25:06,10.16,10.16,60,60960,买盘
