,time,price,change,volume,amount,type
0,15:00:00,17.55,--,0,0,买盘
1,15:00:00,17.55,0.01,0,0,买盘
2,14:59:49,17.54,--,10,17540,卖盘
3,14:59:39,17.54,-0.01,25,43850,卖盘
4,14:59:29,17.55,--,18,31590,卖盘
5,14:59:24,17.55,-0.01,18,31590,买盘
6,14:59:14,17.56,0.01,45,79020,买盘
7,14:59:09,17.55,--,52,91260,卖盘
8,14:59:04,17.55,--,16,28080,买盘
9,14:58:59,17.55,-0.01,78,136890,卖盘
10,14:58:54,17.56,0.01,7,12292,买盘
11,14:58:49,17.55,--,100,175500,卖盘
12,14:58:44,17.55,--,93,163215,卖盘
13,14:58:39,17.55,--,49,85995,卖盘
14,14:58:34,17.55,--,1,1755,卖盘
15,14:58:29,17.55,--,6,10530,卖盘
16,14:58:24,17.55,--,72,126360,买盘
17,14:58:19,17.55,--,9,15795,卖盘
18,14:58:09,17.55,--,10,17550,卖盘
19,14:57:59,17.55,-0.01,1,1755,卖盘
20,14:57:54,17.56,--,3,5268,买盘
21,14:57:49,17.56,--,0,0,买盘
22,14:57:44,17.56,--,24,42144,买盘
23,14:57:39,17.56,--,18,31607,买盘
24,14:57:34,17.56,-0.01,647,1136132,卖盘
25,14:57:29,17.57,--,10,17570,买盘
26,14:57:24,17.57,0.01,6,10542,买盘
27,14:57:19,17.56,--,21,36876,卖盘
28,14:57:14,17.56,--,50,87800,卖盘
29,14:57:09,17.56,-0.01,30,52679,卖盘
30,14:57:04,17.57,--,29,50953,买盘
31,14:56:59,17.57,--,33,57981,买盘
32,14:56:54,17.57,0.01,62,108934,买盘
33,14:56:49,17.56,--,63,110627,买盘
34,14:56:44,17.56,--,2,3511,买盘
35,14:56:39,17.56,--,57,100091,买盘
36,14:56:34,17.56,--,26,45656,买盘
37,14:56:29,17.56,0.02,23,40388,买盘
38,14:56:24,17.54,--,42,73668,卖盘
39,14:56:19,17.54,-0.02,11,19294,卖盘
40,14:56:14,17.56,--,9,15803,买盘
41,14:56:09,17.56,0.02,587,1030771,买盘
42,14:56:04,17.54,-0.02,34,59636,卖盘
43,14:55:58,17.56,--,5,8780,买盘
44,14:55:54,17.56,--,286,502391,买盘
45,14:55:48,17.56,0.01,16,28095,买盘
46,14:55:43,17.55,-0.01,6,10530,卖盘
47,14:55:39,17.56,--,61,107115,买盘
48,14:55:33,17.56,0.01,11,19316,买盘
49,14:55:28,17.55,--,30,52650,卖盘
50,14:55:24,17.55,--,41,71955,卖盘
51,14:55:18,17.55,-0.01,3,5265,卖盘
52,14:55:13,17.56,0.01,18,31607,买盘
53,14:55:09,17.55,--,68,119340,卖盘
54,14:55:03,17.55,--,44,77220,卖盘
55,14:54:58,17.55,--,125,219375,买盘
56,14:54:54,17.55,-0.01,370,649350,卖盘
57,14:54:48,17.56,0.01,18,31607,买盘
58,14:54:43,17.55,--,11,19305,卖盘
59,14:54:39,17.55,--,30,52650,卖盘
60,14:54:33,17.55,--,40,70200,卖盘
61,14:54:24,17.55,--,16,28080,卖盘
62,14:54:18,17.55,--,220,386100,卖盘
63,14:54:13,17.55,--,7,12285,卖盘
64,14:54:08,17.55,--,178,312390,卖盘
65,14:54:03,17.55,0.01,146,256230,买盘
66,14:53:53,17.54,-0.01,24,42096,卖盘
67,14:53:48,17.55,0.01,76,133380,买盘
68,14:53:43,17.54,-0.01,10,17540,卖盘
69,14:53:38,17.55,--,259,454825,买盘
70,14:53:33,17.55,0.01,81,142155,买盘
71,14:53:23,17.54,-0.01,13,22802,卖盘
72,14:53:13,17.55,0.01,39,68445,买盘
73,14:53:08,17.54,--,20,35080,卖盘
74,14:53:03,17.54,--,47,82438,卖盘
75,14:52:53,17.54,--,678,1189212,卖盘
76,14:52:48,17.54,--,114,201148,卖盘
77,14:52:38,17.54,-0.01,1,2911,卖盘
78,14:52:33,17.55,0.01,5,8775,买盘
79,14:52:28,17.54,--,10,17540,卖盘
80,14:52:23,17.54,--,77,135058,卖盘
81,14:52:18,17.54,--,0,1157,卖盘
82,14:52:13,17.54,-0.01,5,8770,卖盘
83,14:52:08,17.55,0.01,3,5265,买盘
84,14:52:03,17.54,-0.01,21,37956,卖盘
85,14:51:53,17.55,0.01,1,3474,买盘
86,14:51:48,17.54,--,102,180083,卖盘
87,14:51:43,17.54,--,0,1718,卖盘
88,14:51:38,17.54,--,2,3508,卖盘
89,14:51:33,17.54,-0.01,671,1176934,卖盘
90,14:51:28,17.55,0.01,28,49140,买盘
91,14:51:23,17.54,-0.01,107,187678,卖盘
92,14:51:18,17.55,0.01,44,77220,买盘
93,14:51:08,17.54,-0.01,2,3508,卖盘
94,14:51:03,17.55,--,360,631800,买盘
95,14:50:58,17.55,--,5,8775,买盘
96,14:50:53,17.55,0.01,40,70200,买盘
97,14:50:48,17.54,-0.01,2,3508,卖盘
98,14:50:38,17.55,0.01,15,26325,买盘
99,14:50:33,17.54,--,14,24556,卖盘
100,14:50:28,17.54,-0.01,781,1369874,卖盘
101,14:50:23,17.55,--,40,70200,买盘
102,14:50:18,17.55,0.02,90,159090,买盘
103,14:50:13,17.53,-0.01,5,8765,卖盘
104,14:50:08,17.54,0.01,300,526200,买盘
105,14:50:03,17.53,--,317,555701,买盘
106,14:49:58,17.53,--,10,17530,买盘
107,14:49:52,17.53,0.02,73,127969,买盘
108,14:49:48,17.51,--,5,8755,卖盘
109,14:49:37,17.51,-0.01,37,64787,卖盘
110,14:49:27,17.52,0.01,64,112128,买盘
111,14:49:22,17.51,-0.01,21,36771,卖盘
112,14:49:18,17.52,0.01,1,1752,买盘
113,14:49:12,17.51,-0.01,2,3502,卖盘
114,14:49:07,17.52,0.01,43,75336,买盘
115,14:49:03,17.51,--,2,3502,卖盘
116,14:48:57,17.51,--,37,64787,卖盘
117,14:48:52,17.51,--,22,38522,卖盘
118,14:48:42,17.51,--,585,1024335,卖盘
119,14:48:37,17.51,--,21,36771,买盘
120,14:48:33,17.51,--,14,24514,买盘
121,14:48:27,17.51,0.01,69,120819,买盘
122,14:48:22,17.5,--,7,12250,卖盘
123,14:48:12,17.5,-0.01,7,12250,卖盘
124,14:48:07,17.51,--,22,38522,买盘
125,14:48:03,17.51,--,29,50779,买盘
126,14:47:57,17.51,0.01,3,5253,买盘
127,14:47:52,17.5,--,7,12250,卖盘
128,14:47:47,17.5,-0.01,10,17500,卖盘
129,14:47:42,17.51,0.01,7,12257,买盘
130,14:47:37,17.5,-0.01,4,7000,卖盘
131,14:47:32,17.51,0.01,9,15759,买盘
132,14:47:27,17.5,--,80,140000,卖盘
133,14:47:22,17.5,-0.01,2,3500,卖盘
134,14:47:17,17.51,--,679,1188929,买盘
135,14:47:12,17.51,0.01,41,71791,买盘
136,14:47:02,17.5,-0.01,2,3500,卖盘
137,14:46:57,17.51,0.01,13,22763,买盘
138,14:46:52,17.5,-0.01,7,12250,卖盘
139,14:46:47,17.51,0.01,4,7004,买盘
140,14:46:42,17.5,--,12,21000,卖盘
141,14:46:32,17.5,--,22,39812,卖盘
142,14:46:22,17.5,--,2,3500,卖盘
143,14:46:12,17.5,--,6,10500,卖盘
144,14:46:07,17.5,-0.01,5,8750,卖盘
145,14:46:02,17.51,0.01,3,5253,买盘
146,14:45:57,17.5,--,16,28000,卖盘
147,14:45:52,17.5,-0.01,8,14000,卖盘
148,14:45:47,17.51,0.01,48,84048,买盘
149,14:45:42,17.5,--,8,14000,卖盘
150,14:45:32,17.5,-0.01,30,52500,卖盘
151,14:45:27,17.51,0.01,8,14008,买盘
152,14:45:22,17.5,--,2,3500,卖盘
153,14:45:17,17.5,--,8,14000,卖盘
154,14:45:12,17.5,--,16,28000,卖盘
155,14:45:02,17.5,-0.01,4,7000,卖盘
156,14:44:57,17.51,0.01,58,101558,买盘
157,14:44:52,17.5,--,2,3500,卖盘
158,14:44:47,17.5,0.01,26,45500,买盘
159,14:44:42,17.49,-0.01,303,530384,卖盘
160,14:44:37,17.5,0.01,260,455000,买盘
161,14:44:32,17.49,--,41,71709,卖盘
162,14:44:27,17.49,--,8,14376,卖盘
163,14:44:22,17.49,--,2,3497,卖盘
164,14:44:17,17.49,--,30,52469,卖盘
165,14:44:12,17.49,-0.01,69,122115,卖盘
166,14:44:02,17.5,--,47,82250,买盘
167,14:43:57,17.5,0.01,305,533750,买盘
168,14:43:52,17.49,--,2,3497,卖盘
169,14:43:47,17.49,--,1,3375,卖盘
170,14:43:42,17.49,-0.01,12,20987,卖盘
171,14:43:37,17.5,0.01,50,87500,买盘
172,14:43:32,17.49,--,42,73458,卖盘
173,14:43:27,17.49,--,24,41975,卖盘
174,14:43:22,17.49,--,45,78705,卖盘
175,14:43:17,17.49,--,5,8745,卖盘
176,14:43:12,17.49,--,62,108437,卖盘
177,14:43:06,17.49,--,8,13991,卖盘
178,14:43:01,17.49,-0.01,9,15740,卖盘
179,14:42:51,17.5,0.01,4,7577,买盘
180,14:42:42,17.49,-0.01,4,6995,卖盘
181,14:42:36,17.5,0.01,11,20352,买盘
182,14:42:31,17.49,--,7,12242,卖盘
183,14:42:21,17.49,-0.01,2,3497,卖盘
184,14:42:06,17.5,--,149,260750,卖盘
185,14:41:51,17.5,--,20,35000,卖盘
186,14:41:42,17.5,--,13,22750,卖盘
187,14:41:36,17.5,0.01,75,131250,买盘
188,14:41:31,17.49,--,2,3497,卖盘
189,14:41:21,17.49,--,2,3497,卖盘
190,14:41:11,17.49,-0.01,30,52469,卖盘
191,14:41:06,17.5,0.01,80,140000,卖盘
192,14:41:01,17.49,-0.01,7,12242,卖盘
193,14:40:56,17.5,--,242,424497,中性盘
194,14:40:51,17.5,0.01,66,115500,买盘
195,14:40:41,17.49,--,2,3497,卖盘
196,14:40:36,17.49,--,3,5246,卖盘
197,14:40:31,17.49,--,3,5246,卖盘
198,14:40:26,17.49,--,10,17490,卖盘
199,14:40:21,17.49,--,6,10493,卖盘
200,14:40:11,17.49,--,3,5246,卖盘
201,14:40:06,17.49,--,12,20987,卖盘
202,14:40:01,17.49,--,3,5631,卖盘
203,14:39:56,17.49,-0.01,319,557931,卖盘
204,14:39:51,17.5,-0.01,237,414995,卖盘
205,14:39:46,17.51,--,1,2521,卖盘
206,14:39:41,17.51,-0.01,4,7004,卖盘
207,14:39:36,17.52,0.01,4,7008,买盘
208,14:39:31,17.51,--,7,12257,卖盘
209,14:39:26,17.51,--,50,87550,卖盘
210,14:39:21,17.51,-0.01,2,4570,卖盘
211,14:39:11,17.52,0.01,7,12264,买盘
212,14:39:06,17.51,--,14,25494,卖盘
213,14:39:01,17.51,0.01,2,3502,卖盘
214,14:38:56,17.5,-0.01,400,700000,卖盘
215,14:38:51,17.51,--,6,10506,卖盘
216,14:38:46,17.51,--,8,14008,卖盘
217,14:38:41,17.51,--,42,73542,卖盘
218,14:38:31,17.51,--,59,103309,卖盘
219,14:38:21,17.51,--,37,64787,卖盘
220,14:38:11,17.51,--,46,80546,卖盘
221,14:38:06,17.51,--,15,26265,卖盘
222,14:38:01,17.51,-0.01,12,21012,卖盘
223,14:37:56,17.52,0.01,4,7008,买盘
224,14:37:51,17.51,--,2,3502,卖盘
225,14:37:41,17.51,--,2,3502,卖盘
226,14:37:31,17.51,--,2,3502,卖盘
227,14:37:21,17.51,-0.01,11,19261,卖盘
228,14:37:16,17.52,0.01,5,8760,买盘
229,14:37:11,17.51,--,12,21012,卖盘
230,14:37:01,17.51,--,12,21012,卖盘
231,14:36:51,17.51,-0.01,65,113815,卖盘
232,14:36:46,17.52,0.01,40,70080,买盘
233,14:36:41,17.51,--,2,3502,卖盘
234,14:36:36,17.51,--,11,19261,卖盘
235,14:36:31,17.51,--,3,5253,卖盘
236,14:36:26,17.51,--,8,14008,卖盘
237,14:36:21,17.51,--,2,3502,卖盘
238,14:36:15,17.51,--,29,50779,卖盘
239,14:36:11,17.51,--,2,3502,卖盘
240,14:36:06,17.51,--,2,3799,卖盘
241,14:36:00,17.51,--,32,56032,卖盘
242,14:35:51,17.51,--,7,12257,卖盘
243,14:35:45,17.51,0.01,322,563822,买盘
244,14:35:36,17.5,--,64,112000,卖盘
245,14:35:25,17.5,--,0,105,卖盘
246,14:35:21,17.5,--,2,3500,卖盘
247,14:35:10,17.5,--,14,24535,卖盘
248,14:35:06,17.5,-0.01,206,360500,卖盘
249,14:35:00,17.51,-0.01,10,17510,卖盘
250,14:34:55,17.52,0.01,5,8760,买盘
251,14:34:51,17.51,--,3,5253,卖盘
252,14:34:45,17.51,-0.01,6,10506,卖盘
253,14:34:36,17.52,0.01,3,5256,买盘
254,14:34:30,17.51,-0.01,14,25757,卖盘
255,14:34:25,17.52,0.01,3,5256,买盘
256,14:34:21,17.51,-0.01,7,12257,卖盘
257,14:34:15,17.52,0.01,42,73584,买盘
258,14:34:10,17.51,-0.01,140,245140,卖盘
259,14:34:06,17.52,0.01,39,68328,买盘
260,14:34:00,17.51,--,41,71791,卖盘
261,14:33:55,17.51,--,5,8755,卖盘
262,14:33:50,17.51,--,7,12257,卖盘
263,14:33:45,17.51,--,2,3502,卖盘
264,14:33:36,17.51,--,43,75730,卖盘
265,14:33:30,17.51,0.01,5,8755,卖盘
266,14:33:20,17.5,--,150,262500,卖盘
267,14:33:15,17.5,--,20,35000,卖盘
268,14:33:10,17.5,-0.02,5,8750,卖盘
269,14:33:05,17.52,0.02,102,178704,买盘
270,14:33:00,17.5,-0.01,5,8750,卖盘
271,14:32:55,17.51,0.01,200,350200,买盘
272,14:32:50,17.5,-0.01,15,26250,卖盘
273,14:32:35,17.51,0.01,40,70040,买盘
274,14:32:30,17.5,--,5,8750,卖盘
275,14:32:25,17.5,--,12,21000,卖盘
276,14:32:15,17.5,--,5,8750,卖盘
277,14:32:10,17.5,--,4,7000,卖盘
278,14:32:05,17.5,-0.01,309,540750,卖盘
279,14:32:00,17.51,0.01,100,175100,买盘
280,14:31:50,17.5,-0.01,5,8750,卖盘
281,14:31:40,17.51,--,99,173594,卖盘
282,14:31:35,17.51,--,300,525300,卖盘
283,14:31:30,17.51,--,10,17510,卖盘
284,14:31:25,17.51,--,459,803709,卖盘
285,14:31:15,17.51,-0.01,10,17510,卖盘
286,14:31:05,17.52,--,5,8760,买盘
287,14:31:00,17.52,0.01,8,14016,买盘
288,14:30:50,17.51,--,5,8755,卖盘
289,14:30:40,17.51,--,5,8755,卖盘
290,14:30:30,17.51,-0.01,5,8755,卖盘
291,14:30:25,17.52,0.01,47,82344,买盘
292,14:30:20,17.51,--,12,21012,卖盘
293,14:30:15,17.51,-0.01,238,416738,卖盘
294,14:30:05,17.52,--,5,8760,买盘
295,14:30:00,17.52,0.01,9,15768,买盘
296,14:29:50,17.51,-0.01,72,126072,卖盘
297,14:29:45,17.52,--,1,1752,买盘
298,14:29:35,17.52,0.01,4,7008,买盘
299,14:29:30,17.51,--,10,17510,卖盘
300,14:29:20,17.51,--,60,105060,卖盘
301,14:29:15,17.51,-0.01,10,17510,卖盘
302,14:29:10,17.52,--,57,99864,买盘
303,14:29:00,17.52,0.01,30,52560,买盘
304,14:28:50,17.51,--,6,11258,卖盘
305,14:28:35,17.51,--,4,7004,卖盘
306,14:28:30,17.51,-0.01,13,22763,卖盘
307,14:28:20,17.52,0.01,59,103368,买盘
308,14:28:15,17.51,--,5,8755,卖盘
309,14:28:05,17.51,--,1,1751,卖盘
310,14:28:00,17.51,-0.01,111,194361,卖盘
311,14:27:54,17.52,--,75,131400,买盘
312,14:27:50,17.52,0.01,22,38544,买盘
313,14:27:45,17.51,-0.01,109,190859,卖盘
314,14:27:39,17.52,0.01,39,68328,买盘
315,14:27:29,17.51,--,12,21012,卖盘
316,14:27:19,17.51,--,1,1751,卖盘
317,14:27:09,17.51,--,5,8755,卖盘
318,14:27:00,17.51,--,9,15759,卖盘
319,14:26:49,17.51,--,10,17510,卖盘
320,14:26:30,17.51,--,5,8755,卖盘
321,14:26:24,17.51,--,0,998,卖盘
322,14:26:19,17.51,--,18,31518,卖盘
323,14:26:14,17.51,--,21,38276,卖盘
324,14:26:09,17.51,--,16,28016,卖盘
325,14:25:59,17.51,--,4,7004,卖盘
326,14:25:54,17.51,--,84,147084,卖盘
327,14:25:29,17.51,--,21,36771,卖盘
328,14:25:24,17.51,--,1,1751,卖盘
329,14:25:09,17.51,--,5,8755,卖盘
330,14:25:04,17.51,-0.01,5,8755,卖盘
331,14:24:59,17.52,0.01,101,176952,买盘
332,14:24:54,17.51,--,9,15759,卖盘
333,14:24:44,17.51,-0.01,424,742424,卖盘
334,14:24:39,17.52,--,88,154176,卖盘
335,14:24:34,17.52,--,5,8760,卖盘
336,14:24:29,17.52,--,25,43800,卖盘
337,14:24:14,17.52,--,7,12264,卖盘
338,14:24:09,17.52,--,5,8760,卖盘
339,14:24:04,17.52,-0.01,15,26280,卖盘
340,14:23:59,17.53,0.01,65,113945,买盘
341,14:23:54,17.52,--,5,8760,卖盘
342,14:23:49,17.52,--,1,1752,卖盘
343,14:23:44,17.52,--,7,12264,卖盘
344,14:23:29,17.52,--,154,269808,卖盘
345,14:23:19,17.52,--,9,15768,卖盘
346,14:23:09,17.52,--,5,8760,卖盘
347,14:22:59,17.52,0.01,52,91104,买盘
348,14:22:54,17.51,--,5,8755,卖盘
349,14:22:49,17.51,--,38,66538,卖盘
350,14:22:44,17.51,--,0,0,卖盘
351,14:22:34,17.51,--,4,7004,卖盘
352,14:22:29,17.51,--,22,38522,卖盘
353,14:22:24,17.51,--,200,350200,卖盘
354,14:22:09,17.51,-0.01,578,1012078,卖盘
355,14:22:03,17.52,--,5,8760,买盘
356,14:21:59,17.52,0.01,5,8760,买盘
357,14:21:54,17.51,--,5,8755,卖盘
358,14:21:48,17.51,--,5,8755,卖盘
359,14:21:33,17.51,--,9,15759,卖盘
360,14:21:29,17.51,--,5,8755,卖盘
361,14:21:14,17.51,--,100,175100,卖盘
362,14:21:09,17.51,-0.01,9,15759,卖盘
363,14:20:59,17.52,0.01,9,15768,买盘
364,14:20:54,17.51,--,5,8755,卖盘
365,14:20:47,17.51,--,8,14008,卖盘
366,14:20:44,17.51,-0.02,5,8755,卖盘
367,14:20:39,17.53,0.02,39,68367,买盘
368,14:20:29,17.51,--,5,8755,卖盘
369,14:20:23,17.51,-0.02,5,8755,卖盘
370,14:20:18,17.53,0.02,2,3506,买盘
371,14:20:08,17.51,-0.02,5,8755,卖盘
372,14:19:53,17.53,0.02,7,12271,买盘
373,14:19:48,17.51,--,4,7004,卖盘
374,14:19:38,17.51,0.01,4,7004,卖盘
375,14:19:33,17.5,--,5,8750,卖盘
376,14:19:28,17.5,--,5,8750,卖盘
377,14:19:23,17.5,-0.03,316,553000,卖盘
378,14:19:13,17.53,0.03,500,876500,买盘
379,14:19:08,17.5,-0.01,9,15750,卖盘
380,14:19:03,17.51,--,19,33269,买盘
381,14:18:53,17.51,-0.01,604,1057604,卖盘
382,14:18:48,17.52,-0.01,1,1752,卖盘
383,14:18:38,17.53,--,39,68367,买盘
384,14:18:33,17.53,0.01,10,17530,买盘
385,14:18:18,17.52,--,7,12264,卖盘
386,14:18:08,17.52,-0.01,9,15768,卖盘
387,14:18:03,17.53,0.01,49,85897,买盘
388,14:17:53,17.52,--,5,8760,卖盘
389,14:17:48,17.52,-0.01,18,31536,卖盘
390,14:17:38,17.53,--,40,70120,买盘
391,14:17:33,17.53,0.01,10,17530,买盘
392,14:17:23,17.52,0.01,44,77088,买盘
393,14:17:13,17.51,--,5,8755,卖盘
394,14:17:08,17.51,-0.01,5,8755,卖盘
395,14:17:03,17.52,0.01,4,7008,买盘
396,14:16:58,17.51,--,10,17510,卖盘
397,14:16:53,17.51,--,35,61285,卖盘
398,14:16:48,17.51,--,11,19261,卖盘
399,14:16:43,17.51,--,7,12257,卖盘
400,14:16:38,17.51,--,2,3502,卖盘
401,14:16:33,17.51,--,5,8755,卖盘
402,14:16:18,17.51,--,4,7004,卖盘
403,14:16:13,17.51,-0.01,20,35020,卖盘
404,14:16:08,17.52,-0.01,36,63072,卖盘
405,14:16:03,17.53,0.01,5,8765,买盘
406,14:15:58,17.52,-0.01,4,7008,卖盘
407,14:15:53,17.53,--,3,5259,买盘
408,14:15:48,17.53,--,41,71873,买盘
409,14:15:43,17.53,--,68,119204,卖盘
410,14:15:38,17.53,--,20,35060,卖盘
411,14:15:33,17.53,--,6,10518,卖盘
412,14:15:27,17.53,--,9,15777,卖盘
413,14:15:23,17.53,--,499,874747,买盘
414,14:15:18,17.53,--,11,19283,买盘
415,14:15:12,17.53,--,7,12271,买盘
416,14:15:08,17.53,--,70,122710,买盘
417,14:14:48,17.53,--,82,145411,卖盘
418,14:14:33,17.53,--,72,126216,卖盘
419,14:14:27,17.53,--,4,7012,卖盘
420,14:14:22,17.53,-0.01,50,87650,卖盘
421,14:14:12,17.54,0.01,5,8770,买盘
422,14:14:08,17.53,-0.01,36,63108,卖盘
423,14:14:02,17.54,0.01,65,114010,买盘
424,14:13:53,17.53,--,5,8765,卖盘
425,14:13:48,17.53,--,15,26295,卖盘
426,14:13:42,17.53,-0.01,4,7012,卖盘
427,14:13:38,17.54,--,175,306950,买盘
428,14:13:32,17.54,--,51,89454,买盘
429,14:13:23,17.54,0.01,28,49112,买盘
430,14:13:12,17.53,--,10,17530,卖盘
431,14:13:08,17.53,--,91,159523,卖盘
432,14:13:02,17.53,0.01,45,78972,买盘
433,14:12:53,17.52,--,5,8760,卖盘
434,14:12:47,17.52,-0.01,1765,3092280,卖盘
435,14:12:32,17.53,0.01,9,15777,买盘
436,14:12:27,17.52,-0.01,43,75336,卖盘
437,14:12:22,17.53,0.01,4,7012,买盘
438,14:12:17,17.52,--,4,7008,卖盘
439,14:12:12,17.52,--,74,129648,卖盘
440,14:12:02,17.52,--,27,47304,卖盘
441,14:11:57,17.52,--,4,7008,卖盘
442,14:11:47,17.52,-0.01,40,70080,卖盘
443,14:11:42,17.53,--,14,24542,买盘
444,14:11:37,17.53,--,39,68367,买盘
445,14:11:32,17.53,--,20,35060,买盘
446,14:11:17,17.53,0.01,35,61355,买盘
447,14:11:12,17.52,-0.01,55,96360,卖盘
448,14:11:07,17.53,0.01,45,78885,买盘
449,14:11:02,17.52,0.01,8,14016,买盘
450,14:10:52,17.51,--,5,8755,卖盘
451,14:10:47,17.51,-0.01,4,7004,卖盘
452,14:10:42,17.52,--,28,49056,买盘
453,14:10:32,17.52,0.01,10,17520,买盘
454,14:10:27,17.51,--,140,245140,卖盘
455,14:10:17,17.51,--,22,38522,卖盘
456,14:10:12,17.51,-0.02,10,17510,卖盘
457,14:10:02,17.53,0.02,49,85897,买盘
458,14:09:47,17.51,-0.01,24,42024,卖盘
459,14:09:37,17.52,0.01,18,31536,买盘
460,14:09:32,17.51,--,6,10506,卖盘
461,14:09:27,17.51,--,32,56032,卖盘
462,14:09:16,17.51,--,12,21012,卖盘
463,14:09:12,17.51,--,33,57783,卖盘
464,14:09:07,17.51,--,19,34319,买盘
465,14:09:02,17.51,0.01,114,199614,买盘
466,14:08:46,17.5,-0.01,5,8750,卖盘
467,14:08:36,17.51,--,32,56032,买盘
468,14:08:31,17.51,-0.01,223,391173,卖盘
469,14:08:27,17.52,--,9,15768,卖盘
470,14:08:12,17.52,--,10,17520,卖盘
471,14:08:01,17.52,--,6,10512,卖盘
472,14:07:51,17.52,--,7,12264,卖盘
473,14:07:46,17.52,--,5,8760,卖盘
474,14:07:41,17.52,--,30,52560,卖盘
475,14:07:31,17.52,--,69,120888,卖盘
476,14:07:26,17.52,--,11,20323,卖盘
477,14:07:11,17.52,--,35,61320,卖盘
478,14:07:06,17.52,-0.01,4,7008,卖盘
479,14:07:01,17.53,0.01,11,19283,买盘
480,14:06:56,17.52,-0.01,20,35040,卖盘
481,14:06:51,17.53,0.01,40,70120,买盘
482,14:06:46,17.52,0.01,5,8760,卖盘
483,14:06:41,17.51,-0.01,15,26545,卖盘
484,14:06:31,17.52,0.01,123,215496,买盘
485,14:06:21,17.51,--,5,8755,卖盘
486,14:06:11,17.51,-0.01,5,8755,卖盘
487,14:06:06,17.52,0.01,30,52560,买盘
488,14:06:01,17.51,--,11,19261,卖盘
489,14:05:46,17.51,-0.01,14,24514,卖盘
490,14:05:41,17.52,0.01,5,8760,买盘
491,14:05:31,17.51,-0.01,46,80546,卖盘
492,14:05:26,17.52,--,14,24528,买盘
493,14:05:16,17.52,0.01,1,1752,买盘
494,14:05:11,17.51,-0.01,28,49028,卖盘
495,14:05:01,17.52,0.02,66,115632,买盘
496,14:04:56,17.5,--,15,26250,卖盘
497,14:04:51,17.5,-0.01,5,8750,卖盘
498,14:04:41,17.51,0.01,16,28016,买盘
499,14:04:31,17.5,--,14,24500,卖盘
500,14:04:26,17.5,--,79,138250,卖盘
501,14:04:11,17.5,--,60,105000,卖盘
502,14:04:06,17.5,--,59,103792,买盘
503,14:04:01,17.5,--,32,56000,买盘
504,14:03:56,17.5,0.01,53,92750,买盘
505,14:03:51,17.49,--,5,8745,卖盘
506,14:03:36,17.49,--,10,17490,卖盘
507,14:03:31,17.49,-0.01,19,33231,卖盘
508,14:03:26,17.5,0.01,15,26250,买盘
509,14:03:21,17.49,--,15,26234,卖盘
510,14:03:16,17.49,-0.01,12,20987,卖盘
511,14:03:11,17.5,0.01,2411,4219250,买盘
512,14:03:01,17.49,-0.01,93,162657,卖盘
513,14:02:56,17.5,--,15,26250,买盘
514,14:02:51,17.5,0.01,7,12250,买盘
515,14:02:46,17.49,-0.01,9,15740,卖盘
516,14:02:36,17.5,--,26,45500,买盘
517,14:02:31,17.5,-0.01,32,56000,卖盘
518,14:02:25,17.51,0.01,2,3502,买盘
519,14:02:21,17.5,--,25,43750,卖盘
520,14:02:10,17.5,-0.01,35,61250,买盘
521,14:02:06,17.51,--,0,0,买盘
522,14:02:00,17.51,0.02,95,166345,买盘
523,14:01:55,17.49,--,5,8745,卖盘
524,14:01:51,17.49,--,56,97943,卖盘
525,14:01:46,17.49,--,301,526449,卖盘
526,14:01:40,17.49,-0.01,60,104939,卖盘
527,14:01:36,17.5,--,8,14000,买盘
528,14:01:30,17.5,--,46,80500,买盘
529,14:01:25,17.5,0.01,2,3500,买盘
530,14:01:21,17.49,--,674,1178826,卖盘
531,14:01:10,17.49,--,500,874657,卖盘
532,14:01:06,17.49,-0.01,49,85700,卖盘
533,14:01:00,17.5,--,2,3500,卖盘
534,14:00:55,17.5,--,78,136500,卖盘
535,14:00:51,17.5,--,121,211750,买盘
536,14:00:45,17.5,--,300,525000,卖盘
537,14:00:40,17.5,--,10,17500,卖盘
538,14:00:35,17.5,--,5,8750,卖盘
539,14:00:30,17.5,-0.01,10,17500,卖盘
540,14:00:20,17.51,0.01,27,47277,买盘
541,14:00:10,17.5,--,5,8750,卖盘
542,14:00:06,17.5,--,20,35000,卖盘
543,13:59:55,17.5,-0.01,10,17500,卖盘
544,13:59:51,17.51,0.01,5,8755,买盘
545,13:59:45,17.5,--,16,28000,卖盘
546,13:59:40,17.5,-0.01,539,943250,卖盘
547,13:59:35,17.51,--,282,493782,卖盘
548,13:59:30,17.51,--,63,110313,买盘
549,13:59:20,17.51,0.01,12,21012,买盘
550,13:59:10,17.5,-0.01,5,8750,卖盘
551,13:59:05,17.51,0.01,46,80546,买盘
552,13:59:00,17.5,--,15,26250,卖盘
553,13:58:55,17.5,--,15,26250,卖盘
554,13:58:50,17.5,-0.01,9,15750,卖盘
555,13:58:40,17.51,0.01,8,14008,买盘
556,13:58:30,17.5,-0.01,5,8750,卖盘
557,13:58:20,17.51,--,93,162843,卖盘
558,13:58:15,17.51,--,14,24514,卖盘
559,13:58:10,17.51,-0.01,5,8755,中性盘
560,13:58:00,17.52,0.01,104,183889,买盘
561,13:57:55,17.51,--,5,8755,卖盘
562,13:57:50,17.51,--,5,8755,卖盘
563,13:57:45,17.51,0.01,82,143652,买盘
564,13:57:35,17.5,--,132,231000,买盘
565,13:57:30,17.5,0.01,11,19250,买盘
566,13:57:20,17.49,--,3,5246,卖盘
567,13:57:15,17.49,-0.01,4,6995,卖盘
568,13:57:05,17.5,--,1,1750,买盘
569,13:57:00,17.5,--,262,458500,卖盘
570,13:56:50,17.5,-0.01,4,7000,卖盘
571,13:56:45,17.51,--,10,17510,买盘
572,13:56:40,17.51,--,209,367639,卖盘
573,13:56:35,17.51,--,0,0,卖盘
574,13:56:30,17.51,--,3,5253,卖盘
575,13:56:25,17.51,--,10,17510,卖盘
576,13:56:15,17.51,--,3,5253,卖盘
577,13:56:10,17.51,--,92,161092,卖盘
578,13:56:04,17.51,-0.02,5,8755,卖盘
579,13:56:00,17.53,0.02,27,47331,卖盘
580,13:55:49,17.51,-0.02,306,535806,卖盘
581,13:55:45,17.53,--,5,8765,卖盘
582,13:55:39,17.53,--,3,5259,卖盘
583,13:55:34,17.53,--,5,8765,卖盘
584,13:55:30,17.53,-0.01,3,5259,卖盘
585,13:55:24,17.54,0.01,11,19294,买盘
586,13:55:19,17.53,--,103,180559,卖盘
587,13:55:15,17.53,--,3,5259,卖盘
588,13:55:04,17.53,--,3,5259,卖盘
589,13:55:00,17.53,--,63,110439,卖盘
590,13:54:49,17.53,--,100,175300,卖盘
591,13:54:44,17.53,--,3,5259,卖盘
592,13:54:39,17.53,--,3,5259,卖盘
593,13:54:34,17.53,-0.01,39,68367,卖盘
594,13:54:30,17.54,0.01,102,178908,买盘
595,13:54:24,17.53,--,4,7012,卖盘
596,13:54:14,17.53,--,4,7012,卖盘
597,13:54:09,17.53,--,6,10588,卖盘
598,13:54:04,17.53,--,23,40319,卖盘
599,13:53:59,17.53,-0.01,13,22789,卖盘
600,13:53:53,17.54,0.01,40,70160,买盘
601,13:53:49,17.53,--,18,31554,卖盘
602,13:53:44,17.53,--,5,8765,卖盘
603,13:53:39,17.53,--,3,5259,卖盘
604,13:53:34,17.53,--,5,8765,卖盘
605,13:53:29,17.53,-0.01,3,5259,卖盘
606,13:53:19,17.54,--,13,22802,买盘
607,13:53:14,17.54,0.01,85,149090,买盘
608,13:53:09,17.53,--,5,8765,卖盘
609,13:53:04,17.53,-0.01,4,7012,卖盘
610,13:52:49,17.54,--,157,275378,卖盘
611,13:52:44,17.54,--,3,5262,卖盘
612,13:52:39,17.54,--,4,7016,卖盘
613,13:52:34,17.54,--,8,14032,卖盘
614,13:52:29,17.54,--,10,17540,卖盘
615,13:52:24,17.54,--,3,5262,卖盘
616,13:52:19,17.54,--,20,35080,卖盘
617,13:52:14,17.54,--,3,5262,卖盘
618,13:52:09,17.54,-0.01,10,17540,卖盘
619,13:52:04,17.55,0.01,58,101790,买盘
620,13:51:59,17.54,--,59,103486,卖盘
621,13:51:54,17.54,--,5,8770,卖盘
622,13:51:49,17.54,--,10,17540,卖盘
623,13:51:44,17.54,--,23,40342,卖盘
624,13:51:39,17.54,--,4,7016,卖盘
625,13:51:34,17.54,--,34,59636,卖盘
626,13:51:29,17.54,--,13,22802,卖盘
627,13:51:14,17.54,-0.01,15,26310,卖盘
628,13:51:09,17.55,0.01,3,5265,买盘
629,13:51:04,17.54,--,3,5262,卖盘
630,13:50:59,17.54,--,6,10524,卖盘
631,13:50:54,17.54,--,9,15786,卖盘
632,13:50:49,17.54,--,2,3508,卖盘
633,13:50:44,17.54,--,32,56128,卖盘
634,13:50:39,17.54,--,4,7016,卖盘
635,13:50:34,17.54,--,43,75422,卖盘
636,13:50:29,17.54,--,12,21048,卖盘
637,13:50:23,17.54,-0.01,123,215742,卖盘
638,13:50:19,17.55,0.01,33,57915,买盘
639,13:50:14,17.54,--,3,5262,卖盘
640,13:50:09,17.54,-0.01,10,17540,卖盘
641,13:50:04,17.55,0.01,20,35100,买盘
642,13:49:59,17.54,--,20,35080,卖盘
643,13:49:54,17.54,-0.01,3,5262,卖盘
644,13:49:49,17.55,0.01,3,5265,买盘
645,13:49:44,17.54,--,3,5262,卖盘
646,13:49:39,17.54,-0.01,33,57882,卖盘
647,13:49:34,17.55,0.01,4,7020,买盘
648,13:49:29,17.54,--,10,17540,卖盘
649,13:49:24,17.54,--,44,77176,卖盘
650,13:49:19,17.54,--,3,5262,卖盘
651,13:49:14,17.54,--,3,5262,卖盘
652,13:49:09,17.54,--,29,50866,卖盘
653,13:48:59,17.54,--,138,242929,买盘
654,13:48:53,17.54,--,48,84192,买盘
655,13:48:43,17.54,0.01,21,36834,买盘
656,13:48:39,17.53,--,40,70120,卖盘
657,13:48:33,17.53,--,10,17530,卖盘
658,13:48:24,17.53,-0.01,5,8765,卖盘
659,13:48:18,17.54,0.01,81,142074,买盘
660,13:48:13,17.53,--,377,660881,卖盘
661,13:48:08,17.53,-0.01,51,89403,卖盘
662,13:48:03,17.54,--,5,8770,买盘
663,13:47:58,17.54,0.01,314,550756,买盘
664,13:47:54,17.53,--,53,92909,卖盘
665,13:47:43,17.53,--,9,15777,卖盘
666,13:47:38,17.53,0.01,26,45578,买盘
667,13:47:33,17.52,--,5,8760,卖盘
668,13:47:28,17.52,--,1,1752,卖盘
669,13:47:24,17.52,--,109,190968,卖盘
670,13:47:18,17.52,--,14,24528,卖盘
671,13:47:13,17.52,--,233,408216,卖盘
672,13:47:08,17.52,-0.01,12,21024,卖盘
673,13:46:58,17.53,0.01,98,171794,买盘
674,13:46:53,17.52,-0.01,3,5256,卖盘
675,13:46:43,17.53,--,1,1753,买盘
676,13:46:38,17.53,--,89,156017,卖盘
677,13:46:33,17.53,--,7,12271,卖盘
678,13:46:28,17.53,--,8,14024,卖盘
679,13:46:23,17.53,--,141,247173,卖盘
680,13:46:18,17.53,--,130,227890,卖盘
681,13:46:13,17.53,--,5,8765,卖盘
682,13:46:08,17.53,--,15,26295,卖盘
683,13:46:03,17.53,0.01,7,12271,卖盘
684,13:45:58,17.52,-0.01,147,257544,卖盘
685,13:45:53,17.53,--,3,5259,买盘
686,13:45:43,17.53,--,14,24542,买盘
687,13:45:38,17.53,-0.01,169,296257,卖盘
688,13:45:32,17.54,0.01,19,33326,买盘
689,13:45:28,17.53,--,28,49084,卖盘
690,13:45:23,17.53,--,3,5259,卖盘
691,13:45:17,17.53,--,12,21036,卖盘
692,13:45:13,17.53,--,44,77132,卖盘
693,13:45:08,17.53,--,3,5259,卖盘
694,13:44:58,17.53,-0.01,12,21036,卖盘
695,13:44:53,17.54,0.01,4,7016,买盘
696,13:44:43,17.53,-0.01,7,12271,卖盘
697,13:44:38,17.54,--,0,0,中性盘
698,13:44:33,17.54,--,25,43850,买盘
699,13:44:28,17.54,--,106,185924,卖盘
700,13:44:23,17.54,--,43,75422,卖盘
701,13:44:13,17.54,--,7,12278,卖盘
702,13:44:08,17.54,-0.01,13,22802,卖盘
703,13:44:02,17.55,--,105,184275,买盘
704,13:43:58,17.55,0.01,5,8775,买盘
705,13:43:53,17.54,--,37,64898,卖盘
706,13:43:47,17.54,-0.01,3,5262,卖盘
707,13:43:38,17.55,0.01,38,66690,买盘
708,13:43:32,17.54,--,5,8770,卖盘
709,13:43:23,17.54,-0.01,6,10524,卖盘
710,13:43:18,17.55,--,16,28080,买盘
711,13:43:13,17.55,0.01,46,80730,买盘
712,13:43:08,17.54,-0.01,3,5262,卖盘
713,13:43:02,17.55,--,38,68216,买盘
714,13:42:58,17.55,0.01,22,38610,买盘
715,13:42:53,17.54,-0.01,61,106994,卖盘
716,13:42:47,17.55,0.01,14,24570,买盘
717,13:42:41,17.54,--,2,3508,卖盘
718,13:42:38,17.54,--,3,5262,卖盘
719,13:42:33,17.54,--,59,103486,卖盘
720,13:42:23,17.54,--,18,31572,卖盘
721,13:42:17,17.54,0.01,3,5262,中性盘
722,13:42:08,17.53,--,12,21036,卖盘
723,13:42:02,17.53,-0.01,53,92909,卖盘
724,13:41:52,17.54,0.01,16,28064,买盘
725,13:41:47,17.53,-0.01,8,14024,卖盘
726,13:41:41,17.54,0.01,34,59636,中性盘
727,13:41:37,17.53,-0.01,892,1563676,卖盘
728,13:41:32,17.54,--,6,11804,买盘
729,13:41:26,17.54,0.01,46,80684,买盘
730,13:41:22,17.53,--,8,14199,卖盘
731,13:41:17,17.53,-0.01,42,73626,卖盘
732,13:41:07,17.54,0.01,5,8770,买盘
733,13:41:02,17.53,-0.01,15,26295,卖盘
734,13:40:57,17.54,--,42,73668,买盘
735,13:40:52,17.54,-0.01,25,43850,中性盘
736,13:40:47,17.55,0.02,1008,1769040,买盘
737,13:40:37,17.53,-0.01,7,12271,卖盘
738,13:40:32,17.54,--,4,7016,买盘
739,13:40:26,17.54,0.01,46,80684,买盘
740,13:40:22,17.53,--,10,17530,卖盘
741,13:40:17,17.53,--,28,49084,卖盘
742,13:40:11,17.53,--,4,7012,卖盘
743,13:40:07,17.53,--,73,127969,卖盘
744,13:39:52,17.53,--,53,92909,卖盘
745,13:39:47,17.53,--,55,96415,卖盘
746,13:39:37,17.53,-0.01,13,22789,卖盘
747,13:39:32,17.54,--,30,52620,买盘
748,13:39:27,17.54,0.01,7,12278,买盘
749,13:39:22,17.53,--,10,17530,卖盘
750,13:39:17,17.53,--,38,66614,卖盘
751,13:39:07,17.53,-0.01,7,12271,卖盘
752,13:39:02,17.54,--,49,85946,买盘
753,13:38:56,17.54,--,46,80684,买盘
754,13:38:52,17.54,0.01,2,3508,买盘
755,13:38:47,17.53,--,44,77132,卖盘
756,13:38:37,17.53,-0.01,53,92909,卖盘
757,13:38:32,17.54,--,5,8770,买盘
758,13:38:26,17.54,0.01,42,73668,买盘
759,13:38:22,17.53,-0.01,5,8765,卖盘
760,13:38:17,17.54,--,28,49112,买盘
761,13:38:07,17.54,--,7,12278,买盘
762,13:38:02,17.54,0.01,10,17540,买盘
763,13:37:52,17.53,-0.01,4,7012,卖盘
764,13:37:47,17.54,0.01,36,63144,买盘
765,13:37:37,17.53,-0.01,7,12271,卖盘
766,13:37:32,17.54,0.01,5,8770,买盘
767,13:37:26,17.53,--,24,42072,卖盘
768,13:37:22,17.53,-0.01,3,5259,卖盘
769,13:37:17,17.54,0.01,37,64898,买盘
770,13:37:02,17.53,--,7,12271,卖盘
771,13:36:52,17.53,-0.01,16,28048,卖盘
772,13:36:47,17.54,--,29,50866,买盘
773,13:36:32,17.54,--,192,336768,卖盘
774,13:36:22,17.54,--,3,5262,卖盘
775,13:36:17,17.54,--,144,252576,卖盘
776,13:36:11,17.54,--,7,12278,卖盘
777,13:36:01,17.54,-0.01,27,47358,卖盘
778,13:35:56,17.55,--,90,157950,买盘
779,13:35:50,17.55,--,11,19305,买盘
780,13:35:47,17.55,0.01,28,49140,买盘
781,13:35:31,17.54,--,78,136812,卖盘
782,13:35:26,17.54,--,7,12278,卖盘
783,13:35:20,17.54,-0.01,15,26310,卖盘
784,13:35:16,17.55,--,36,63180,买盘
785,13:35:11,17.55,0.01,10,17550,买盘
786,13:35:05,17.54,-0.01,3,5262,卖盘
787,13:35:01,17.55,0.01,45,78975,买盘
788,13:34:56,17.54,-0.01,3,5262,卖盘
789,13:34:50,17.55,--,54,94770,买盘
790,13:34:46,17.55,0.01,33,57915,买盘
791,13:34:41,17.54,--,12,22626,卖盘
792,13:34:35,17.54,-0.01,3,5262,卖盘
793,13:34:31,17.55,0.01,45,78975,买盘
794,13:34:26,17.54,-0.01,12,21048,卖盘
795,13:34:16,17.55,--,32,56160,买盘
796,13:34:11,17.55,--,5,8775,买盘
797,13:34:05,17.55,--,39,68445,买盘
798,13:34:01,17.55,0.01,10,17550,买盘
799,13:33:56,17.54,-0.01,7,12278,卖盘
800,13:33:46,17.55,0.01,40,70200,买盘
801,13:33:41,17.54,--,11,19294,卖盘
802,13:33:35,17.54,-0.01,3,5262,卖盘
803,13:33:31,17.55,0.01,66,115830,买盘
804,13:33:26,17.54,-0.01,13,22802,卖盘
805,13:33:20,17.55,0.01,4,7020,买盘
806,13:33:16,17.54,--,36,63144,卖盘
807,13:33:11,17.54,--,4,7016,卖盘
808,13:33:05,17.54,-0.01,3,5262,卖盘
809,13:33:01,17.55,--,3,5265,买盘
810,13:32:56,17.55,0.01,17,29835,买盘
811,13:32:50,17.54,--,5,8770,卖盘
812,13:32:46,17.54,--,30,52620,卖盘
813,13:32:35,17.54,--,3,5262,卖盘
814,13:32:31,17.54,--,8,14032,卖盘
815,13:32:26,17.54,--,3,5262,卖盘
816,13:32:16,17.54,-0.01,35,61390,卖盘
817,13:32:11,17.55,0.01,5,8775,买盘
818,13:32:05,17.54,--,3,5262,卖盘
819,13:31:56,17.54,--,3,5262,卖盘
820,13:31:46,17.54,-0.01,183,321771,卖盘
821,13:31:41,17.55,0.01,68,119340,买盘
822,13:31:35,17.54,--,3,5262,卖盘
823,13:31:26,17.54,-0.01,3,5262,卖盘
824,13:31:16,17.55,0.01,33,57915,买盘
825,13:31:01,17.54,--,8,14032,卖盘
826,13:30:56,17.54,-0.01,3,5262,卖盘
827,13:30:50,17.55,0.01,4,7020,买盘
828,13:30:46,17.54,-0.01,280,491120,卖盘
829,13:30:41,17.55,0.01,14,24570,买盘
830,13:30:35,17.54,-0.01,50,87700,卖盘
831,13:30:31,17.55,--,10,17550,买盘
832,13:30:26,17.55,--,51,89505,买盘
833,13:30:20,17.55,0.01,57,100035,买盘
834,13:30:16,17.54,-0.01,32,56128,卖盘
835,13:30:11,17.55,0.01,25,43875,买盘
836,13:30:01,17.54,--,29,50866,卖盘
837,13:29:56,17.54,-0.01,37,64898,卖盘
838,13:29:46,17.55,0.01,28,49140,买盘
839,13:29:35,17.54,--,5,8770,卖盘
840,13:29:31,17.54,--,19,33326,卖盘
841,13:29:26,17.54,--,55,96470,卖盘
842,13:29:16,17.54,-0.01,87,152598,卖盘
843,13:29:05,17.55,0.01,7,12285,买盘
844,13:29:01,17.54,--,5,8770,卖盘
845,13:28:55,17.54,-0.01,3,5262,卖盘
846,13:28:46,17.55,0.01,43,75465,买盘
847,13:28:35,17.54,--,8,14032,卖盘
848,13:28:31,17.54,-0.01,23,40342,卖盘
849,13:28:25,17.55,--,92,161460,买盘
850,13:28:15,17.55,--,28,49140,买盘
851,13:28:10,17.55,0.01,10,17550,买盘
852,13:28:05,17.54,-0.01,56,98925,卖盘
853,13:27:59,17.55,--,4,7020,买盘
854,13:27:55,17.55,--,43,75465,买盘
855,13:27:50,17.55,0.01,30,52650,买盘
856,13:27:44,17.54,--,3,5262,卖盘
857,13:27:35,17.54,-0.01,15,26310,卖盘
858,13:27:29,17.55,--,40,70200,买盘
859,13:27:25,17.55,0.01,68,119340,买盘
860,13:27:20,17.54,--,43,75422,卖盘
861,13:27:14,17.54,--,7,12278,卖盘
862,13:27:10,17.54,--,38,66652,卖盘
863,13:27:05,17.54,-0.01,28,49112,卖盘
864,13:26:59,17.55,--,5,8775,买盘
865,13:26:55,17.55,--,64,112320,买盘
866,13:26:50,17.55,--,59,103545,买盘
867,13:26:44,17.55,--,43,75465,买盘
868,13:26:40,17.55,0.01,55,96525,买盘
869,13:26:35,17.54,-0.01,8,14032,卖盘
870,13:26:25,17.55,0.01,145,254475,买盘
871,13:26:20,17.54,-0.01,26,45604,卖盘
872,13:26:14,17.55,--,12,21060,买盘
873,13:26:05,17.55,--,64,112320,买盘
874,13:25:59,17.55,--,5,8775,买盘
875,13:25:55,17.55,0.01,177,310635,买盘
876,13:25:50,17.54,--,42,73668,卖盘
877,13:25:44,17.54,--,31,54374,卖盘
878,13:25:40,17.54,--,44,77176,卖盘
879,13:25:35,17.54,-0.01,41,71914,卖盘
880,13:25:29,17.55,0.01,38,66690,买盘
881,13:25:25,17.54,0.01,33,57882,买盘
882,13:25:20,17.53,0.01,7,12271,买盘
883,13:25:14,17.52,--,3,5256,卖盘
884,13:25:10,17.52,--,4,7008,卖盘
885,13:25:05,17.52,-0.01,3,5256,卖盘
886,13:24:59,17.53,--,5,8765,中性盘
887,13:24:55,17.53,0.01,7,12271,买盘
888,13:24:50,17.52,--,27,47304,卖盘
889,13:24:44,17.52,--,3,5256,卖盘
890,13:24:35,17.52,-0.01,24,42048,卖盘
891,13:24:25,17.53,0.01,8,14024,买盘
892,13:24:20,17.52,-0.01,26,45552,卖盘
893,13:24:14,17.53,--,194,340082,卖盘
894,13:24:05,17.53,--,13,22789,卖盘
895,13:23:59,17.53,--,61,106933,卖盘
896,13:23:55,17.53,--,3,5259,卖盘
897,13:23:50,17.53,--,33,57849,卖盘
898,13:23:44,17.53,--,7,12271,卖盘
899,13:23:40,17.53,-0.01,4,7012,卖盘
900,13:23:35,17.54,0.01,17,29818,买盘
901,13:23:29,17.53,--,2,3506,卖盘
902,13:23:25,17.53,-0.01,45,78885,卖盘
903,13:23:20,17.54,0.01,25,43850,买盘
904,13:23:14,17.53,-0.01,3,5259,卖盘
905,13:23:10,17.54,0.01,5,8770,买盘
906,13:23:05,17.53,--,11,19283,卖盘
907,13:22:55,17.53,--,9,15777,卖盘
908,13:22:50,17.53,--,66,115698,卖盘
909,13:22:44,17.53,--,3,5259,卖盘
910,13:22:40,17.53,-0.01,7,12271,卖盘
911,13:22:35,17.54,0.01,63,110502,买盘
912,13:22:25,17.53,-0.01,4,7012,卖盘
913,13:22:19,17.54,0.01,25,43850,买盘
914,13:22:14,17.53,-0.01,3,5259,卖盘
915,13:22:10,17.54,--,59,103486,买盘
916,13:22:04,17.54,--,8,14032,买盘
917,13:21:59,17.54,0.01,12,21048,买盘
918,13:21:55,17.53,--,26,45578,卖盘
919,13:21:49,17.53,--,7,12271,卖盘
920,13:21:44,17.53,-0.01,106,185818,卖盘
921,13:21:34,17.54,0.01,13,22802,买盘
922,13:21:24,17.53,-0.01,9,15777,卖盘
923,13:21:19,17.54,--,16,28064,买盘
924,13:21:14,17.54,--,46,80684,买盘
925,13:21:10,17.54,0.01,14,24556,买盘
926,13:21:04,17.53,--,15,26295,买盘
927,13:20:59,17.53,0.01,6,10518,买盘
928,13:20:55,17.52,--,6,10512,卖盘
929,13:20:49,17.52,--,0,1226,卖盘
930,13:20:44,17.52,-0.01,21,36792,卖盘
931,13:20:34,17.53,--,24,42072,买盘
932,13:20:29,17.53,0.01,5,8765,买盘
933,13:20:25,17.52,-0.01,42,73584,卖盘
934,13:20:19,17.53,0.01,1,1753,买盘
935,13:20:14,17.52,--,8,14016,卖盘
936,13:20:04,17.52,-0.01,19,33288,卖盘
937,13:19:59,17.53,0.01,9,15777,买盘
938,13:19:53,17.52,-0.01,24,42048,卖盘
939,13:19:49,17.53,0.01,7,12271,买盘
940,13:19:44,17.52,-0.01,8,14016,卖盘
941,13:19:38,17.53,--,40,70120,买盘
942,13:19:34,17.53,0.01,6,10518,买盘
943,13:19:29,17.52,--,2,3504,卖盘
944,13:19:23,17.52,--,8,14016,卖盘
945,13:19:19,17.52,--,22,38544,卖盘
946,13:19:14,17.52,-0.01,11,19272,卖盘
947,13:19:08,17.53,--,39,68367,买盘
948,13:19:04,17.53,--,18,31554,买盘
949,13:18:59,17.53,0.02,67,117451,买盘
950,13:18:53,17.51,-0.01,3,5253,卖盘
951,13:18:49,17.52,0.01,33,57816,买盘
952,13:18:44,17.51,-0.01,3,5253,卖盘
953,13:18:34,17.52,--,8,14016,买盘
954,13:18:29,17.52,0.01,15,26280,买盘
955,13:18:23,17.51,-0.01,3,5253,卖盘
956,13:18:19,17.52,0.01,31,54312,买盘
957,13:18:14,17.51,-0.01,4,7004,卖盘
958,13:18:04,17.52,0.01,14,24528,买盘
959,13:17:59,17.51,--,22,38522,卖盘
960,13:17:53,17.51,--,3,5253,卖盘
961,13:17:44,17.51,--,7,12257,卖盘
962,13:17:38,17.51,--,1,1751,卖盘
963,13:17:34,17.51,--,12,21012,卖盘
964,13:17:29,17.51,--,2,3502,卖盘
965,13:17:23,17.51,-0.01,4,7004,卖盘
966,13:17:19,17.52,0.01,39,68328,买盘
967,13:17:14,17.51,-0.01,3,5253,卖盘
968,13:17:08,17.52,0.01,4,7008,买盘
969,13:17:04,17.51,-0.01,14,24514,卖盘
970,13:16:59,17.52,0.01,11,19272,买盘
971,13:16:53,17.51,--,15,26265,卖盘
972,13:16:44,17.51,--,8,14008,卖盘
973,13:16:34,17.51,-0.01,8,14008,卖盘
974,13:16:29,17.52,0.01,6,10512,买盘
975,13:16:23,17.51,--,6,10506,卖盘
976,13:16:19,17.51,--,5,8755,卖盘
977,13:16:14,17.51,--,3,5253,卖盘
978,13:16:03,17.51,-0.01,8,14008,卖盘
979,13:15:59,17.52,0.01,40,70080,买盘
980,13:15:53,17.51,--,43,75293,卖盘
981,13:15:49,17.51,--,26,45526,卖盘
982,13:15:44,17.51,--,3,5253,卖盘
983,13:15:38,17.51,-0.01,10,17510,卖盘
984,13:15:34,17.52,0.01,16,28032,买盘
985,13:15:29,17.51,--,16,28016,卖盘
986,13:15:23,17.51,0.01,6,10506,买盘
987,13:15:13,17.5,-0.01,4,7000,卖盘
988,13:15:04,17.51,0.01,4,7004,中性盘
989,13:14:58,17.5,--,5,8750,卖盘
990,13:14:53,17.5,--,4,7000,卖盘
991,13:14:48,17.5,-0.02,7,12250,卖盘
992,13:14:43,17.52,--,1,1752,卖盘
993,13:14:38,17.52,-0.01,5,8760,卖盘
994,13:14:33,17.53,0.01,344,603032,买盘
995,13:14:28,17.52,--,2,3504,卖盘
996,13:14:23,17.52,--,3,5256,卖盘
997,13:14:18,17.52,--,1,1752,卖盘
998,13:14:13,17.52,--,3,5256,卖盘
999,13:14:08,17.52,--,6,10512,卖盘
1000,13:14:03,17.52,0.01,20,35880,买盘
1001,13:13:58,17.51,-0.01,1,1751,卖盘
1002,13:13:48,17.52,--,1,2663,卖盘
1003,13:13:43,17.52,--,33,57816,卖盘
1004,13:13:33,17.52,0.01,30,53400,买盘
1005,13:13:28,17.51,--,1,1751,卖盘
1006,13:13:23,17.51,--,3,5253,卖盘
1007,13:13:18,17.51,--,8,14008,卖盘
1008,13:13:13,17.51,-0.01,10,17510,卖盘
1009,13:13:03,17.52,--,35,61320,买盘
1010,13:12:58,17.52,0.01,19,33288,买盘
1011,13:12:53,17.51,-0.01,3,5253,卖盘
1012,13:12:43,17.52,-0.01,36,63983,卖盘
1013,13:12:38,17.53,--,42,73626,买盘
1014,13:12:33,17.53,--,3,5259,买盘
1015,13:12:28,17.53,0.01,6,10518,买盘
1016,13:12:23,17.52,--,9,15768,卖盘
1017,13:12:13,17.52,--,3,5256,卖盘
1018,13:12:08,17.52,-0.01,45,78840,卖盘
1019,13:12:02,17.53,--,11,19283,买盘
1020,13:11:58,17.53,0.01,4,7012,买盘
1021,13:11:53,17.52,--,8,14016,卖盘
1022,13:11:47,17.52,--,1,1752,卖盘
1023,13:11:43,17.52,-0.01,4,7008,卖盘
1024,13:11:38,17.53,0.01,38,66614,买盘
1025,13:11:32,17.52,--,14,24528,卖盘
1026,13:11:28,17.52,--,4,7008,卖盘
1027,13:11:23,17.52,-0.01,9,15768,卖盘
1028,13:11:13,17.53,0.01,7,12271,买盘
1029,13:11:08,17.52,--,35,61320,卖盘
1030,13:11:02,17.52,-0.01,1,1752,卖盘
1031,13:10:58,17.53,--,30,52590,卖盘
1032,13:10:53,17.53,--,8,14024,卖盘
1033,13:10:43,17.53,--,3,5259,卖盘
1034,13:10:38,17.53,0.01,5,8765,中性盘
1035,13:10:32,17.52,--,3,5256,卖盘
1036,13:10:28,17.52,-0.01,6,10512,卖盘
1037,13:10:23,17.53,--,20,35060,卖盘
1038,13:10:17,17.53,--,1,1753,卖盘
1039,13:10:13,17.53,--,23,40319,卖盘
1040,13:10:02,17.53,-0.01,4,7012,中性盘
1041,13:09:58,17.54,0.02,8,14032,买盘
1042,13:09:53,17.52,-0.01,3,5256,卖盘
1043,13:09:43,17.53,--,3,5259,卖盘
1044,13:09:38,17.53,0.01,33,57849,买盘
1045,13:09:32,17.52,--,7,12264,卖盘
1046,13:09:28,17.52,--,1,1752,卖盘
1047,13:09:23,17.52,--,3,5256,卖盘
1048,13:09:13,17.52,-0.01,3,5256,卖盘
1049,13:09:08,17.53,--,35,61355,买盘
1050,13:09:02,17.53,--,10,17530,买盘
1051,13:08:58,17.53,0.01,8,14024,买盘
1052,13:08:53,17.52,-0.01,9,15768,卖盘
1053,13:08:42,17.53,--,6,10518,买盘
1054,13:08:37,17.53,0.01,37,64861,买盘
1055,13:08:32,17.52,--,3,5256,卖盘
1056,13:08:22,17.52,-0.02,3,5256,卖盘
1057,13:08:12,17.54,0.01,13,22802,买盘
1058,13:08:07,17.53,0.01,23,40319,买盘
1059,13:08:02,17.52,--,3,5256,卖盘
1060,13:07:57,17.52,--,5,8760,卖盘
1061,13:07:52,17.52,--,9,16608,卖盘
1062,13:07:42,17.52,-0.02,3,5256,卖盘
1063,13:07:37,17.54,--,32,56128,买盘
1064,13:07:32,17.54,--,16,28064,买盘
1065,13:07:27,17.54,0.02,7,12278,买盘
1066,13:07:22,17.52,--,41,71832,买盘
1067,13:07:17,17.52,--,2,3504,买盘
1068,13:07:12,17.52,-0.02,4,7008,卖盘
1069,13:07:07,17.54,0.02,35,61390,买盘
1070,13:07:02,17.52,-0.02,7,12264,卖盘
1071,13:06:57,17.54,--,165,289410,买盘
1072,13:06:52,17.54,0.02,6,10524,买盘
1073,13:06:42,17.52,-0.02,7,12264,卖盘
1074,13:06:37,17.54,0.03,32,56128,买盘
1075,13:06:32,17.51,--,3,5253,卖盘
1076,13:06:27,17.51,--,0,0,卖盘
1077,13:06:22,17.51,--,3,5253,卖盘
1078,13:06:12,17.51,-0.03,8,14008,卖盘
1079,13:06:07,17.54,--,33,57882,买盘
1080,13:06:02,17.54,0.03,8,14032,买盘
1081,13:05:57,17.51,-0.02,5,8755,卖盘
1082,13:05:52,17.53,-0.01,2,3506,中性盘
1083,13:05:47,17.54,0.01,279,489366,买盘
1084,13:05:42,17.53,--,12,21106,买盘
1085,13:05:37,17.53,0.02,273,478569,买盘
1086,13:05:32,17.51,-0.02,3,5253,卖盘
1087,13:05:27,17.53,0.02,4,7012,买盘
1088,13:05:22,17.51,--,10,17510,卖盘
1089,13:05:17,17.51,--,5,8755,卖盘
1090,13:05:12,17.51,-0.01,23,40273,卖盘
1091,13:05:07,17.52,0.01,39,68328,中性盘
1092,13:05:02,17.51,-0.01,3,5253,卖盘
1093,13:04:52,17.52,--,3,5256,卖盘
1094,13:04:47,17.52,--,11,19272,中性盘
1095,13:04:41,17.52,-0.01,3,5256,卖盘
1096,13:04:37,17.53,0.01,32,56096,买盘
1097,13:04:32,17.52,--,15,26280,卖盘
1098,13:04:22,17.52,--,14,24528,卖盘
1099,13:04:17,17.52,--,39,68328,卖盘
1100,13:04:11,17.52,--,3,5256,卖盘
1101,13:04:02,17.52,--,10,17520,卖盘
1102,13:03:56,17.52,--,21,36792,买盘
1103,13:03:52,17.52,--,0,0,买盘
1104,13:03:47,17.52,--,6,10512,卖盘
1105,13:03:41,17.52,-0.01,3,5256,卖盘
1106,13:03:37,17.53,0.01,46,80638,买盘
1107,13:03:32,17.52,0.01,8,14016,卖盘
1108,13:03:26,17.51,--,0,0,卖盘
1109,13:03:22,17.51,--,49,85799,卖盘
1110,13:03:11,17.51,-0.02,3,5253,卖盘
1111,13:03:07,17.53,0.02,31,54343,买盘
1112,13:03:02,17.51,-0.01,8,14008,卖盘
1113,13:02:56,17.52,--,0,0,买盘
1114,13:02:52,17.52,0.01,7,12264,买盘
1115,13:02:41,17.51,-0.02,7,12257,卖盘
1116,13:02:37,17.53,0.01,36,63108,买盘
1117,13:02:31,17.52,--,12,21024,卖盘
1118,13:02:22,17.52,--,8,14016,卖盘
1119,13:02:17,17.52,--,4,7008,卖盘
1120,13:02:11,17.52,-0.01,3,5256,卖盘
1121,13:02:07,17.53,0.01,35,61355,买盘
1122,13:02:02,17.52,--,7,12264,卖盘
1123,13:01:52,17.52,--,8,14016,卖盘
1124,13:01:41,17.52,--,3,5256,卖盘
1125,13:01:37,17.52,0.02,57,99864,买盘
1126,13:01:31,17.5,--,12,21000,卖盘
1127,13:01:21,17.5,--,3,5250,卖盘
1128,13:01:16,17.5,-0.02,3,5250,卖盘
1129,13:01:01,17.52,0.02,6,10512,买盘
1130,13:00:56,17.5,--,4,7000,卖盘
1131,13:00:51,17.5,--,7,12250,卖盘
1132,13:00:41,17.5,-0.02,3,5250,卖盘
1133,13:00:31,17.52,0.02,20,35040,买盘
1134,13:00:21,17.5,--,3,5250,卖盘
1135,13:00:11,17.5,--,18,31500,卖盘
1136,13:00:06,17.5,--,226,396707,卖盘
1137,13:00:01,17.5,--,3,5250,卖盘
1138,11:30:00,17.5,--,0,0,卖盘
1139,11:30:00,17.5,0.02,3,5250,卖盘
1140,11:29:56,17.48,--,3,5244,卖盘
1141,11:29:51,17.48,--,3,5244,卖盘
1142,11:29:47,17.48,-0.04,20,34960,卖盘
1143,11:29:41,17.52,0.04,7,12264,买盘
1144,11:29:32,17.48,--,3,5244,卖盘
1145,11:29:21,17.48,-0.04,3,5244,卖盘
1146,11:29:17,17.52,0.04,5,8760,买盘
1147,11:29:11,17.48,--,3,5244,卖盘
1148,11:29:02,17.48,--,3,5244,卖盘
1149,11:28:56,17.48,--,4,6992,卖盘
1150,11:28:51,17.48,--,3,5244,卖盘
1151,11:28:41,17.48,--,3,5244,卖盘
1152,11:28:36,17.48,--,5,8740,卖盘
1153,11:28:32,17.48,--,3,5244,卖盘
1154,11:28:21,17.48,--,3,5244,卖盘
1155,11:28:11,17.48,--,3,5244,卖盘
1156,11:28:02,17.48,--,3,5244,卖盘
1157,11:27:51,17.48,--,7,12236,卖盘
1158,11:27:41,17.48,--,3,5244,卖盘
1159,11:27:32,17.48,-0.01,3,5244,卖盘
1160,11:27:21,17.49,-0.04,2,3497,卖盘
1161,11:27:17,17.53,0.04,4,7012,买盘
1162,11:27:11,17.49,--,4,6995,卖盘
1163,11:27:02,17.49,--,3,5246,卖盘
1164,11:26:51,17.49,-0.02,7,12242,卖盘
1165,11:26:41,17.51,--,0,0,买盘
1166,11:26:36,17.51,--,0,0,买盘
1167,11:26:32,17.51,-0.02,5,8755,卖盘
1168,11:26:26,17.53,0.02,20,35060,买盘
1169,11:26:21,17.51,-0.01,16,28016,卖盘
1170,11:26:17,17.52,0.01,70,122640,买盘
1171,11:26:11,17.51,0.01,28,49028,卖盘
1172,11:26:06,17.5,--,0,0,卖盘
1173,11:26:01,17.5,0.01,25,43750,卖盘
1174,11:25:51,17.49,-0.01,6,10493,卖盘
1175,11:25:47,17.5,0.02,4,7000,买盘
1176,11:25:41,17.48,--,3,5244,卖盘
1177,11:25:31,17.48,-0.02,3,5244,卖盘
1178,11:25:26,17.5,0.02,8,14000,买盘
1179,11:25:11,17.48,--,3,5244,卖盘
1180,11:25:01,17.48,--,7,12236,卖盘
1181,11:24:51,17.48,-0.01,3,5244,卖盘
1182,11:24:41,17.49,-0.03,2,3497,卖盘
1183,11:24:36,17.52,0.03,5,8760,买盘
1184,11:24:31,17.49,--,7,12242,卖盘
1185,11:24:26,17.49,-0.02,1,1748,卖盘
1186,11:24:21,17.51,--,3,5253,卖盘
1187,11:24:11,17.51,--,7,12257,卖盘
1188,11:24:06,17.51,0.01,2,3502,买盘
1189,11:24:01,17.5,--,8,14000,中性盘
1190,11:23:56,17.5,0.02,1,1750,买盘
1191,11:23:51,17.48,-0.02,3,5244,卖盘
1192,11:23:41,17.5,0.02,10,17500,买盘
1193,11:23:31,17.48,--,3,5244,卖盘
1194,11:23:20,17.48,--,7,12236,卖盘
1195,11:23:15,17.48,--,70,122360,卖盘
1196,11:23:11,17.48,--,3,5244,卖盘
1197,11:23:05,17.48,--,13,22724,卖盘
1198,11:23:00,17.48,-0.02,3,5244,卖盘
1199,11:22:56,17.5,0.02,14,24500,买盘
1200,11:22:50,17.48,-0.01,3,5244,卖盘
1201,11:22:41,17.49,--,3,5246,卖盘
1202,11:22:30,17.49,--,3,5246,卖盘
1203,11:22:20,17.49,--,3,5246,卖盘
1204,11:22:11,17.49,-0.04,5,8745,卖盘
1205,11:22:05,17.53,0.04,6,10518,买盘
1206,11:22:00,17.49,-0.01,8,13991,卖盘
1207,11:21:56,17.5,0.01,10,17500,买盘
1208,11:21:50,17.49,--,3,5246,卖盘
1209,11:21:45,17.49,-0.01,10,17490,卖盘
1210,11:21:41,17.5,--,5,8750,买盘
1211,11:21:35,17.5,0.01,5,8750,买盘
1212,11:21:30,17.49,--,3,5246,卖盘
1213,11:21:26,17.49,--,0,0,卖盘
1214,11:21:20,17.49,-0.04,9,15740,卖盘
1215,11:21:11,17.53,0.03,8,14024,买盘
1216,11:21:05,17.5,0.01,10,17500,买盘
1217,11:21:00,17.49,-0.01,3,5246,卖盘
1218,11:20:56,17.5,--,0,0,中性盘
1219,11:20:50,17.5,0.01,102,178500,买盘
1220,11:20:45,17.49,0.01,4,6995,买盘
1221,11:20:41,17.48,--,3,5244,卖盘
1222,11:20:30,17.48,--,3,5244,卖盘
1223,11:20:20,17.48,--,3,5244,卖盘
1224,11:20:11,17.48,--,3,5244,卖盘
1225,11:20:05,17.48,--,61,106628,卖盘
1226,11:20:00,17.48,-0.01,3,5244,卖盘
1227,11:19:55,17.49,0.02,92,161660,买盘
1228,11:19:50,17.47,-0.01,3,5241,卖盘
1229,11:19:45,17.48,0.01,4,6992,买盘
1230,11:19:41,17.47,-0.01,3,5241,卖盘
1231,11:19:35,17.48,0.01,1,1748,买盘
1232,11:19:30,17.47,--,3,5241,卖盘
1233,11:19:20,17.47,--,8,13976,卖盘
1234,11:19:10,17.47,-0.01,3,5241,卖盘
1235,11:18:55,17.48,-0.01,106,186284,卖盘
1236,11:18:50,17.49,--,3,5246,卖盘
1237,11:18:40,17.49,-0.01,3,5246,卖盘
1238,11:18:30,17.5,--,1,1750,卖盘
1239,11:18:20,17.5,--,7,12250,卖盘
1240,11:18:10,17.5,--,33,57750,卖盘
1241,11:18:05,17.5,--,4,7000,卖盘
1242,11:18:00,17.5,-0.03,3,5250,卖盘
1243,11:17:55,17.53,0.03,5,8765,买盘
1244,11:17:50,17.5,--,3,5250,卖盘
1245,11:17:40,17.5,--,3,5250,卖盘
1246,11:17:30,17.5,-0.03,3,5250,卖盘
1247,11:17:25,17.53,0.03,79,138487,买盘
1248,11:17:20,17.5,--,7,12250,卖盘
1249,11:17:10,17.5,-0.03,3,5250,卖盘
1250,11:17:05,17.53,0.03,5,8765,买盘
1251,11:17:00,17.5,-0.03,3,5250,卖盘
1252,11:16:50,17.53,0.01,204,357612,买盘
1253,11:16:45,17.52,0.02,90,157680,买盘
1254,11:16:40,17.5,--,7,12250,卖盘
1255,11:16:35,17.5,--,9,15750,卖盘
1256,11:16:29,17.5,--,3,5250,卖盘
1257,11:16:19,17.5,--,3,5250,卖盘
1258,11:16:14,17.5,--,6,10500,卖盘
1259,11:16:10,17.5,--,6,10500,卖盘
1260,11:15:59,17.5,--,36,63000,卖盘
1261,11:15:50,17.5,--,47,82250,卖盘
1262,11:15:44,17.5,--,3,5250,卖盘
1263,11:15:39,17.5,--,4,7000,卖盘
1264,11:15:29,17.5,-0.03,3,5250,卖盘
1265,11:15:24,17.53,0.03,4,7012,买盘
1266,11:15:20,17.5,--,3,5250,卖盘
1267,11:15:14,17.5,--,3,5250,卖盘
1268,11:15:05,17.5,--,5,8750,卖盘
1269,11:14:59,17.5,--,7,12250,卖盘
1270,11:14:50,17.5,--,8,14000,卖盘
1271,11:14:44,17.5,-0.03,3,5250,卖盘
1272,11:14:35,17.53,0.03,35,61355,买盘
1273,11:14:29,17.5,--,3,5250,卖盘
1274,11:14:20,17.5,-0.03,8,14000,卖盘
1275,11:14:14,17.53,-0.01,14,24542,买盘
1276,11:14:05,17.54,0.03,40,70160,买盘
1277,11:13:59,17.51,--,28,50621,卖盘
1278,11:13:54,17.51,--,4,7004,卖盘
1279,11:13:49,17.51,-0.03,3,5253,卖盘
1280,11:13:44,17.54,0.01,8,14032,买盘
1281,11:13:39,17.53,--,19,35042,卖盘
1282,11:13:35,17.53,--,25,43842,中性盘
1283,11:13:29,17.53,--,97,170041,买盘
1284,11:13:19,17.53,--,9,15777,买盘
1285,11:13:14,17.53,--,7,12271,买盘
1286,11:13:05,17.53,0.02,43,75379,买盘
1287,11:12:54,17.51,--,5,8755,卖盘
1288,11:12:49,17.51,--,3,5253,卖盘
1289,11:12:44,17.51,--,3,5253,卖盘
1290,11:12:34,17.51,0.01,19,33426,买盘
1291,11:12:29,17.5,--,3,5250,卖盘
1292,11:12:19,17.5,-0.01,13,22750,卖盘
1293,11:12:14,17.51,0.01,8,14008,买盘
1294,11:12:09,17.5,-0.01,8,14000,卖盘
1295,11:12:04,17.51,0.01,35,61285,买盘
1296,11:11:59,17.5,--,103,180250,卖盘
1297,11:11:49,17.5,-0.01,7,12250,卖盘
1298,11:11:34,17.51,-0.01,57,101400,卖盘
1299,11:11:29,17.52,0.01,3,5256,中性盘
1300,11:11:24,17.51,--,9,15759,卖盘
1301,11:11:19,17.51,--,3,5253,卖盘
1302,11:11:14,17.51,--,17,29767,卖盘
1303,11:11:04,17.51,0.01,2,3659,买盘
1304,11:10:59,17.5,-0.01,3,5250,卖盘
1305,11:10:49,17.51,--,0,1593,卖盘
1306,11:10:44,17.51,--,0,0,卖盘
1307,11:10:39,17.51,-0.02,4,7004,卖盘
1308,11:10:34,17.53,0.01,55,97922,买盘
1309,11:10:29,17.52,--,3,5256,卖盘
1310,11:10:24,17.52,0.01,465,814995,买盘
1311,11:10:19,17.51,--,3,5253,卖盘
1312,11:10:14,17.51,-0.01,13,22763,卖盘
1313,11:10:09,17.52,0.01,4,7008,买盘
1314,11:10:04,17.51,0.01,27,47364,买盘
1315,11:09:59,17.5,-0.01,7,12250,卖盘
1316,11:09:49,17.51,--,7,12257,卖盘
1317,11:09:44,17.51,-0.01,6,10506,卖盘
1318,11:09:34,17.52,--,35,61320,买盘
1319,11:09:29,17.52,--,11,19272,卖盘
1320,11:09:19,17.52,--,22,38544,卖盘
1321,11:09:14,17.52,--,8,14016,卖盘
1322,11:09:04,17.52,0.02,13,22776,买盘
1323,11:08:59,17.5,-0.03,3,5250,卖盘
1324,11:08:49,17.53,0.01,8,14024,买盘
1325,11:08:38,17.52,-0.01,4,7008,卖盘
1326,11:08:34,17.53,0.01,35,61355,买盘
1327,11:08:29,17.52,--,12,21024,卖盘
1328,11:08:19,17.52,--,4,7008,卖盘
1329,11:08:14,17.52,--,9,15768,卖盘
1330,11:08:04,17.52,0.02,11,19272,买盘
1331,11:07:59,17.5,--,7,12250,卖盘
1332,11:07:53,17.5,--,3,5250,卖盘
1333,11:07:44,17.5,--,12,21000,卖盘
1334,11:07:38,17.5,--,70,122500,卖盘
1335,11:07:33,17.5,--,3,5250,卖盘
1336,11:07:23,17.5,--,3,5250,卖盘
1337,11:07:14,17.5,--,3,5250,卖盘
1338,11:07:08,17.5,0.01,4,7000,买盘
1339,11:07:03,17.49,-0.01,3,5246,卖盘
1340,11:06:59,17.5,0.01,5,8750,买盘
1341,11:06:53,17.49,--,3,5246,卖盘
1342,11:06:44,17.49,-0.05,3,5246,卖盘
1343,11:06:38,17.54,0.05,52,91208,买盘
1344,11:06:33,17.49,-0.05,8,13991,卖盘
1345,11:06:28,17.54,0.05,10,17540,买盘
1346,11:06:23,17.49,--,3,5246,卖盘
1347,11:06:14,17.49,-0.04,54,94445,卖盘
1348,11:06:08,17.53,0.01,22,39319,买盘
1349,11:06:03,17.52,-0.01,3,5256,卖盘
1350,11:05:59,17.53,0.01,10,17530,买盘
1351,11:05:53,17.52,--,16,28032,卖盘
1352,11:05:43,17.52,-0.01,57,99864,卖盘
1353,11:05:38,17.53,0.02,36,63108,买盘
1354,11:05:33,17.51,-0.02,3,5253,卖盘
1355,11:05:28,17.53,0.02,146,255938,买盘
1356,11:05:23,17.51,--,3,5253,卖盘
1357,11:05:13,17.51,--,3,5253,卖盘
1358,11:05:07,17.51,0.01,4,7004,卖盘
1359,11:05:03,17.5,-0.02,3,5250,卖盘
1360,11:04:58,17.52,0.02,5,8760,买盘
1361,11:04:53,17.5,0.01,7,12250,买盘
1362,11:04:48,17.49,--,3,5246,卖盘
1363,11:04:43,17.49,-0.03,3,5246,卖盘
1364,11:04:38,17.52,--,35,61320,买盘
1365,11:04:33,17.52,0.03,11,19272,买盘
1366,11:04:23,17.49,--,7,12242,卖盘
1367,11:04:13,17.49,-0.01,328,573672,卖盘
1368,11:04:07,17.5,-0.02,50,87500,买盘
1369,11:03:58,17.52,--,0,0,买盘
1370,11:03:53,17.52,0.02,4,7008,买盘
1371,11:03:48,17.5,-0.01,552,966000,卖盘
1372,11:03:43,17.51,--,19,33566,卖盘
1373,11:03:37,17.51,0.01,15,27718,买盘
1374,11:03:33,17.5,--,3,5250,卖盘
1375,11:03:23,17.5,--,10,17500,卖盘
1376,11:03:13,17.5,-0.01,67,117250,卖盘
1377,11:03:08,17.51,0.01,400,700400,买盘
1378,11:03:03,17.5,-0.01,3,5250,卖盘
1379,11:02:58,17.51,0.02,4,7004,买盘
1380,11:02:53,17.49,-0.01,3,5246,卖盘
1381,11:02:43,17.5,--,2,3500,卖盘
1382,11:02:38,17.5,--,36,63000,卖盘
1383,11:02:31,17.5,-0.01,7,12250,卖盘
1384,11:02:28,17.51,0.01,9,15759,买盘
1385,11:02:23,17.5,--,18,31500,卖盘
1386,11:02:13,17.5,-0.01,3,5250,卖盘
1387,11:02:08,17.51,0.02,10,17510,买盘
1388,11:02:02,17.49,--,3,5246,卖盘
1389,11:01:52,17.49,--,9,15740,卖盘
1390,11:01:46,17.49,--,72,125927,卖盘
1391,11:01:43,17.49,-0.01,3,5246,卖盘
1392,11:01:37,17.5,0.01,4,7000,中性盘
1393,11:01:32,17.49,-0.02,3,5246,卖盘
1394,11:01:28,17.51,0.02,150,262650,买盘
1395,11:01:23,17.49,-0.01,3,5246,卖盘
1396,11:01:17,17.5,--,0,0,买盘
1397,11:01:13,17.5,--,7,12250,买盘
1398,11:01:08,17.5,0.01,55,96250,买盘
1399,11:01:02,17.49,-0.01,3,5246,卖盘
1400,11:00:58,17.5,0.01,50,87500,买盘
1401,11:00:53,17.49,-0.01,3,5246,卖盘
1402,11:00:47,17.5,0.01,4,7000,买盘
1403,11:00:43,17.49,--,3,5246,卖盘
1404,11:00:32,17.49,--,3,5246,卖盘
1405,11:00:22,17.49,--,27,47222,卖盘
1406,11:00:17,17.49,-0.01,3,5246,卖盘
1407,11:00:08,17.5,0.01,100,175000,买盘
1408,11:00:01,17.49,-0.01,3,5246,卖盘
1409,10:59:57,17.5,0.01,8,14000,买盘
1410,10:59:52,17.49,-0.02,3,5246,卖盘
1411,10:59:47,17.51,0.01,7,12257,买盘
1412,10:59:37,17.5,0.02,7,12250,买盘
1413,10:59:31,17.48,-0.02,7,12236,卖盘
1414,10:59:27,17.5,0.02,50,87500,买盘
1415,10:59:22,17.48,--,157,274436,卖盘
1416,10:59:12,17.48,-0.02,3,5244,卖盘
1417,10:59:01,17.5,--,37,65047,卖盘
1418,10:58:57,17.5,-0.01,4,7000,卖盘
1419,10:58:52,17.51,--,70,122570,卖盘
1420,10:58:46,17.51,--,200,350200,卖盘
1421,10:58:42,17.51,--,53,92803,卖盘
1422,10:58:31,17.51,--,4,7004,卖盘
1423,10:58:27,17.51,--,10,17510,卖盘
1424,10:58:22,17.51,--,3,5253,卖盘
1425,10:58:16,17.51,--,27,47277,卖盘
1426,10:58:12,17.51,--,8,14008,卖盘
1427,10:58:07,17.51,--,28,49028,卖盘
1428,10:58:01,17.51,--,4,7004,卖盘
1429,10:57:57,17.51,--,4,7004,卖盘
1430,10:57:52,17.51,--,11,19261,卖盘
1431,10:57:46,17.51,--,10,17510,卖盘
1432,10:57:42,17.51,--,23,40273,卖盘
1433,10:57:37,17.51,--,95,166345,卖盘
1434,10:57:31,17.51,--,3,5253,卖盘
1435,10:57:22,17.51,--,7,12257,卖盘
1436,10:57:16,17.51,--,25,43775,卖盘
1437,10:57:12,17.51,--,18,31518,卖盘
1438,10:57:07,17.51,--,60,105060,卖盘
1439,10:57:01,17.51,--,29,50779,卖盘
1440,10:56:57,17.51,-0.01,52,91052,卖盘
1441,10:56:31,17.52,--,21,36792,卖盘
1442,10:56:22,17.52,--,3,5256,卖盘
1443,10:56:16,17.52,--,40,70080,卖盘
1444,10:56:10,17.52,--,302,529104,卖盘
1445,10:56:01,17.52,-0.01,3,5256,卖盘
1446,10:55:52,17.53,--,27,47331,买盘
1447,10:55:46,17.53,0.01,6,10518,买盘
1448,10:55:40,17.52,--,3,5256,卖盘
1449,10:55:31,17.52,--,3,5256,卖盘
1450,10:55:25,17.52,--,5,8760,卖盘
1451,10:55:22,17.52,--,53,92856,卖盘
1452,10:55:10,17.52,--,10,17520,卖盘
1453,10:55:07,17.52,--,54,94608,卖盘
1454,10:55:01,17.52,--,3,5256,卖盘
1455,10:54:52,17.52,--,5,8760,卖盘
1456,10:54:46,17.52,--,32,56064,卖盘
1457,10:54:40,17.52,--,3,5256,卖盘
1458,10:54:31,17.52,--,7,12264,卖盘
1459,10:54:22,17.52,--,9,15768,卖盘
1460,10:54:16,17.52,--,15,26280,卖盘
1461,10:54:10,17.52,--,3,5256,卖盘
1462,10:54:07,17.52,0.01,10,17520,买盘
1463,10:54:01,17.51,--,41,71791,卖盘
1464,10:53:52,17.51,--,10,17510,卖盘
1465,10:53:46,17.51,--,5,8755,卖盘
1466,10:53:40,17.51,--,7,12257,卖盘
1467,10:53:37,17.51,--,4,7004,卖盘
1468,10:53:31,17.51,--,3,5253,卖盘
1469,10:53:22,17.51,--,3,5253,卖盘
1470,10:53:16,17.51,--,13,22763,卖盘
1471,10:53:01,17.51,--,3,5253,卖盘
1472,10:52:55,17.51,--,60,105060,卖盘
1473,10:52:46,17.51,--,5,8755,卖盘
1474,10:52:40,17.51,--,3,5253,卖盘
1475,10:52:31,17.51,--,3,5253,卖盘
1476,10:52:25,17.51,--,3,5253,卖盘
1477,10:52:10,17.51,-0.02,7,12257,卖盘
1478,10:52:06,17.53,0.02,47,82391,买盘
1479,10:52:01,17.51,--,13,22763,卖盘
1480,10:51:55,17.51,-0.01,7,12257,卖盘
1481,10:51:46,17.52,0.01,22,38544,买盘
1482,10:51:40,17.51,--,13,22763,卖盘
1483,10:51:31,17.51,--,5,8755,卖盘
1484,10:51:25,17.51,--,4,7004,卖盘
1485,10:51:21,17.51,--,261,457011,卖盘
1486,10:51:10,17.51,--,4,7004,卖盘
1487,10:51:06,17.51,--,2,3502,卖盘
1488,10:51:01,17.51,--,8,14008,卖盘
1489,10:50:51,17.51,0.01,17,29767,买盘
1490,10:50:46,17.5,--,13,24202,买盘
1491,10:50:36,17.5,--,44,77297,卖盘
1492,10:50:31,17.5,--,3,5250,卖盘
1493,10:50:21,17.5,--,3,5250,卖盘
1494,10:50:10,17.5,--,81,143202,卖盘
1495,10:50:01,17.5,--,1033,1807750,卖盘
1496,10:49:55,17.5,--,0,0,卖盘
1497,10:49:51,17.5,-0.01,3,5250,卖盘
1498,10:49:46,17.51,--,19,33269,买盘
1499,10:49:40,17.51,--,9,15759,买盘
1500,10:49:31,17.51,--,0,0,中性盘
1501,10:49:25,17.51,--,50,87550,卖盘
1502,10:49:19,17.51,--,3,5253,卖盘
1503,10:49:16,17.51,--,9,15759,卖盘
1504,10:49:10,17.51,--,12,21012,买盘
1505,10:49:04,17.51,0.01,200,350200,买盘
1506,10:49:01,17.5,--,3,5250,卖盘
1507,10:48:55,17.5,0.01,11,19250,买盘
1508,10:48:40,17.49,--,703,1229547,卖盘
1509,10:48:31,17.49,0.04,221,386528,买盘
1510,10:48:25,17.45,--,3,5235,卖盘
1511,10:48:10,17.45,--,3,5235,卖盘
1512,10:48:01,17.45,--,3,5235,卖盘
1513,10:47:55,17.45,--,3,5235,卖盘
1514,10:47:40,17.45,--,3,5235,卖盘
1515,10:47:34,17.45,--,1,1745,卖盘
1516,10:47:31,17.45,--,3,5235,卖盘
1517,10:47:25,17.45,--,12,20940,卖盘
1518,10:47:10,17.45,--,3,5235,卖盘
1519,10:47:01,17.45,-0.03,3,5235,卖盘
1520,10:46:55,17.48,0.03,6,10488,买盘
1521,10:46:49,17.45,--,3,5235,卖盘
1522,10:46:40,17.45,-0.01,3,5235,卖盘
1523,10:46:31,17.46,--,3,5238,卖盘
1524,10:46:25,17.46,--,4,6984,卖盘
1525,10:46:19,17.46,--,3,5238,卖盘
1526,10:46:10,17.46,--,4,6984,买盘
1527,10:46:01,17.46,--,2,3492,卖盘
1528,10:45:55,17.46,--,10,17460,卖盘
1529,10:45:49,17.46,--,3,5238,卖盘
1530,10:45:45,17.46,--,7,12222,买盘
1531,10:45:34,17.46,--,16,27936,买盘
1532,10:45:19,17.46,--,6,10476,卖盘
1533,10:45:10,17.46,--,3,5238,卖盘
1534,10:45:04,17.46,-0.03,8,13968,卖盘
1535,10:45:00,17.49,0.04,5,8745,买盘
1536,10:44:55,17.45,--,0,0,卖盘
1537,10:44:49,17.45,--,3,5235,卖盘
1538,10:44:40,17.45,--,3,5235,卖盘
1539,10:44:30,17.45,-0.04,52,90740,卖盘
1540,10:44:25,17.49,--,10,17490,卖盘
1541,10:44:19,17.49,--,3,5246,卖盘
1542,10:44:10,17.49,--,66,115433,卖盘
1543,10:44:04,17.49,--,3,5246,卖盘
1544,10:44:00,17.49,--,20,34980,买盘
1545,10:43:55,17.49,--,168,293832,买盘
1546,10:43:40,17.49,0.01,53,92696,买盘
1547,10:43:34,17.48,-0.01,3,5244,卖盘
1548,10:43:25,17.49,0.01,5,8745,买盘
1549,10:43:19,17.48,--,29,50692,卖盘
1550,10:43:10,17.48,--,3,5244,卖盘
1551,10:43:04,17.48,--,130,227240,买盘
1552,10:42:55,17.48,0.01,2,3496,买盘
1553,10:42:49,17.47,--,3,5241,卖盘
1554,10:42:39,17.47,--,3,5241,卖盘
1555,10:42:34,17.47,--,3,5241,卖盘
1556,10:42:19,17.47,--,3,5241,卖盘
1557,10:42:09,17.47,--,3,5241,卖盘
1558,10:42:04,17.47,--,6,10482,卖盘
1559,10:41:54,17.47,0.01,155,270785,买盘
1560,10:41:43,17.46,--,1,1746,卖盘
1561,10:41:39,17.46,--,3,5238,卖盘
1562,10:41:34,17.46,--,3,5238,卖盘
1563,10:41:24,17.46,--,3,5238,卖盘
1564,10:41:19,17.46,--,13,22698,卖盘
1565,10:41:09,17.46,--,3,5238,卖盘
1566,10:41:04,17.46,--,14,24444,买盘
1567,10:40:58,17.46,0.01,10,17460,买盘
1568,10:40:54,17.45,--,50,87250,卖盘
1569,10:40:39,17.45,--,203,354235,卖盘
1570,10:40:34,17.45,--,7,12215,卖盘
1571,10:40:24,17.45,--,3,5235,卖盘
1572,10:40:09,17.45,--,3,5235,卖盘
1573,10:40:04,17.45,--,3,5235,卖盘
1574,10:39:58,17.45,--,5,8725,卖盘
1575,10:39:49,17.45,--,13,22685,卖盘
1576,10:39:39,17.45,--,15,26175,卖盘
1577,10:39:34,17.45,--,3,5235,卖盘
1578,10:39:19,17.45,--,3,5235,卖盘
1579,10:39:09,17.45,--,3,5235,卖盘
1580,10:39:04,17.45,--,3,5235,卖盘
1581,10:38:58,17.45,--,5,8725,卖盘
1582,10:38:49,17.45,--,3,5235,卖盘
1583,10:38:39,17.45,--,3,5235,卖盘
1584,10:38:34,17.45,--,3,5235,卖盘
1585,10:38:19,17.45,--,3,5235,卖盘
1586,10:38:09,17.45,--,3,5235,卖盘
1587,10:38:04,17.45,--,3,5235,卖盘
1588,10:37:54,17.45,0.01,10,17450,买盘
1589,10:37:49,17.44,-0.02,3,5232,卖盘
1590,10:37:39,17.46,--,0,0,买盘
1591,10:37:34,17.46,0.01,8,13968,买盘
1592,10:37:19,17.45,--,203,354235,卖盘
1593,10:37:13,17.45,-0.01,10,17450,卖盘
1594,10:37:04,17.46,--,12,20952,买盘
1595,10:36:58,17.46,0.01,5,8730,买盘
1596,10:36:54,17.45,--,14,24430,卖盘
1597,10:36:49,17.45,--,23,40135,卖盘
1598,10:36:43,17.45,--,3,5235,卖盘
1599,10:36:34,17.45,--,84,146580,卖盘
1600,10:36:19,17.45,--,13,22685,卖盘
1601,10:36:13,17.45,--,14,24430,卖盘
1602,10:36:04,17.45,--,3,5235,卖盘
1603,10:35:49,17.45,--,19,33155,卖盘
1604,10:35:43,17.45,--,29,50605,卖盘
1605,10:35:34,17.45,-0.01,45,78525,卖盘
1606,10:35:28,17.46,--,244,426024,卖盘
1607,10:35:18,17.46,--,9,15714,卖盘
1608,10:35:13,17.46,-0.01,19,33174,卖盘
1609,10:35:07,17.47,0.01,2,3494,买盘
1610,10:35:03,17.46,-0.01,15,26190,卖盘
1611,10:34:58,17.47,0.01,2,3494,买盘
1612,10:34:52,17.46,--,29,50634,卖盘
1613,10:34:48,17.46,--,17,29682,卖盘
1614,10:34:43,17.46,-0.01,3,5238,卖盘
1615,10:34:37,17.47,0.01,5,8735,买盘
1616,10:34:33,17.46,-0.01,72,125712,卖盘
1617,10:34:22,17.47,0.01,1,1747,买盘
1618,10:34:18,17.46,-0.01,3,5238,卖盘
1619,10:34:13,17.47,0.01,7,12229,买盘
1620,10:34:03,17.46,--,3,5238,卖盘
1621,10:33:48,17.46,-0.01,3,5238,卖盘
1622,10:33:43,17.47,0.01,8,13976,买盘
1623,10:33:28,17.46,--,5,8730,卖盘
1624,10:33:18,17.46,--,36,62856,卖盘
1625,10:33:13,17.46,--,3,5238,卖盘
1626,10:32:58,17.46,--,3,5238,卖盘
1627,10:32:48,17.46,--,3,5238,卖盘
1628,10:32:43,17.46,--,19,33174,卖盘
1629,10:32:33,17.46,-0.01,3,5238,卖盘
1630,10:32:28,17.47,0.01,6,10482,买盘
1631,10:32:22,17.46,--,2,3492,卖盘
1632,10:32:18,17.46,-0.01,19,33174,卖盘
1633,10:32:13,17.47,0.01,7,12229,买盘
1634,10:32:07,17.46,-0.01,7,12222,卖盘
1635,10:32:03,17.47,0.01,2,3494,买盘
1636,10:31:58,17.46,--,3,5238,卖盘
1637,10:31:48,17.46,--,8,13968,卖盘
1638,10:31:43,17.46,--,3,5238,卖盘
1639,10:31:33,17.46,--,3,5238,卖盘
1640,10:31:28,17.46,-0.01,5,8730,卖盘
1641,10:31:22,17.47,0.01,14,24458,买盘
1642,10:31:18,17.46,--,3,5238,卖盘
1643,10:31:13,17.46,--,13,22698,卖盘
1644,10:31:03,17.46,--,3,5238,卖盘
1645,10:30:52,17.46,-0.01,10,17460,卖盘
1646,10:30:48,17.47,0.01,27,47169,买盘
1647,10:30:43,17.46,0.01,145,253170,买盘
1648,10:30:33,17.45,--,3,5235,卖盘
1649,10:30:28,17.45,--,15,26175,卖盘
1650,10:30:22,17.45,--,3,5235,卖盘
1651,10:30:13,17.45,--,3,5235,卖盘
1652,10:30:03,17.45,-0.01,13,22685,卖盘
1653,10:29:52,17.46,0.01,7,12222,买盘
1654,10:29:43,17.45,--,3,5235,卖盘
1655,10:29:33,17.45,--,3,5235,卖盘
1656,10:29:22,17.45,-0.01,20,34900,卖盘
1657,10:29:13,17.46,0.01,14,24444,买盘
1658,10:29:01,17.45,--,3,5235,卖盘
1659,10:28:58,17.45,--,2,4362,卖盘
1660,10:28:52,17.45,--,3,5235,卖盘
1661,10:28:43,17.45,--,3,5235,卖盘
1662,10:28:37,17.45,--,20,34900,卖盘
1663,10:28:31,17.45,--,3,5235,卖盘
1664,10:28:22,17.45,--,31,54095,卖盘
1665,10:28:13,17.45,--,53,92485,卖盘
1666,10:28:07,17.45,--,13,22685,卖盘
1667,10:28:01,17.45,--,3,5235,卖盘
1668,10:27:57,17.45,--,0,0,卖盘
1669,10:27:52,17.45,--,8,13960,卖盘
1670,10:27:42,17.45,-0.02,5,8725,卖盘
1671,10:27:37,17.47,0.02,4,6988,买盘
1672,10:27:27,17.45,--,3,5235,卖盘
1673,10:27:22,17.45,--,0,0,卖盘
1674,10:27:16,17.45,-0.01,300,523500,卖盘
1675,10:27:12,17.46,-0.01,3,5238,卖盘
1676,10:27:07,17.47,0.01,50,87350,买盘
1677,10:26:57,17.46,--,3,5238,卖盘
1678,10:26:52,17.46,--,3,5238,卖盘
1679,10:26:46,17.46,-0.01,45,78570,卖盘
1680,10:26:42,17.47,0.01,8,13976,中性盘
1681,10:26:37,17.46,--,6,10476,卖盘
1682,10:26:31,17.46,--,54,94284,卖盘
1683,10:26:27,17.46,-0.01,81,141426,卖盘
1684,10:26:22,17.47,--,7,12229,卖盘
1685,10:26:16,17.47,--,16,27952,卖盘
1686,10:26:12,17.47,-0.01,58,101326,卖盘
1687,10:26:07,17.48,--,37,64676,买盘
1688,10:26:01,17.48,0.01,15,26220,买盘
1689,10:25:57,17.47,-0.01,3,5241,卖盘
1690,10:25:46,17.48,--,8,13984,卖盘
1691,10:25:42,17.48,--,4,6992,卖盘
1692,10:25:37,17.48,--,6,10488,中性盘
1693,10:25:31,17.48,0.01,3,5244,卖盘
1694,10:25:27,17.47,-0.01,70,122289,卖盘
1695,10:25:22,17.48,--,30,52440,买盘
1696,10:25:16,17.48,--,10,17480,买盘
1697,10:25:12,17.48,0.01,17,29716,买盘
1698,10:24:57,17.47,--,3,5241,卖盘
1699,10:24:52,17.47,-0.01,3,5241,卖盘
1700,10:24:46,17.48,--,20,34960,买盘
1701,10:24:42,17.48,0.01,77,134596,买盘
1702,10:24:31,17.47,-0.01,3,5241,卖盘
1703,10:24:22,17.48,--,38,66424,买盘
1704,10:24:16,17.48,--,4,6992,买盘
1705,10:24:12,17.48,0.01,8,13984,买盘
1706,10:24:01,17.47,--,3,5241,卖盘
1707,10:23:57,17.47,-0.01,2,4629,卖盘
1708,10:23:52,17.48,0.01,8,13984,买盘
1709,10:23:42,17.47,0.01,19,33193,买盘
1710,10:23:37,17.46,--,11,19206,卖盘
1711,10:23:31,17.46,--,3,5238,卖盘
1712,10:23:22,17.46,--,3,5238,卖盘
1713,10:23:12,17.46,--,3,5238,卖盘
1714,10:23:07,17.46,--,3,5238,卖盘
1715,10:23:01,17.46,--,7,12222,卖盘
1716,10:22:52,17.46,-0.01,3,5238,卖盘
1717,10:22:46,17.47,0.01,1,1747,买盘
1718,10:22:42,17.46,--,4,6984,卖盘
1719,10:22:31,17.46,-0.01,3,5238,卖盘
1720,10:22:25,17.47,0.01,1,1747,买盘
1721,10:22:22,17.46,-0.01,4,6984,卖盘
1722,10:22:16,17.47,0.01,5,8735,买盘
1723,10:22:10,17.46,-0.01,3,5238,卖盘
1724,10:22:07,17.47,--,15,26205,中性盘
1725,10:22:01,17.47,--,4,6988,买盘
1726,10:21:52,17.47,--,7,12229,卖盘
1727,10:21:37,17.47,0.01,5,8735,中性盘
1728,10:21:31,17.46,-0.02,2,3492,卖盘
1729,10:21:25,17.48,0.02,1,1748,买盘
1730,10:21:22,17.46,-0.02,30,52380,卖盘
1731,10:21:16,17.48,0.02,4,6992,买盘
1732,10:21:10,17.46,--,0,0,卖盘
1733,10:21:06,17.46,--,13,22698,卖盘
1734,10:21:01,17.46,--,0,0,卖盘
1735,10:20:55,17.46,0.01,2,3492,卖盘
1736,10:20:52,17.45,--,0,0,卖盘
1737,10:20:40,17.45,-0.04,300,523500,卖盘
1738,10:20:36,17.49,--,9,15740,卖盘
1739,10:20:31,17.49,0.01,16,27983,买盘
1740,10:20:25,17.48,-0.01,6,10488,卖盘
1741,10:20:16,17.49,--,100,174899,卖盘
1742,10:20:01,17.49,-0.01,2,3497,卖盘
1743,10:19:55,17.5,--,5,8750,买盘
1744,10:19:51,17.5,0.01,62,108500,买盘
1745,10:19:46,17.49,--,2,3497,卖盘
1746,10:19:36,17.49,-0.01,10,17490,卖盘
1747,10:19:31,17.5,--,22,38500,买盘
1748,10:19:16,17.5,--,5,8750,买盘
1749,10:19:01,17.5,--,7,12250,买盘
1750,10:18:51,17.5,--,5,8750,买盘
1751,10:18:40,17.5,--,2,3500,买盘
1752,10:18:36,17.5,--,10,17500,买盘
1753,10:18:31,17.5,--,9,15750,卖盘
1754,10:18:25,17.5,--,7,12250,卖盘
1755,10:18:16,17.5,--,57,99750,卖盘
1756,10:18:06,17.5,--,4,7000,卖盘
1757,10:18:01,17.5,--,84,148050,卖盘
1758,10:17:55,17.5,--,2,3500,卖盘
1759,10:17:46,17.5,--,9,15750,卖盘
1760,10:17:36,17.5,--,155,271250,卖盘
1761,10:17:31,17.5,-0.01,22,38500,卖盘
1762,10:17:25,17.51,--,10,17510,买盘
1763,10:17:01,17.51,0.01,7,12257,买盘
1764,10:16:51,17.5,--,10,17500,卖盘
1765,10:16:46,17.5,--,4,7000,卖盘
1766,10:16:40,17.5,-0.01,4,7000,卖盘
1767,10:16:31,17.51,0.01,8,14008,买盘
1768,10:16:16,17.5,-0.01,16,28000,卖盘
1769,10:16:06,17.51,0.01,5,8755,买盘
1770,10:16:01,17.5,--,7,12250,卖盘
1771,10:15:55,17.5,--,5,8750,卖盘
1772,10:15:51,17.5,--,5,8750,卖盘
1773,10:15:36,17.5,-0.01,34,59500,卖盘
1774,10:15:31,17.51,0.01,7,12257,买盘
1775,10:15:25,17.5,--,6,10500,卖盘
1776,10:15:10,17.5,--,22,38500,卖盘
1777,10:15:04,17.5,-0.01,4,7000,卖盘
1778,10:15:01,17.51,0.01,11,19261,买盘
1779,10:14:55,17.5,-0.01,6,10500,卖盘
1780,10:14:46,17.51,-0.01,10,17510,卖盘
1781,10:14:40,17.52,0.01,15,26280,买盘
1782,10:14:25,17.51,-0.01,4,7004,卖盘
1783,10:14:19,17.52,--,1,1752,买盘
1784,10:14:16,17.52,--,24,42048,买盘
1785,10:14:04,17.52,0.01,5,8760,买盘
1786,10:13:46,17.51,--,5,8755,卖盘
1787,10:13:40,17.51,--,11,19261,卖盘
1788,10:13:25,17.51,-0.01,1,1751,卖盘
1789,10:13:19,17.52,0.01,5,8760,买盘
1790,10:13:10,17.51,--,12,21012,卖盘
1791,10:13:04,17.51,--,12,21012,卖盘
1792,10:13:01,17.51,--,4,7004,卖盘
1793,10:12:55,17.51,-0.01,30,52530,卖盘
1794,10:12:30,17.52,--,8,14016,买盘
1795,10:12:25,17.52,--,11,19272,买盘
1796,10:12:15,17.52,--,1,1752,买盘
1797,10:12:10,17.52,-0.02,15,26280,卖盘
1798,10:11:55,17.54,0.01,4,7016,买盘
1799,10:11:45,17.53,--,293,513629,卖盘
1800,10:11:30,17.53,--,4,7012,卖盘
1801,10:11:25,17.53,-0.01,12,21036,卖盘
1802,10:11:15,17.54,--,5,8770,买盘
1803,10:10:55,17.54,0.01,8,14032,买盘
1804,10:10:45,17.53,-0.01,4,7012,卖盘
1805,10:10:34,17.54,--,2,3508,卖盘
1806,10:10:30,17.54,-0.01,3,5262,卖盘
1807,10:10:25,17.55,0.01,5,8775,买盘
1808,10:10:19,17.54,0.01,2,3508,卖盘
1809,10:10:15,17.53,-0.01,45,78885,卖盘
1810,10:10:00,17.54,0.01,90,157860,买盘
1811,10:09:45,17.53,--,30,52590,卖盘
1812,10:09:40,17.53,-0.01,4,7012,卖盘
1813,10:09:30,17.54,0.01,5,8770,买盘
1814,10:09:19,17.53,--,5,8765,卖盘
1815,10:09:15,17.53,-0.02,7,12271,卖盘
1816,10:09:10,17.55,--,0,0,买盘
1817,10:09:04,17.55,--,4,7020,买盘
1818,10:08:55,17.55,0.02,5,8775,买盘
1819,10:08:45,17.53,--,5,8765,卖盘
1820,10:08:30,17.53,--,5,8765,卖盘
1821,10:08:25,17.53,-0.02,5,8765,卖盘
1822,10:08:04,17.55,0.02,22,38610,买盘
1823,10:07:54,17.53,-0.02,4,7012,卖盘
1824,10:07:45,17.55,-0.01,589,1033695,卖盘
1825,10:07:39,17.56,0.01,4,7023,买盘
1826,10:07:30,17.55,--,1,1755,卖盘
1827,10:07:24,17.55,--,4,7020,卖盘
1828,10:07:19,17.55,--,10,17550,卖盘
1829,10:07:15,17.55,-0.01,10,17550,卖盘
1830,10:07:09,17.56,0.01,4,7023,买盘
1831,10:07:04,17.55,--,14,24570,卖盘
1832,10:06:59,17.55,--,110,193050,卖盘
1833,10:06:54,17.55,--,10,17550,卖盘
1834,10:06:49,17.55,-0.01,150,263250,卖盘
1835,10:06:43,17.56,0.01,3,5268,买盘
1836,10:06:39,17.55,--,29,50895,卖盘
1837,10:06:34,17.55,--,37,64935,卖盘
1838,10:06:19,17.55,--,5,8775,卖盘
1839,10:06:09,17.55,0.01,563,988205,买盘
1840,10:06:04,17.54,0.01,28,49112,买盘
1841,10:05:49,17.53,0.01,5,8765,中性盘
1842,10:05:43,17.52,--,3,5256,卖盘
1843,10:05:34,17.52,0.01,16,28049,买盘
1844,10:05:19,17.51,--,106,185606,买盘
1845,10:05:13,17.51,--,5,8755,买盘
1846,10:05:04,17.51,0.01,4,7004,买盘
1847,10:04:54,17.5,--,2,3500,卖盘
1848,10:04:49,17.5,--,5,8750,卖盘
1849,10:04:39,17.5,-0.01,74,130375,卖盘
1850,10:04:34,17.51,0.01,11,19261,买盘
1851,10:04:24,17.5,--,5,8750,卖盘
1852,10:04:19,17.5,--,4,7000,卖盘
1853,10:04:04,17.5,--,8,14000,卖盘
1854,10:03:54,17.5,-0.02,312,546000,卖盘
1855,10:03:49,17.52,--,5,8760,卖盘
1856,10:03:39,17.52,-0.01,12,21024,卖盘
1857,10:03:34,17.53,--,9,15777,卖盘
1858,10:03:24,17.53,--,4,7012,卖盘
1859,10:03:19,17.53,--,30,52590,卖盘
1860,10:03:13,17.53,0.01,57,100499,买盘
1861,10:03:04,17.52,--,12,21024,卖盘
1862,10:02:54,17.52,-0.01,4,7008,卖盘
1863,10:02:43,17.53,0.01,1,1753,买盘
1864,10:02:39,17.52,--,11,19272,卖盘
1865,10:02:34,17.52,--,20,35040,卖盘
1866,10:02:28,17.52,--,8,14016,卖盘
1867,10:02:19,17.52,-0.01,1,1752,卖盘
1868,10:02:13,17.53,0.01,2,3506,买盘
1869,10:01:54,17.52,--,7,12264,卖盘
1870,10:01:49,17.52,-0.02,4,7008,卖盘
1871,10:01:43,17.54,0.01,35,61390,买盘
1872,10:01:39,17.53,--,8,14024,买盘
1873,10:01:34,17.53,-0.01,4,7012,卖盘
1874,10:01:19,17.54,--,1,1754,卖盘
1875,10:01:09,17.54,-0.01,5,8770,卖盘
1876,10:01:04,17.55,0.01,45,78975,买盘
1877,10:00:54,17.54,-0.01,4,7016,卖盘
1878,10:00:39,17.55,--,220,386100,买盘
1879,10:00:33,17.55,--,8,14040,卖盘
1880,10:00:28,17.55,--,20,35100,卖盘
1881,10:00:24,17.55,-0.01,14,24570,卖盘
1882,10:00:18,17.56,--,13,22828,买盘
1883,10:00:09,17.56,--,1,1755,买盘
1884,10:00:03,17.56,0.01,43,75508,买盘
1885,09:59:58,17.55,--,5,8775,卖盘
1886,09:59:48,17.55,-0.01,13,22815,卖盘
1887,09:59:43,17.56,0.01,80,140480,买盘
1888,09:59:39,17.55,--,13,22815,卖盘
1889,09:59:33,17.55,--,825,1447875,买盘
1890,09:59:24,17.55,--,8,14040,买盘
1891,09:59:13,17.55,0.01,1066,1870830,买盘
1892,09:59:09,17.54,--,24,42096,卖盘
1893,09:58:58,17.54,--,10,17540,卖盘
1894,09:58:53,17.54,--,20,35080,卖盘
1895,09:58:48,17.54,-0.01,73,128042,卖盘
1896,09:58:43,17.55,0.01,39,68445,买盘
1897,09:58:23,17.54,--,58,101732,卖盘
1898,09:58:18,17.54,0.01,87,153931,买盘
1899,09:58:13,17.53,--,20,35060,买盘
1900,09:58:07,17.53,--,4,7012,买盘
1901,09:58:03,17.53,--,121,212113,买盘
1902,09:57:48,17.53,-0.01,56,98168,卖盘
1903,09:57:43,17.54,--,41,71914,买盘
1904,09:57:37,17.54,--,2,3508,买盘
1905,09:57:28,17.54,--,19,33326,卖盘
1906,09:57:22,17.54,-0.01,4,7016,卖盘
1907,09:57:13,17.55,--,40,70200,买盘
1908,09:57:07,17.55,-0.01,4,7020,卖盘
1909,09:57:03,17.56,--,90,158040,买盘
1910,09:56:58,17.56,0.01,41,71996,买盘
1911,09:56:48,17.55,--,41,71955,卖盘
1912,09:56:43,17.55,--,65,114075,卖盘
1913,09:56:33,17.55,--,26,45630,买盘
1914,09:56:28,17.55,--,42,73710,卖盘
1915,09:56:22,17.55,-0.01,4,7020,卖盘
1916,09:56:18,17.56,--,12,21072,买盘
1917,09:56:13,17.56,0.01,39,68484,买盘
1918,09:56:03,17.55,--,5,8775,卖盘
1919,09:55:58,17.55,--,87,152685,卖盘
1920,09:55:52,17.55,--,3,5265,卖盘
1921,09:55:48,17.55,-0.02,3,5265,卖盘
1922,09:55:43,17.57,0.02,54,94878,买盘
1923,09:55:33,17.55,-0.02,57,100035,卖盘
1924,09:55:28,17.57,--,5,8785,买盘
1925,09:55:22,17.57,0.01,6,10542,买盘
1926,09:55:18,17.56,0.01,10,17560,卖盘
1927,09:55:13,17.55,-0.01,36,63180,卖盘
1928,09:55:03,17.56,-0.01,33,57947,卖盘
1929,09:54:48,17.57,0.01,98,172186,买盘
1930,09:54:43,17.56,--,24,42144,买盘
1931,09:54:33,17.56,--,3,5268,买盘
1932,09:54:28,17.56,-0.01,72,126431,卖盘
1933,09:54:22,17.57,0.01,22,38654,买盘
1934,09:54:18,17.56,-0.01,50,87800,卖盘
1935,09:54:13,17.57,0.01,39,68523,买盘
1936,09:54:07,17.56,--,1,1755,卖盘
1937,09:54:03,17.56,0.01,10,17560,卖盘
1938,09:53:58,17.55,--,102,180203,卖盘
1939,09:53:48,17.55,--,60,105300,卖盘
1940,09:53:42,17.55,--,48,84240,卖盘
1941,09:53:37,17.55,-0.01,2,3510,卖盘
1942,09:53:27,17.56,--,29,50923,买盘
1943,09:53:18,17.56,--,7,12292,买盘
1944,09:53:12,17.56,0.01,46,80776,买盘
1945,09:53:03,17.55,--,6,10530,卖盘
1946,09:52:57,17.55,--,7,12285,卖盘
1947,09:52:52,17.55,--,35,61425,卖盘
1948,09:52:48,17.55,-0.01,49,85995,卖盘
1949,09:52:42,17.56,0.01,80,140480,买盘
1950,09:52:37,17.55,-0.01,145,254475,卖盘
1951,09:52:33,17.56,0.01,24,42144,买盘
1952,09:52:27,17.55,-0.01,26,45630,卖盘
1953,09:52:18,17.56,0.01,29,50923,买盘
1954,09:52:12,17.55,--,71,124605,卖盘
1955,09:52:07,17.55,--,10,17550,卖盘
1956,09:52:03,17.55,-0.01,29,50895,卖盘
1957,09:51:57,17.56,0.01,191,335396,买盘
1958,09:51:47,17.55,-0.01,10,17550,卖盘
1959,09:51:42,17.56,--,73,128187,买盘
1960,09:51:37,17.56,0.01,69,121163,买盘
1961,09:51:33,17.55,--,211,370305,卖盘
1962,09:51:27,17.55,-0.01,655,1149525,卖盘
1963,09:51:22,17.56,--,2,3511,买盘
1964,09:51:17,17.56,0.01,188,330128,买盘
1965,09:51:12,17.55,--,104,182520,卖盘
1966,09:51:07,17.55,--,560,982800,买盘
1967,09:51:02,17.55,0.01,25,43875,买盘
1968,09:50:57,17.54,--,317,557333,卖盘
1969,09:50:47,17.54,-0.01,4,7016,卖盘
1970,09:50:42,17.55,0.01,49,85995,买盘
1971,09:50:37,17.54,--,2,3508,卖盘
1972,09:50:27,17.54,-0.01,14,24556,卖盘
1973,09:50:22,17.55,--,121,212355,买盘
1974,09:50:16,17.55,--,31,54405,买盘
1975,09:50:12,17.55,--,187,328185,买盘
1976,09:50:07,17.55,0.01,73,128115,买盘
1977,09:50:01,17.54,-0.01,5,8770,卖盘
1978,09:49:57,17.55,0.01,162,284310,买盘
1979,09:49:52,17.54,--,9,15786,卖盘
1980,09:49:46,17.54,-0.01,83,145582,卖盘
1981,09:49:42,17.55,0.01,42,73710,买盘
1982,09:49:37,17.54,-0.01,10,17540,卖盘
1983,09:49:27,17.55,0.02,26,45630,买盘
1984,09:49:22,17.53,-0.01,190,333070,卖盘
1985,09:49:16,17.54,--,27,47358,买盘
1986,09:49:12,17.54,0.01,50,87700,买盘
1987,09:49:07,17.53,-0.01,282,494346,卖盘
1988,09:48:57,17.54,--,78,136812,买盘
1989,09:48:52,17.54,--,20,35080,买盘
1990,09:48:42,17.54,0.02,53,92962,买盘
1991,09:48:37,17.52,-0.01,113,197976,卖盘
1992,09:48:27,17.53,0.01,28,49084,中性盘
1993,09:48:22,17.52,-0.02,100,175200,卖盘
1994,09:48:16,17.54,--,1,1754,买盘
1995,09:48:12,17.54,--,8,14032,买盘
1996,09:48:07,17.54,0.01,49,85946,买盘
1997,09:48:01,17.53,--,1,1753,买盘
1998,09:47:57,17.53,-0.02,454,795862,卖盘
1999,09:47:52,17.55,0.01,65,114232,买盘
2000,09:47:42,17.54,--,106,185924,买盘
2001,09:47:36,17.54,--,279,489366,买盘
2002,09:47:27,17.54,--,35,61390,买盘
2003,09:47:22,17.54,0.01,200,350800,买盘
2004,09:47:16,17.53,0.01,377,660881,买盘
2005,09:47:12,17.52,-0.01,7,12264,卖盘
2006,09:47:07,17.53,0.01,6,10518,买盘
2007,09:47:01,17.52,-0.01,3,5256,卖盘
2008,09:46:56,17.53,--,39,68367,买盘
2009,09:46:51,17.53,--,8,14024,买盘
2010,09:46:46,17.53,--,11,19283,买盘
2011,09:46:41,17.53,--,26,45578,买盘
2012,09:46:36,17.53,--,94,164782,买盘
2013,09:46:31,17.53,--,7,12271,买盘
2014,09:46:26,17.53,--,79,138487,买盘
2015,09:46:21,17.53,0.01,63,110439,买盘
2016,09:46:16,17.52,--,15,26280,卖盘
2017,09:46:06,17.52,-0.01,15,26280,卖盘
2018,09:45:56,17.53,0.01,105,184065,买盘
2019,09:45:51,17.52,-0.01,150,262800,卖盘
2020,09:45:46,17.53,0.01,3,5259,买盘
2021,09:45:41,17.52,0.01,93,162936,买盘
2022,09:45:36,17.51,-0.01,4,7004,卖盘
2023,09:45:31,17.52,0.01,7,12264,买盘
2024,09:45:26,17.51,--,25,43775,卖盘
2025,09:45:21,17.51,--,16,28016,卖盘
2026,09:45:11,17.51,--,9,15759,卖盘
2027,09:45:06,17.51,--,17,29767,卖盘
2028,09:45:01,17.51,-0.01,15,26265,卖盘
2029,09:44:56,17.52,--,1,1752,买盘
2030,09:44:51,17.52,--,7,12264,卖盘
2031,09:44:41,17.52,--,7,12264,卖盘
2032,09:44:36,17.52,0.01,1,1752,买盘
2033,09:44:21,17.51,--,9,15759,卖盘
2034,09:44:11,17.51,-0.03,4,7004,卖盘
2035,09:44:06,17.54,0.02,247,433238,买盘
2036,09:43:56,17.52,--,3,5256,卖盘
2037,09:43:51,17.52,0.01,2,3504,卖盘
2038,09:43:41,17.51,-0.01,53,92803,卖盘
2039,09:43:36,17.52,0.02,17,29784,买盘
2040,09:43:26,17.5,--,0,0,卖盘
2041,09:43:21,17.5,--,5,8750,卖盘
2042,09:43:16,17.5,--,4,7000,卖盘
2043,09:43:06,17.5,-0.03,1,1750,卖盘
2044,09:43:01,17.53,--,3,5259,买盘
2045,09:42:51,17.53,--,14,24542,买盘
2046,09:42:46,17.53,-0.01,100,175300,卖盘
2047,09:42:40,17.54,--,25,43850,买盘
2048,09:42:36,17.54,0.01,104,182416,买盘
2049,09:42:31,17.53,-0.01,111,194583,卖盘
2050,09:42:25,17.54,0.01,9,15786,买盘
2051,09:42:21,17.53,--,8,14024,卖盘
2052,09:42:16,17.53,--,94,164782,买盘
2053,09:42:10,17.53,--,64,112192,买盘
2054,09:42:06,17.53,-0.01,111,194583,卖盘
2055,09:42:01,17.54,--,82,143828,买盘
2056,09:41:55,17.54,--,0,0,买盘
2057,09:41:51,17.54,0.01,31,54374,买盘
2058,09:41:46,17.53,--,107,187571,卖盘
2059,09:41:40,17.53,--,23,40319,卖盘
2060,09:41:36,17.53,--,333,583749,买盘
2061,09:41:31,17.53,0.01,162,283986,买盘
2062,09:41:25,17.52,--,70,122640,买盘
2063,09:41:21,17.52,0.01,5,8760,买盘
2064,09:41:16,17.51,--,6,10506,卖盘
2065,09:41:10,17.51,--,16,28016,卖盘
2066,09:41:06,17.51,--,20,35020,卖盘
2067,09:41:01,17.51,--,29,50779,卖盘
2068,09:40:55,17.51,-0.01,115,202940,买盘
2069,09:40:51,17.52,0.01,282,494064,买盘
2070,09:40:46,17.51,0.01,33,57783,买盘
2071,09:40:40,17.5,--,105,183750,卖盘
2072,09:40:36,17.5,0.01,126,220517,买盘
2073,09:40:31,17.49,--,140,244859,卖盘
2074,09:40:25,17.49,--,10,17490,卖盘
2075,09:40:21,17.49,--,9,15740,卖盘
2076,09:40:16,17.49,--,29,50720,卖盘
2077,09:40:10,17.49,--,30,52469,卖盘
2078,09:40:06,17.49,--,9,15740,卖盘
2079,09:40:00,17.49,0.01,3,5246,买盘
2080,09:39:50,17.48,--,50,87400,卖盘
2081,09:39:45,17.48,--,72,125856,买盘
2082,09:39:40,17.48,--,8,13984,买盘
2083,09:39:35,17.48,-0.01,272,475456,卖盘
2084,09:39:30,17.49,--,3,5246,买盘
2085,09:39:25,17.49,-0.01,6,10493,卖盘
2086,09:39:20,17.5,0.01,11,19250,买盘
2087,09:39:05,17.49,0.01,101,176648,中性盘
2088,09:39:00,17.48,-0.02,2,3496,卖盘
2089,09:38:55,17.5,--,53,92750,买盘
2090,09:38:50,17.5,--,22,38500,买盘
2091,09:38:45,17.5,0.02,10,17500,买盘
2092,09:38:40,17.48,-0.02,12,20976,卖盘
2093,09:38:35,17.5,0.02,57,99750,买盘
2094,09:38:20,17.48,-0.02,27,47196,卖盘
2095,09:38:15,17.5,--,18,31500,卖盘
2096,09:38:10,17.5,-0.03,30,52500,卖盘
2097,09:38:05,17.53,0.03,60,105180,买盘
2098,09:38:00,17.5,--,5,8750,卖盘
2099,09:37:50,17.5,-0.03,2,3500,卖盘
2100,09:37:40,17.53,0.01,2,3506,买盘
2101,09:37:35,17.52,-0.01,62,108624,卖盘
2102,09:37:30,17.53,--,22,38566,买盘
2103,09:37:25,17.53,--,228,399684,卖盘
2104,09:37:20,17.53,--,18,31554,卖盘
2105,09:37:15,17.53,0.01,53,92909,买盘
2106,09:37:10,17.52,--,106,186482,卖盘
2107,09:37:05,17.52,-0.01,84,147168,卖盘
2108,09:37:00,17.53,--,11,19283,买盘
2109,09:36:55,17.53,0.01,3,5259,买盘
2110,09:36:45,17.52,-0.01,5,8760,卖盘
2111,09:36:35,17.53,-0.01,103,180559,卖盘
2112,09:36:30,17.54,--,30,52620,买盘
2113,09:36:25,17.54,--,9,15786,买盘
2114,09:36:20,17.54,0.01,20,35080,买盘
2115,09:36:15,17.53,-0.01,13,22789,卖盘
2116,09:36:10,17.54,0.01,209,366586,买盘
2117,09:36:05,17.53,--,24,42072,买盘
2118,09:36:00,17.53,0.01,25,43825,中性盘
2119,09:35:55,17.52,-0.01,670,1173840,卖盘
2120,09:35:49,17.53,0.01,11,19283,买盘
2121,09:35:45,17.52,--,74,129648,卖盘
2122,09:35:40,17.52,--,15,26280,卖盘
2123,09:35:30,17.52,-0.01,20,35040,卖盘
2124,09:35:25,17.53,0.01,139,243667,买盘
2125,09:35:19,17.52,0.02,8,14016,买盘
2126,09:35:15,17.5,-0.02,10,17500,卖盘
2127,09:35:10,17.52,--,20,35040,买盘
2128,09:35:04,17.52,0.02,64,112128,买盘
2129,09:35:00,17.5,-0.03,92,161000,卖盘
2130,09:34:55,17.53,0.03,182,319046,买盘
2131,09:34:49,17.5,--,4,7000,买盘
2132,09:34:45,17.5,-0.03,71,124250,卖盘
2133,09:34:40,17.53,--,54,94662,买盘
2134,09:34:34,17.53,-0.01,261,457533,卖盘
2135,09:34:30,17.54,0.01,411,720894,买盘
2136,09:34:25,17.53,0.01,41,71873,买盘
2137,09:34:19,17.52,--,210,367920,卖盘
2138,09:34:15,17.52,--,32,56064,卖盘
2139,09:34:10,17.52,0.01,86,150672,买盘
2140,09:34:04,17.51,0.01,15,26265,买盘
2141,09:34:00,17.5,--,64,112000,买盘
2142,09:33:49,17.5,--,74,129500,买盘
2143,09:33:45,17.5,-0.03,182,318500,卖盘
2144,09:33:40,17.53,-0.01,14,24542,中性盘
2145,09:33:34,17.54,--,4,7016,买盘
2146,09:33:30,17.54,0.03,10,17540,买盘
2147,09:33:24,17.51,-0.03,46,80546,中性盘
2148,09:33:19,17.54,--,561,983994,买盘
2149,09:33:15,17.54,0.02,12,21048,买盘
2150,09:33:09,17.52,-0.02,4,7008,中性盘
2151,09:33:04,17.54,--,9,15786,卖盘
2152,09:32:59,17.54,0.03,127,222758,买盘
2153,09:32:54,17.51,-0.03,8,14008,卖盘
2154,09:32:49,17.54,--,10,17540,买盘
2155,09:32:44,17.54,--,432,757728,卖盘
2156,09:32:39,17.54,-0.01,38,66652,买盘
2157,09:32:34,17.55,--,0,0,买盘
2158,09:32:24,17.55,--,50,87750,卖盘
2159,09:32:19,17.55,--,19,33345,卖盘
2160,09:32:14,17.55,0.05,91,159705,卖盘
2161,09:32:09,17.5,--,107,187250,卖盘
2162,09:32:04,17.5,-0.05,120,210000,卖盘
2163,09:31:59,17.55,--,197,345735,卖盘
2164,09:31:54,17.55,-0.02,205,359775,卖盘
2165,09:31:49,17.57,--,37,65009,卖盘
2166,09:31:44,17.57,0.02,150,263550,买盘
2167,09:31:39,17.55,--,5,8775,卖盘
2168,09:31:34,17.55,0.01,140,245700,买盘
2169,09:31:29,17.54,--,547,959438,中性盘
2170,09:31:24,17.54,0.02,125,219250,买盘
2171,09:31:19,17.52,0.01,147,257544,买盘
2172,09:31:14,17.51,0.01,150,262650,买盘
2173,09:31:04,17.5,--,81,141750,买盘
2174,09:30:59,17.5,--,80,140000,卖盘
2175,09:30:54,17.5,--,5719,10008250,卖盘
2176,09:30:49,17.5,-0.03,22,38500,卖盘
2177,09:30:44,17.53,-0.01,55,96415,中性盘
2178,09:30:39,17.54,0.04,47,82438,中性盘
2179,09:30:34,17.5,-0.05,4,7000,卖盘
2180,09:30:29,17.55,--,560,982800,卖盘
2181,09:30:24,17.55,--,35,61425,卖盘
2182,09:30:19,17.55,-0.02,70,122850,中性盘
2183,09:30:14,17.57,0.02,126,221382,买盘
2184,09:30:09,17.55,-0.03,305,535275,买盘
2185,09:30:04,17.58,-0.01,1091,1917977,卖盘
2186,09:28:55,17.59,--,0,0,买盘
2187,09:25:07,17.59,17.59,2196,3862764,买盘
