,time,price,change,volume,amount,type
0,15:00:00,9.92,--,0,0,卖盘
1,15:00:00,9.92,--,0,0,卖盘
2,14:59:59,9.92,--,24,23808,卖盘
3,14:59:54,9.92,--,15,14880,卖盘
4,14:59:49,9.92,--,33,32736,卖盘
5,14:59:39,9.92,-0.01,40,39680,卖盘
6,14:59:34,9.93,0.01,114,113202,买盘
7,14:59:29,9.92,-0.01,2,1984,卖盘
8,14:59:24,9.93,0.01,13,12909,买盘
9,14:59:19,9.92,-0.01,10,9920,卖盘
10,14:59:14,9.93,--,36,35748,买盘
11,14:59:09,9.93,0.01,10,9930,买盘
12,14:59:04,9.92,--,35,34720,卖盘
13,14:58:59,9.92,--,49,48608,卖盘
14,14:58:54,9.92,-0.01,78,77376,卖盘
15,14:58:49,9.93,--,40,39720,买盘
16,14:58:44,9.93,0.01,6,5958,买盘
17,14:58:39,9.92,--,134,132928,卖盘
18,14:58:34,9.92,--,110,109120,卖盘
19,14:58:29,9.92,--,200,198400,卖盘
20,14:58:24,9.92,-0.01,110,109120,卖盘
21,14:58:19,9.93,--,14,13902,买盘
22,14:58:14,9.93,0.01,3,2979,买盘
23,14:58:09,9.92,-0.01,12,11904,卖盘
24,14:58:04,9.93,0.01,14,13902,买盘
25,14:57:59,9.92,--,46,45632,卖盘
26,14:57:54,9.92,--,4,3968,卖盘
27,14:57:44,9.92,--,100,99200,卖盘
28,14:57:39,9.92,--,8,7936,卖盘
29,14:57:29,9.92,--,5,4960,卖盘
30,14:57:14,9.92,--,2,1984,卖盘
31,14:57:09,9.92,--,210,208320,卖盘
32,14:57:04,9.92,-0.01,24,23808,卖盘
33,14:56:58,9.93,--,2,1986,买盘
34,14:56:54,9.93,--,6,5958,买盘
35,14:56:33,9.93,0.01,5,4965,买盘
36,14:56:28,9.92,--,60,59520,卖盘
37,14:56:09,9.92,--,5,4960,卖盘
38,14:56:03,9.92,-0.01,2,1984,卖盘
39,14:55:54,9.93,--,24,23832,买盘
40,14:55:33,9.93,--,3,2979,买盘
41,14:55:23,9.93,--,6,5958,买盘
42,14:55:18,9.93,--,41,40713,买盘
43,14:55:13,9.93,0.01,3,2979,买盘
44,14:55:08,9.92,-0.01,5,4960,卖盘
45,14:54:48,9.93,--,39,38727,买盘
46,14:54:43,9.93,0.01,2,1986,买盘
47,14:54:33,9.92,-0.01,21,20832,卖盘
48,14:54:23,9.93,--,23,22839,买盘
49,14:54:18,9.93,--,15,14895,买盘
50,14:54:08,9.93,--,54,53622,买盘
51,14:54:03,9.93,--,22,21846,买盘
52,14:53:58,9.93,--,27,26811,买盘
53,14:53:48,9.93,--,17,16881,买盘
54,14:53:43,9.93,--,38,37734,买盘
55,14:53:33,9.93,--,28,27804,买盘
56,14:53:23,9.93,--,94,93342,买盘
57,14:53:08,9.93,--,18,17874,买盘
58,14:53:03,9.93,--,61,60573,买盘
59,14:52:48,9.93,0.01,48,48180,买盘
60,14:52:38,9.92,-0.01,2,2470,卖盘
61,14:52:33,9.93,--,94,93342,买盘
62,14:52:23,9.93,0.01,103,102279,买盘
63,14:52:18,9.92,--,91,90768,卖盘
64,14:52:08,9.92,--,20,19840,卖盘
65,14:52:03,9.92,--,1,1458,卖盘
66,14:51:53,9.92,-0.01,0,962,卖盘
67,14:51:48,9.93,0.01,23,23325,买盘
68,14:51:43,9.92,0.01,1,1954,买盘
69,14:51:33,9.91,--,1,991,卖盘
70,14:51:23,9.91,-0.02,172,170452,卖盘
71,14:51:18,9.93,0.02,129,128097,买盘
72,14:51:08,9.91,-0.01,14,13874,卖盘
73,14:51:03,9.92,--,4,3968,买盘
74,14:50:58,9.92,-0.01,2,1984,卖盘
75,14:50:48,9.93,--,195,193635,买盘
76,14:50:33,9.93,--,0,0,买盘
77,14:50:18,9.93,--,153,151929,买盘
78,14:50:12,9.93,--,0,0,买盘
79,14:50:03,9.93,--,111,110779,买盘
80,14:49:57,9.93,--,1,993,买盘
81,14:49:52,9.93,0.02,3,2979,买盘
82,14:49:41,9.91,-0.02,1,991,卖盘
83,14:49:27,9.93,0.02,2,1986,买盘
84,14:49:12,9.91,-0.01,75,74325,卖盘
85,14:49:07,9.92,-0.01,25,24800,卖盘
86,14:48:57,9.93,--,18,17874,买盘
87,14:48:32,9.93,--,26,25818,买盘
88,14:48:27,9.93,--,18,17874,买盘
89,14:48:17,9.93,--,128,127104,买盘
90,14:48:12,9.93,--,2,1986,买盘
91,14:48:07,9.93,--,0,0,买盘
92,14:47:57,9.93,--,215,213495,买盘
93,14:47:47,9.93,--,218,216474,买盘
94,14:47:41,9.93,--,2,1986,买盘
95,14:47:17,9.93,--,65,64545,买盘
96,14:47:12,9.93,0.01,129,128097,买盘
97,14:47:07,9.92,-0.01,3,2976,卖盘
98,14:46:47,9.93,0.01,25,24825,买盘
99,14:46:42,9.92,0.01,60,60333,买盘
100,14:46:32,9.91,--,29,29353,卖盘
101,14:46:12,9.91,-0.01,3,2973,卖盘
102,14:45:47,9.92,0.01,49,48608,买盘
103,14:45:32,9.91,-0.01,31,30721,卖盘
104,14:45:27,9.92,0.01,2,1984,买盘
105,14:45:12,9.91,-0.01,19,18829,卖盘
106,14:45:02,9.92,0.01,73,72416,买盘
107,14:44:41,9.91,-0.01,1,1853,卖盘
108,14:44:22,9.92,0.01,500,496000,买盘
109,14:44:17,9.91,--,40,39640,卖盘
110,14:44:12,9.91,-0.01,7,7779,卖盘
111,14:44:07,9.92,--,2,1984,买盘
112,14:43:51,9.92,-0.01,1,992,卖盘
113,14:43:45,9.93,0.02,1,993,买盘
114,14:43:36,9.91,--,0,0,卖盘
115,14:43:27,9.91,-0.01,20,19820,卖盘
116,14:43:21,9.92,--,41,40672,买盘
117,14:43:15,9.92,0.02,2,1984,买盘
118,14:43:06,9.9,--,0,0,卖盘
119,14:43:01,9.9,--,0,0,卖盘
120,14:42:56,9.9,-0.02,1241,1228590,卖盘
121,14:42:51,9.92,-0.01,11,11894,卖盘
122,14:42:36,9.93,--,2,1986,买盘
123,14:42:31,9.93,0.01,1,993,买盘
124,14:42:26,9.92,--,21,21060,卖盘
125,14:42:16,9.92,-0.01,4,3968,卖盘
126,14:42:06,9.93,0.01,2,1986,买盘
127,14:42:01,9.92,-0.01,63,62496,卖盘
128,14:41:56,9.93,0.01,7,6951,买盘
129,14:41:51,9.92,-0.01,18,17856,卖盘
130,14:41:36,9.93,0.01,25,24825,买盘
131,14:41:21,9.92,--,30,29760,卖盘
132,14:41:16,9.92,--,11,10912,卖盘
133,14:41:06,9.92,--,23,22816,卖盘
134,14:40:56,9.92,-0.01,3,3323,卖盘
135,14:40:51,9.93,--,310,307830,买盘
136,14:40:36,9.93,--,2,1986,买盘
137,14:40:26,9.93,0.01,2,1986,买盘
138,14:40:16,9.92,-0.01,2,1984,卖盘
139,14:40:05,9.93,0.01,4,3972,买盘
140,14:40:00,9.92,-0.01,32,32547,卖盘
141,14:39:50,9.93,0.01,47,46671,买盘
142,14:39:45,9.92,-0.01,2,2132,卖盘
143,14:39:35,9.93,0.01,4,3972,买盘
144,14:39:21,9.92,-0.01,0,396,卖盘
145,14:39:11,9.93,--,2,1986,买盘
146,14:39:06,9.93,0.01,3,3306,买盘
147,14:38:45,9.92,-0.01,0,337,卖盘
148,14:38:41,9.93,--,1,993,买盘
149,14:38:36,9.93,--,2,1986,买盘
150,14:38:31,9.93,--,25,24825,买盘
151,14:38:20,9.93,0.01,2,1986,买盘
152,14:38:11,9.92,-0.01,2,1984,卖盘
153,14:38:05,9.93,--,26,25818,买盘
154,14:37:41,9.93,--,1,993,买盘
155,14:37:36,9.93,--,1,993,买盘
156,14:37:15,9.93,--,16,15888,买盘
157,14:37:06,9.93,0.01,1,993,买盘
158,14:37:00,9.92,--,1,992,买盘
159,14:36:56,9.92,-0.01,1,992,卖盘
160,14:36:35,9.93,--,53,52629,买盘
161,14:36:26,9.93,0.01,100,99300,买盘
162,14:36:15,9.92,--,317,315366,卖盘
163,14:36:06,9.92,-0.01,34,33985,卖盘
164,14:36:00,9.93,--,14,13902,买盘
165,14:35:36,9.93,--,25,24825,买盘
166,14:35:29,9.93,0.01,43,42699,买盘
167,14:35:24,9.92,--,0,615,卖盘
168,14:35:21,9.92,--,110,109120,卖盘
169,14:35:09,9.92,--,21,21020,卖盘
170,14:35:05,9.92,-0.01,30,29760,卖盘
171,14:35:00,9.93,0.01,25,24825,买盘
172,14:34:51,9.92,-0.01,51,50592,卖盘
173,14:34:45,9.93,--,15,14895,买盘
174,14:34:36,9.93,--,2,1986,买盘
175,14:34:30,9.93,--,20,20078,买盘
176,14:34:14,9.93,0.01,14,13902,买盘
177,14:34:10,9.92,-0.01,7,6944,卖盘
178,14:34:05,9.93,--,2,1986,买盘
179,14:34:00,9.93,--,24,24229,买盘
180,14:33:40,9.93,--,56,55608,买盘
181,14:33:35,9.93,--,2,1986,买盘
182,14:33:29,9.93,--,85,84405,买盘
183,14:33:15,9.93,0.01,12,11916,买盘
184,14:33:09,9.92,--,28,27776,卖盘
185,14:33:05,9.92,--,4,3968,卖盘
186,14:33:00,9.92,--,2,1984,卖盘
187,14:32:50,9.92,-0.01,17,17062,卖盘
188,14:32:45,9.93,--,2,1986,买盘
189,14:32:35,9.93,--,4,3972,买盘
190,14:32:20,9.93,0.01,17,16881,买盘
191,14:32:15,9.92,-0.01,8,7936,卖盘
192,14:32:05,9.93,0.01,25,24825,买盘
193,14:31:59,9.92,-0.01,5,4960,卖盘
194,14:31:55,9.93,0.01,1,993,买盘
195,14:31:35,9.92,-0.01,7,6944,卖盘
196,14:31:29,9.93,--,6,5958,买盘
197,14:31:15,9.93,--,4,3972,买盘
198,14:31:05,9.93,--,8,7944,买盘
199,14:30:59,9.93,0.01,10,9930,买盘
200,14:30:35,9.92,-0.01,56,55552,卖盘
201,14:30:30,9.93,--,1,993,买盘
202,14:30:25,9.93,--,55,54615,买盘
203,14:30:20,9.93,--,26,25818,买盘
204,14:30:15,9.93,--,18,17874,买盘
205,14:30:09,9.93,0.01,31,30783,买盘
206,14:29:35,9.92,--,6,6150,买盘
207,14:29:15,9.92,--,18,17856,买盘
208,14:29:05,9.92,0.01,4,3968,中性盘
209,14:28:50,9.91,--,0,138,卖盘
210,14:28:44,9.91,-0.02,1,991,卖盘
211,14:28:39,9.93,0.01,36,35748,买盘
212,14:28:35,9.92,--,8,7936,买盘
213,14:28:30,9.92,--,50,49600,买盘
214,14:28:04,9.92,0.01,9,8928,买盘
215,14:27:59,9.91,-0.01,16,15856,卖盘
216,14:27:34,9.92,--,4,3968,买盘
217,14:27:29,9.92,0.01,13,12896,买盘
218,14:27:24,9.91,-0.01,2,1982,卖盘
219,14:27:17,9.92,--,23,22816,买盘
220,14:27:04,9.92,0.01,4,3968,买盘
221,14:26:53,9.91,--,1,991,卖盘
222,14:26:38,9.91,-0.01,1,991,卖盘
223,14:26:24,9.92,--,5,4960,买盘
224,14:26:14,9.92,-0.01,2,1984,卖盘
225,14:26:03,9.93,--,0,0,买盘
226,14:25:59,9.93,0.01,33,32769,买盘
227,14:25:38,9.92,--,216,214956,卖盘
228,14:25:29,9.92,--,80,79360,卖盘
229,14:25:14,9.92,--,22,21824,卖盘
230,14:24:53,9.92,--,11,10912,卖盘
231,14:24:44,9.92,--,40,39680,卖盘
232,14:24:29,9.92,--,300,297600,卖盘
233,14:24:14,9.92,-0.01,15,14880,卖盘
234,14:23:59,9.93,0.01,24,23832,买盘
235,14:23:53,9.92,--,1,992,卖盘
236,14:23:03,9.92,--,1,992,卖盘
237,14:22:47,9.92,--,13,12896,卖盘
238,14:22:44,9.92,--,290,287680,卖盘
239,14:22:29,9.92,-0.01,20,19840,卖盘
240,14:22:03,9.93,0.01,107,106330,买盘
241,14:21:44,9.92,-0.01,15,14880,卖盘
242,14:21:33,9.93,0.01,4,3972,买盘
243,14:21:23,9.92,--,290,287680,卖盘
244,14:21:18,9.92,-0.01,200,198400,卖盘
245,14:21:02,9.93,0.01,5,4965,买盘
246,14:20:38,9.92,-0.01,1,992,卖盘
247,14:20:32,9.93,--,6,5958,买盘
248,14:20:03,9.93,--,6,5958,买盘
249,14:19:53,9.93,--,3,2979,买盘
250,14:19:47,9.93,--,6,5958,买盘
251,14:19:42,9.93,0.01,23,22839,买盘
252,14:19:38,9.92,-0.01,1,992,卖盘
253,14:19:33,9.93,--,6,5958,买盘
254,14:19:28,9.93,--,30,29790,买盘
255,14:19:03,9.93,0.01,5,4965,买盘
256,14:18:53,9.92,--,5,4960,卖盘
257,14:18:38,9.92,-0.01,1,992,卖盘
258,14:18:32,9.93,0.01,4,3972,买盘
259,14:18:18,9.92,-0.01,3,2976,卖盘
260,14:18:02,9.93,0.01,4,3972,买盘
261,14:17:53,9.92,--,20,19840,卖盘
262,14:17:38,9.92,-0.01,4,3968,卖盘
263,14:17:32,9.93,--,4,3972,买盘
264,14:17:23,9.93,0.01,23,22839,买盘
265,14:17:17,9.92,-0.01,93,92256,卖盘
266,14:17:03,9.93,0.01,5,4965,买盘
267,14:16:42,9.92,-0.01,2,1984,卖盘
268,14:16:32,9.93,--,11,10923,买盘
269,14:16:28,9.93,--,10,9930,买盘
270,14:16:03,9.93,0.01,11,10923,买盘
271,14:15:48,9.92,--,23,22816,卖盘
272,14:15:37,9.92,-0.01,28,27776,卖盘
273,14:15:32,9.93,--,10,9930,买盘
274,14:15:26,9.93,--,1,993,买盘
275,14:15:08,9.93,--,9,8937,买盘
276,14:15:02,9.93,0.01,42,42043,买盘
277,14:14:57,9.92,--,5,4960,卖盘
278,14:14:48,9.92,-0.01,13,12896,卖盘
279,14:14:42,9.93,--,10,9930,买盘
280,14:14:33,9.93,0.01,4,3972,买盘
281,14:14:27,9.92,-0.01,30,29760,卖盘
282,14:14:17,9.93,--,2,1986,买盘
283,14:14:12,9.93,--,2,1986,买盘
284,14:14:07,9.93,--,15,14895,买盘
285,14:14:02,9.93,--,5,4965,买盘
286,14:13:57,9.93,--,3,2979,买盘
287,14:13:53,9.93,--,1,993,买盘
288,14:13:47,9.93,--,1,993,买盘
289,14:13:41,9.93,--,15,14895,买盘
290,14:13:32,9.93,0.01,1,993,买盘
291,14:13:26,9.92,--,34,33728,卖盘
292,14:13:22,9.92,--,24,24690,买盘
293,14:13:17,9.92,--,3,2976,买盘
294,14:13:07,9.92,--,154,152768,买盘
295,14:13:02,9.92,--,159,157728,买盘
296,14:12:42,9.92,0.01,30,29760,买盘
297,14:12:37,9.91,-0.01,15,14865,卖盘
298,14:12:32,9.92,0.01,8,7936,买盘
299,14:12:21,9.91,-0.01,5,4955,卖盘
300,14:12:17,9.92,0.01,85,84320,买盘
301,14:12:11,9.91,-0.01,28,27748,卖盘
302,14:12:02,9.92,0.01,32,31744,买盘
303,14:11:57,9.91,--,1,991,卖盘
304,14:11:41,9.91,-0.01,2,1982,卖盘
305,14:11:32,9.92,--,15,14880,买盘
306,14:11:17,9.92,--,11,10912,买盘
307,14:11:02,9.92,--,15,14880,买盘
308,14:10:47,9.92,--,26,25792,买盘
309,14:10:32,9.92,--,13,12896,买盘
310,14:10:26,9.92,0.01,5,4960,买盘
311,14:10:22,9.91,--,3,2973,卖盘
312,14:10:02,9.91,-0.01,10,9910,卖盘
313,14:09:46,9.92,0.01,11,10912,买盘
314,14:09:41,9.91,-0.01,3,2973,卖盘
315,14:09:26,9.92,0.01,10,9920,买盘
316,14:09:12,9.91,--,1,991,卖盘
317,14:08:50,9.91,--,85,84235,卖盘
318,14:08:42,9.91,-0.01,5,4955,卖盘
319,14:08:35,9.92,0.01,1,992,买盘
320,14:08:11,9.91,--,1,991,卖盘
321,14:07:50,9.91,--,140,138740,卖盘
322,14:07:46,9.91,--,3,2973,卖盘
323,14:07:35,9.91,--,30,29730,卖盘
324,14:07:26,9.91,-0.01,6,5946,卖盘
325,14:07:05,9.92,--,33,32736,买盘
326,14:06:51,9.92,0.01,1,992,买盘
327,14:06:41,9.91,-0.01,25,24775,卖盘
328,14:06:35,9.92,0.01,4,3968,买盘
329,14:06:21,9.91,-0.01,5,4955,卖盘
330,14:06:06,9.92,--,5,4960,买盘
331,14:06:01,9.92,0.01,23,22816,买盘
332,14:05:56,9.91,--,1,991,卖盘
333,14:05:41,9.91,-0.01,9,8919,卖盘
334,14:05:36,9.92,0.01,4,3968,买盘
335,14:05:26,9.91,-0.01,1,991,卖盘
336,14:05:21,9.92,--,10,9920,买盘
337,14:05:11,9.92,--,97,96224,买盘
338,14:05:05,9.92,0.01,16,15872,买盘
339,14:04:56,9.91,--,110,109763,卖盘
340,14:04:51,9.91,-0.01,4,3964,卖盘
341,14:04:36,9.92,--,6,5952,买盘
342,14:04:31,9.92,--,89,88288,买盘
343,14:04:26,9.92,0.01,27,26784,买盘
344,14:04:21,9.91,-0.01,1,991,卖盘
345,14:04:06,9.92,--,6,5952,买盘
346,14:04:00,9.92,0.01,15,14880,买盘
347,14:03:46,9.91,-0.01,11,10901,卖盘
348,14:03:36,9.92,0.01,4,3968,买盘
349,14:03:16,9.91,-0.01,1,991,卖盘
350,14:03:05,9.92,--,4,3968,买盘
351,14:02:50,9.92,--,8,7936,买盘
352,14:02:45,9.92,0.01,46,45632,买盘
353,14:02:40,9.91,-0.01,12,11892,卖盘
354,14:02:35,9.92,0.01,4,3968,买盘
355,14:02:29,9.91,-0.01,30,29730,卖盘
356,14:02:21,9.92,0.01,72,71424,买盘
357,14:02:14,9.91,-0.01,28,27748,卖盘
358,14:02:10,9.92,0.01,11,10912,买盘
359,14:02:06,9.91,-0.01,3,2973,卖盘
360,14:01:59,9.92,--,11,10912,买盘
361,14:01:29,9.92,-0.01,192,191059,卖盘
362,14:01:21,9.93,0.01,69,68517,买盘
363,14:01:06,9.92,--,1,992,卖盘
364,14:00:55,9.92,--,200,198400,卖盘
365,14:00:50,9.92,--,6,5952,卖盘
366,14:00:44,9.92,--,22,21824,卖盘
367,14:00:35,9.92,--,3,2976,卖盘
368,14:00:30,9.92,--,80,79360,卖盘
369,14:00:25,9.92,--,3,2976,卖盘
370,13:59:55,9.92,--,4,3968,卖盘
371,13:59:50,9.92,--,72,71424,卖盘
372,13:59:44,9.92,--,20,19840,卖盘
373,13:59:35,9.92,--,51,50592,卖盘
374,13:59:29,9.92,--,4,3968,卖盘
375,13:59:25,9.92,--,30,29760,卖盘
376,13:59:10,9.92,--,244,242048,卖盘
377,13:58:59,9.92,--,39,38688,卖盘
378,13:58:55,9.92,-0.01,93,92256,卖盘
379,13:58:35,9.93,--,4,3972,买盘
380,13:58:20,9.93,--,94,93342,买盘
381,13:58:05,9.93,--,27,26811,买盘
382,13:57:35,9.93,--,396,393228,买盘
383,13:57:05,9.93,--,12,11916,买盘
384,13:56:34,9.93,0.01,15,14895,买盘
385,13:56:15,9.92,-0.01,20,19840,卖盘
386,13:55:53,9.93,0.01,24,23832,买盘
387,13:55:49,9.92,--,3,2976,卖盘
388,13:55:14,9.92,--,10,9920,卖盘
389,13:55:08,9.92,--,100,99200,卖盘
390,13:54:49,9.92,--,6,5952,卖盘
391,13:53:59,9.92,--,32,31744,卖盘
392,13:53:49,9.92,--,141,139872,卖盘
393,13:53:43,9.92,-0.01,93,92256,卖盘
394,13:53:34,9.93,--,1,993,买盘
395,13:53:09,9.93,--,50,49650,买盘
396,13:53:04,9.93,0.01,2,1986,买盘
397,13:52:44,9.92,-0.01,93,92256,卖盘
398,13:52:34,9.93,--,4,3972,买盘
399,13:52:23,9.93,--,9,8937,卖盘
400,13:52:08,9.93,-0.01,400,397200,卖盘
401,13:52:04,9.94,0.01,1,994,买盘
402,13:51:59,9.93,-0.01,10,9930,卖盘
403,13:51:49,9.94,0.01,332,330008,买盘
404,13:51:38,9.93,--,2,1986,买盘
405,13:51:34,9.93,--,9,8937,买盘
406,13:51:29,9.93,--,4,3972,买盘
407,13:51:23,9.93,--,1,993,买盘
408,13:51:19,9.93,--,23,22839,买盘
409,13:51:04,9.93,--,8,7944,买盘
410,13:50:44,9.93,--,5,4965,买盘
411,13:50:34,9.93,0.01,2,1986,买盘
412,13:50:18,9.92,-0.01,50,49600,卖盘
413,13:50:08,9.93,--,240,238320,买盘
414,13:50:03,9.93,--,16,15888,买盘
415,13:49:32,9.93,--,6,5958,买盘
416,13:49:02,9.93,0.01,4,3972,买盘
417,13:48:53,9.92,--,10,9920,卖盘
418,13:48:43,9.92,--,12,11904,卖盘
419,13:48:38,9.92,-0.01,10,9920,卖盘
420,13:48:32,9.93,0.01,4,3972,买盘
421,13:48:23,9.92,-0.01,1,992,卖盘
422,13:48:18,9.93,0.01,45,44685,买盘
423,13:48:02,9.92,--,48,47616,卖盘
424,13:47:43,9.92,-0.01,51,50592,卖盘
425,13:47:32,9.93,0.01,9,8937,买盘
426,13:47:13,9.92,--,50,49600,卖盘
427,13:47:08,9.92,-0.01,10,9920,卖盘
428,13:47:02,9.93,0.01,55,54615,买盘
429,13:46:58,9.92,-0.01,10,9920,卖盘
430,13:46:47,9.93,--,124,123132,买盘
431,13:46:43,9.93,--,1,993,买盘
432,13:46:32,9.93,--,12,11916,买盘
433,13:46:17,9.93,0.01,50,49650,买盘
434,13:46:03,9.92,-0.01,10,9920,卖盘
435,13:45:53,9.93,--,26,25818,买盘
436,13:45:43,9.93,--,10,9930,买盘
437,13:45:38,9.93,--,4,3972,买盘
438,13:45:32,9.93,0.01,54,53622,买盘
439,13:45:23,9.92,-0.01,42,41664,卖盘
440,13:44:53,9.93,--,2,1986,买盘
441,13:44:32,9.93,-0.01,66,65538,买盘
442,13:44:08,9.94,--,0,0,买盘
443,13:44:02,9.94,--,9,8946,买盘
444,13:43:43,9.94,0.01,55,54670,买盘
445,13:43:32,9.93,--,4,3972,买盘
446,13:43:11,9.93,--,10,9930,买盘
447,13:42:56,9.93,--,2,1986,买盘
448,13:42:41,9.93,--,55,54615,买盘
449,13:42:32,9.93,0.01,43,42699,买盘
450,13:42:17,9.92,-0.01,6,5952,卖盘
451,13:42:07,9.93,--,2,1986,买盘
452,13:42:02,9.93,--,101,100293,买盘
453,13:41:52,9.93,--,55,54615,买盘
454,13:41:41,9.93,--,2,1986,买盘
455,13:41:22,9.93,--,10,9930,买盘
456,13:41:17,9.93,0.01,2,1986,买盘
457,13:41:11,9.92,-0.01,1,992,卖盘
458,13:40:57,9.93,--,55,54615,买盘
459,13:40:47,9.93,--,2,1986,买盘
460,13:40:17,9.93,--,2,1986,买盘
461,13:40:02,9.93,--,52,51636,买盘
462,13:39:47,9.93,--,2,1986,买盘
463,13:39:26,9.93,0.01,2,1986,买盘
464,13:39:11,9.92,-0.01,38,37696,卖盘
465,13:38:56,9.93,--,2,1986,买盘
466,13:38:32,9.93,--,2,1986,买盘
467,13:38:07,9.93,--,2,1986,买盘
468,13:37:52,9.93,--,68,67524,买盘
469,13:37:47,9.93,--,70,69510,卖盘
470,13:37:32,9.93,-0.01,10,9930,卖盘
471,13:37:17,9.94,0.02,2,1988,买盘
472,13:37:07,9.92,--,0,0,卖盘
473,13:37:02,9.92,-0.02,960,952320,卖盘
474,13:36:56,9.94,--,1,994,买盘
475,13:36:35,9.94,--,6,5964,买盘
476,13:36:30,9.94,--,55,54670,买盘
477,13:36:26,9.94,--,2,1988,买盘
478,13:36:05,9.94,--,7,6958,买盘
479,13:36:01,9.94,--,24,23856,买盘
480,13:35:56,9.94,--,2,1988,买盘
481,13:35:46,9.94,--,56,55664,买盘
482,13:35:35,9.94,--,4,3976,买盘
483,13:35:31,9.94,--,2,1988,买盘
484,13:35:11,9.94,--,2,1988,买盘
485,13:34:46,9.94,--,58,57652,买盘
486,13:34:41,9.94,--,4,3976,买盘
487,13:34:35,9.94,--,4,3976,买盘
488,13:34:11,9.94,--,2,1988,买盘
489,13:34:05,9.94,0.01,5,4970,买盘
490,13:33:56,9.93,-0.01,20,19860,卖盘
491,13:33:46,9.94,--,2,1988,买盘
492,13:33:41,9.94,--,58,57652,买盘
493,13:33:35,9.94,--,4,3976,买盘
494,13:33:31,9.94,--,1,994,买盘
495,13:33:20,9.94,--,2,1988,买盘
496,13:33:16,9.94,--,10,9940,买盘
497,13:33:05,9.94,--,24,24253,买盘
498,13:32:56,9.94,0.01,2,1988,买盘
499,13:32:50,9.93,-0.01,1,993,卖盘
500,13:32:46,9.94,--,23,22862,买盘
501,13:32:41,9.94,--,62,62125,买盘
502,13:32:35,9.94,0.01,5,4970,买盘
503,13:32:11,9.93,-0.01,4,4468,卖盘
504,13:32:05,9.94,0.01,11,10934,买盘
505,13:31:50,9.93,-0.01,53,52629,卖盘
506,13:31:46,9.94,--,58,57652,买盘
507,13:31:41,9.94,--,2,1988,买盘
508,13:31:35,9.94,--,14,13916,买盘
509,13:31:20,9.94,--,2,1988,买盘
510,13:30:50,9.94,--,2,1988,买盘
511,13:30:46,9.94,--,112,111328,买盘
512,13:30:41,9.94,--,77,76538,买盘
513,13:30:35,9.94,--,8,7952,买盘
514,13:30:26,9.94,--,2,1988,买盘
515,13:30:05,9.94,--,6,5964,买盘
516,13:29:50,9.94,--,58,57652,买盘
517,13:29:40,9.94,--,100,99400,买盘
518,13:29:35,9.94,--,37,36778,买盘
519,13:29:05,9.94,--,2,1988,买盘
520,13:28:50,9.94,--,194,192836,买盘
521,13:28:35,9.94,0.01,8,7952,买盘
522,13:28:29,9.93,-0.01,12,11916,卖盘
523,13:28:14,9.94,--,2,1988,买盘
524,13:28:05,9.94,--,8,7952,买盘
525,13:27:59,9.94,0.01,58,57652,买盘
526,13:27:50,9.93,--,19,18867,卖盘
527,13:27:35,9.93,-0.01,5,4965,卖盘
528,13:27:05,9.94,--,21,20874,买盘
529,13:26:50,9.94,--,11,10934,买盘
530,13:26:44,9.94,--,89,88466,买盘
531,13:26:40,9.94,--,119,118286,买盘
532,13:26:35,9.94,0.01,7,6958,买盘
533,13:26:20,9.93,-0.01,45,44685,卖盘
534,13:26:14,9.94,--,51,50694,买盘
535,13:26:10,9.94,0.01,117,116298,买盘
536,13:26:05,9.93,-0.01,5,4965,卖盘
537,13:25:59,9.94,0.01,28,27832,买盘
538,13:25:50,9.93,--,102,101286,卖盘
539,13:25:44,9.93,-0.01,1,993,卖盘
540,13:25:35,9.94,--,117,116298,买盘
541,13:25:29,9.94,0.01,35,34790,买盘
542,13:25:25,9.93,--,586,581898,买盘
543,13:25:05,9.93,--,117,116181,买盘
544,13:24:55,9.93,--,2,1986,买盘
545,13:24:50,9.93,--,23,22839,买盘
546,13:24:44,9.93,--,58,57594,买盘
547,13:24:35,9.93,--,129,128097,买盘
548,13:24:29,9.93,--,2,1986,买盘
549,13:24:14,9.93,--,94,93342,买盘
550,13:23:50,9.93,0.01,2,1986,买盘
551,13:23:35,9.92,-0.01,29,28768,卖盘
552,13:23:24,9.93,--,5,4965,买盘
553,13:23:20,9.93,--,94,93342,买盘
554,13:23:14,9.93,0.01,2,1986,买盘
555,13:22:55,9.92,-0.01,401,397792,卖盘
556,13:22:49,9.93,0.01,2,1986,买盘
557,13:22:39,9.92,-0.01,28,27776,卖盘
558,13:22:34,9.93,0.01,6,5958,买盘
559,13:22:14,9.92,-0.01,2,1984,卖盘
560,13:22:09,9.93,--,2,1986,买盘
561,13:21:44,9.93,0.01,2,1986,买盘
562,13:21:34,9.92,--,5,4960,卖盘
563,13:21:29,9.92,-0.01,1,992,卖盘
564,13:21:14,9.93,0.01,2,1986,买盘
565,13:21:08,9.92,-0.01,140,138880,卖盘
566,13:21:04,9.93,0.01,4,3972,买盘
567,13:20:44,9.92,-0.01,1,992,卖盘
568,13:20:33,9.93,0.01,4,3972,买盘
569,13:20:29,9.92,-0.01,19,18848,卖盘
570,13:20:08,9.93,0.01,200,198600,买盘
571,13:20:04,9.92,-0.01,6,5952,卖盘
572,13:19:49,9.93,--,2,1986,买盘
573,13:19:38,9.93,-0.01,161,159873,卖盘
574,13:19:33,9.94,--,13,12922,买盘
575,13:19:29,9.94,0.01,194,192836,买盘
576,13:19:23,9.93,-0.01,1,993,卖盘
577,13:19:14,9.94,--,2,1988,买盘
578,13:19:04,9.94,--,23,22862,买盘
579,13:18:59,9.94,--,181,179914,买盘
580,13:18:53,9.94,0.01,26,25844,买盘
581,13:18:38,9.93,-0.01,1,993,卖盘
582,13:18:34,9.94,0.01,7,6958,买盘
583,13:18:29,9.93,-0.01,9,8937,卖盘
584,13:18:23,9.94,--,10,9940,买盘
585,13:18:19,9.94,0.01,29,28826,买盘
586,13:18:08,9.93,-0.01,1,993,卖盘
587,13:17:59,9.94,0.01,2,1988,买盘
588,13:17:48,9.93,-0.01,1,993,卖盘
589,13:17:44,9.94,--,24,23856,买盘
590,13:17:33,9.94,0.01,1,994,买盘
591,13:17:29,9.93,--,176,174768,卖盘
592,13:17:13,9.93,-0.01,25,24825,卖盘
593,13:17:08,9.94,0.01,72,71568,买盘
594,13:16:53,9.93,--,6,5958,卖盘
595,13:16:44,9.93,0.01,14,13902,卖盘
596,13:16:33,9.92,-0.01,8,7936,卖盘
597,13:16:29,9.93,-0.01,4,3972,卖盘
598,13:16:23,9.94,--,427,424438,买盘
599,13:16:14,9.94,0.01,13,12922,买盘
600,13:16:08,9.93,-0.01,1,993,卖盘
601,13:16:03,9.94,--,0,0,买盘
602,13:15:58,9.94,--,18,17892,买盘
603,13:15:48,9.94,--,4,3976,买盘
604,13:15:37,9.94,--,81,80514,买盘
605,13:15:28,9.94,--,23,22862,买盘
606,13:15:23,9.94,0.02,2,1988,买盘
607,13:15:18,9.92,-0.02,1,992,卖盘
608,13:15:08,9.94,0.02,207,205758,买盘
609,13:15:03,9.92,--,4,4642,卖盘
610,13:14:58,9.92,--,66,65472,卖盘
611,13:14:53,9.92,-0.02,1,992,卖盘
612,13:14:38,9.94,0.02,100,99400,买盘
613,13:14:33,9.92,0.01,3,2976,买盘
614,13:14:23,9.91,--,70,69370,卖盘
615,13:14:18,9.91,-0.01,1,991,卖盘
616,13:14:08,9.92,--,105,104160,卖盘
617,13:14:03,9.92,--,2,1984,买盘
618,13:13:57,9.92,-0.02,2,1984,卖盘
619,13:13:43,9.94,--,2,1988,买盘
620,13:13:38,9.94,0.03,102,101388,买盘
621,13:13:33,9.91,-0.03,24,23784,卖盘
622,13:13:17,9.94,0.02,2,1988,买盘
623,13:13:13,9.92,--,1,992,卖盘
624,13:13:08,9.92,-0.02,101,100192,卖盘
625,13:13:02,9.94,--,0,0,买盘
626,13:12:53,9.94,0.02,90,89460,买盘
627,13:12:38,9.92,-0.02,101,100192,卖盘
628,13:12:31,9.94,--,1,994,买盘
629,13:12:23,9.94,0.02,81,80514,买盘
630,13:12:17,9.92,-0.02,1,992,卖盘
631,13:12:08,9.94,0.01,100,99400,买盘
632,13:12:02,9.93,0.01,2,1986,买盘
633,13:11:58,9.92,-0.01,1,992,卖盘
634,13:11:42,9.93,--,0,0,买盘
635,13:11:38,9.93,0.02,2,1986,买盘
636,13:11:32,9.91,-0.01,6,5946,卖盘
637,13:11:27,9.92,-0.02,2,1984,卖盘
638,13:11:17,9.94,0.01,25,24850,买盘
639,13:11:02,9.93,--,6,5958,买盘
640,13:10:47,9.93,0.01,2,1986,中性盘
641,13:10:42,9.92,--,4,3968,卖盘
642,13:10:38,9.92,-0.02,1,992,卖盘
643,13:10:23,9.94,0.02,75,74550,买盘
644,13:10:17,9.92,-0.02,1,992,卖盘
645,13:10:02,9.94,--,5,4970,买盘
646,13:09:58,9.94,0.02,10,9940,买盘
647,13:09:53,9.92,-0.02,3,2976,卖盘
648,13:09:32,9.94,--,2,1988,买盘
649,13:09:02,9.94,--,10,9940,买盘
650,13:08:36,9.94,--,2,1988,买盘
651,13:08:11,9.94,0.02,2,1988,买盘
652,13:08:02,9.92,--,48,47616,卖盘
653,13:07:32,9.92,-0.01,1,992,卖盘
654,13:07:26,9.93,--,11,10923,卖盘
655,13:06:42,9.93,--,1,993,卖盘
656,13:06:21,9.93,-0.01,105,104265,卖盘
657,13:05:32,9.94,--,4,3976,买盘
658,13:05:25,9.94,0.01,2,1988,买盘
659,13:05:22,9.93,--,41,40713,卖盘
660,13:05:02,9.93,-0.01,24,23832,卖盘
661,13:04:36,9.94,0.01,145,144130,买盘
662,13:04:26,9.93,--,41,40713,卖盘
663,13:03:55,9.93,--,3,3177,买盘
664,13:03:32,9.93,-0.01,0,794,卖盘
665,13:03:26,9.94,0.01,25,24850,买盘
666,13:03:21,9.93,-0.01,20,19860,卖盘
667,13:03:17,9.94,0.01,53,52682,买盘
668,13:02:51,9.93,-0.01,1,993,卖盘
669,13:02:35,9.94,0.01,4,3976,买盘
670,13:02:26,9.93,-0.01,21,20853,卖盘
671,13:02:21,9.94,--,2,1988,买盘
672,13:02:06,9.94,--,5,4970,买盘
673,13:02:00,9.94,--,2,1988,买盘
674,13:01:30,9.94,0.01,7,6958,买盘
675,13:01:26,9.93,-0.01,191,189663,卖盘
676,13:01:21,9.94,--,191,190162,卖盘
677,13:01:11,9.94,-0.01,10,9940,卖盘
678,13:01:06,9.95,--,5,4975,买盘
679,13:00:36,9.95,--,4,3979,买盘
680,13:00:30,9.95,0.01,25,24875,买盘
681,13:00:11,9.94,--,55,54670,卖盘
682,13:00:06,9.94,--,171,170659,卖盘
683,11:30:00,9.94,--,0,0,卖盘
684,11:30:00,9.94,--,0,0,卖盘
685,11:29:49,9.94,-0.01,4,3976,卖盘
686,11:29:47,9.95,0.01,2,1989,买盘
687,11:29:40,9.94,--,5,4970,卖盘
688,11:29:35,9.94,--,206,204764,买盘
689,11:29:32,9.94,--,1,994,买盘
690,11:29:16,9.94,--,2,1988,买盘
691,11:29:10,9.94,0.01,1,994,买盘
692,11:28:46,9.93,-0.01,38,37734,卖盘
693,11:28:36,9.94,--,3,2982,买盘
694,11:27:51,9.94,--,2,1988,买盘
695,11:27:41,9.94,--,3,2982,买盘
696,11:27:21,9.94,-0.01,4,3976,卖盘
697,11:27:16,9.95,0.01,2,1989,买盘
698,11:26:56,9.94,-0.01,30,29820,卖盘
699,11:26:51,9.95,0.01,2,1989,买盘
700,11:26:46,9.94,--,166,165004,买盘
701,11:26:25,9.94,--,90,89460,买盘
702,11:26:16,9.94,0.01,2,1988,买盘
703,11:25:55,9.93,-0.01,3,2979,卖盘
704,11:25:46,9.94,--,25,24850,买盘
705,11:25:40,9.94,--,300,298200,买盘
706,11:25:25,9.94,--,2,1988,买盘
707,11:25:16,9.94,--,400,397600,买盘
708,11:25:01,9.94,--,2,1988,买盘
709,11:24:41,9.94,0.01,412,409528,买盘
710,11:24:35,9.93,-0.01,20,19860,卖盘
711,11:24:31,9.94,0.01,2,1988,买盘
712,11:24:11,9.93,--,32,31776,卖盘
713,11:23:50,9.93,--,1,993,卖盘
714,11:23:45,9.93,-0.01,53,52629,卖盘
715,11:23:41,9.94,--,2,1988,买盘
716,11:23:20,9.94,--,33,32802,买盘
717,11:22:56,9.94,--,316,314104,买盘
718,11:22:35,9.94,--,24,23856,买盘
719,11:22:05,9.94,--,11,10934,买盘
720,11:22:00,9.94,0.01,2,1988,买盘
721,11:21:41,9.93,--,3,2979,卖盘
722,11:21:35,9.93,-0.01,52,51636,卖盘
723,11:21:20,9.94,--,11,10934,买盘
724,11:21:10,9.94,0.01,2,1988,买盘
725,11:21:05,9.93,--,53,52827,买盘
726,11:20:56,9.93,-0.01,51,51437,卖盘
727,11:20:45,9.94,0.01,2,1988,买盘
728,11:20:25,9.93,--,148,147162,买盘
729,11:20:19,9.93,--,1,1787,卖盘
730,11:20:11,9.93,--,2,1986,卖盘
731,11:20:05,9.93,--,82,81426,卖盘
732,11:19:55,9.93,-0.01,59,58785,卖盘
733,11:19:45,9.94,0.02,367,364798,买盘
734,11:19:34,9.92,-0.01,1,992,卖盘
735,11:19:20,9.93,0.01,26,25818,买盘
736,11:19:04,9.92,--,83,82336,卖盘
737,11:19:00,9.92,-0.01,5,4960,卖盘
738,11:18:55,9.93,0.01,2,1986,买盘
739,11:18:50,9.92,-0.01,0,277,卖盘
740,11:18:40,9.93,0.01,6,5958,买盘
741,11:18:19,9.92,-0.01,92,91660,卖盘
742,11:18:14,9.93,0.01,90,89370,买盘
743,11:18:00,9.92,-0.01,1,992,卖盘
744,11:17:55,9.93,--,44,43692,买盘
745,11:17:29,9.93,--,24,23832,买盘
746,11:17:25,9.93,0.01,2,1986,买盘
747,11:17:13,9.92,--,1,992,卖盘
748,11:17:05,9.92,-0.01,5,4960,卖盘
749,11:16:44,9.93,-0.01,31,30783,卖盘
750,11:16:40,9.94,--,2,1988,买盘
751,11:16:34,9.94,0.01,50,49700,买盘
752,11:16:28,9.93,--,5,4965,卖盘
753,11:16:19,9.93,-0.01,50,49650,卖盘
754,11:16:14,9.94,0.01,1,994,买盘
755,11:16:05,9.93,--,114,113202,买盘
756,11:15:49,9.93,0.01,23,22839,买盘
757,11:15:34,9.92,-0.01,10,9920,卖盘
758,11:15:24,9.93,--,2,1986,买盘
759,11:15:04,9.93,--,25,24825,买盘
760,11:14:59,9.93,0.01,2,1986,买盘
761,11:14:29,9.92,-0.01,4,3968,卖盘
762,11:14:13,9.93,--,23,22839,买盘
763,11:14:04,9.93,--,2,1986,买盘
764,11:13:43,9.93,0.01,2,1986,买盘
765,11:13:34,9.92,-0.01,21,21010,卖盘
766,11:13:13,9.93,-0.01,2,1986,买盘
767,11:12:23,9.94,--,0,0,买盘
768,11:12:14,9.94,--,2,1988,买盘
769,11:11:49,9.94,--,26,25844,买盘
770,11:11:23,9.94,--,2,1988,买盘
771,11:10:28,9.94,0.02,2,1988,买盘
772,11:10:13,9.92,-0.02,3,2976,卖盘
773,11:10:07,9.94,0.02,16,16132,买盘
774,11:09:49,9.92,-0.02,7,6944,卖盘
775,11:09:44,9.94,--,2,1988,买盘
776,11:09:37,9.94,--,0,0,买盘
777,11:09:34,9.94,--,0,0,买盘
778,11:09:28,9.94,0.02,10,9940,买盘
779,11:09:22,9.92,-0.01,82,82326,卖盘
780,11:09:19,9.93,--,2,1986,买盘
781,11:09:13,9.93,--,10,9930,买盘
782,11:08:58,9.93,--,23,22839,买盘
783,11:08:53,9.93,--,2,1986,买盘
784,11:08:29,9.93,0.01,2,1986,买盘
785,11:08:13,9.92,-0.01,83,83228,卖盘
786,11:07:59,9.93,--,4,3972,中性盘
787,11:07:52,9.93,--,50,49650,卖盘
788,11:07:37,9.93,-0.01,3,2979,卖盘
789,11:07:22,9.94,--,60,59640,买盘
790,11:07:18,9.94,--,0,0,买盘
791,11:06:58,9.94,0.01,2,1988,买盘
792,11:06:47,9.93,--,47,46671,买盘
793,11:06:33,9.93,--,2,1986,买盘
794,11:06:28,9.93,--,71,70503,卖盘
795,11:06:22,9.93,--,6,5958,卖盘
796,11:05:58,9.93,-0.01,3,2979,卖盘
797,11:05:52,9.94,--,0,0,买盘
798,11:05:48,9.94,--,31,30814,买盘
799,11:05:43,9.94,--,0,0,买盘
800,11:05:38,9.94,0.01,41,40754,买盘
801,11:05:28,9.93,-0.01,2,1986,买盘
802,11:05:22,9.94,--,0,0,买盘
803,11:05:07,9.94,0.02,1154,1147076,买盘
804,11:04:58,9.92,--,2,1984,买盘
805,11:04:52,9.92,--,24,23808,买盘
806,11:04:47,9.92,--,11,10912,买盘
807,11:04:22,9.92,--,25,24800,买盘
808,11:03:52,9.92,0.01,2,1984,买盘
809,11:03:43,9.91,-0.01,3,2973,卖盘
810,11:03:07,9.92,--,83,82336,买盘
811,11:03:01,9.92,--,2,1984,买盘
812,11:02:31,9.92,--,2,1984,买盘
813,11:02:07,9.92,--,2,1984,买盘
814,11:01:46,9.92,--,33,32736,买盘
815,11:01:37,9.92,--,2,1984,买盘
816,11:01:16,9.92,--,2,1984,买盘
817,11:00:46,9.92,--,26,25792,买盘
818,11:00:22,9.92,0.01,2,1984,买盘
819,10:59:52,9.91,-0.01,280,277480,卖盘
820,10:59:46,9.92,0.01,2,1984,买盘
821,10:59:31,9.91,--,60,59460,卖盘
822,10:59:26,9.91,-0.01,70,69370,卖盘
823,10:59:22,9.92,0.01,2,1984,买盘
824,10:59:07,9.91,-0.01,5,4955,卖盘
825,10:58:56,9.92,--,24,23808,买盘
826,10:58:52,9.92,0.01,2,1984,买盘
827,10:58:16,9.91,--,4,3964,卖盘
828,10:58:07,9.91,--,35,34685,卖盘
829,10:57:52,9.91,--,49,48559,卖盘
830,10:57:46,9.91,--,0,0,卖盘
831,10:57:42,9.91,-0.01,205,203155,卖盘
832,10:57:37,9.92,--,97,96224,卖盘
833,10:57:27,9.92,--,50,49600,卖盘
834,10:57:16,9.92,--,12,11904,卖盘
835,10:57:11,9.92,--,49,48608,卖盘
836,10:57:07,9.92,--,68,67456,卖盘
837,10:57:01,9.92,--,41,40672,卖盘
838,10:56:55,9.92,-0.01,26,25792,卖盘
839,10:56:40,9.93,0.01,3,2979,买盘
840,10:55:55,9.92,-0.01,100,99200,卖盘
841,10:55:16,9.93,0.01,23,22839,买盘
842,10:55:10,9.92,--,4,3968,卖盘
843,10:55:07,9.92,-0.01,5,4960,卖盘
844,10:54:55,9.93,--,16,15888,买盘
845,10:53:46,9.93,0.01,117,116181,买盘
846,10:53:01,9.92,--,26,25792,卖盘
847,10:52:51,9.92,--,166,164672,卖盘
848,10:52:16,9.92,--,188,186496,买盘
849,10:52:10,9.92,--,8,7936,买盘
850,10:52:06,9.92,0.01,54,53568,买盘
851,10:51:46,9.91,-0.01,63,62433,卖盘
852,10:51:40,9.92,--,100,99200,买盘
853,10:50:40,9.92,--,11,10912,买盘
854,10:50:21,9.92,--,16,15872,买盘
855,10:50:04,9.92,0.01,552,547584,买盘
856,10:49:49,9.91,-0.01,10,9910,卖盘
857,10:49:34,9.92,0.01,73,72416,买盘
858,10:49:04,9.91,-0.01,940,932194,卖盘
859,10:48:55,9.92,--,10,9920,买盘
860,10:48:46,9.92,--,30,29760,买盘
861,10:48:19,9.92,--,1,992,买盘
862,10:47:49,9.92,--,23,22816,买盘
863,10:47:25,9.92,--,20,19840,买盘
864,10:46:55,9.92,--,23,22816,买盘
865,10:45:59,9.92,0.01,23,22816,买盘
866,10:45:55,9.91,-0.01,25,24775,卖盘
867,10:45:25,9.92,--,23,22816,买盘
868,10:45:10,9.92,--,550,545937,卖盘
869,10:44:55,9.92,--,23,22816,卖盘
870,10:44:30,9.92,-0.01,26,25792,卖盘
871,10:44:19,9.93,--,5,4965,买盘
872,10:43:43,9.93,--,5,4965,买盘
873,10:43:40,9.93,0.01,172,170796,买盘
874,10:43:19,9.92,-0.01,13,12896,卖盘
875,10:43:13,9.93,--,28,27804,买盘
876,10:42:54,9.93,--,10,9930,买盘
877,10:40:58,9.93,--,12,11916,买盘
878,10:40:39,9.93,--,20,19860,买盘
879,10:40:28,9.93,0.01,2,1986,买盘
880,10:40:04,9.92,-0.01,83,82336,卖盘
881,10:39:58,9.93,--,2,1986,买盘
882,10:39:54,9.93,0.01,100,99300,买盘
883,10:39:49,9.92,-0.01,30,29760,卖盘
884,10:39:43,9.93,--,2,1986,买盘
885,10:39:34,9.93,--,116,115188,买盘
886,10:39:19,9.93,--,28,27804,买盘
887,10:39:04,9.93,--,42,41706,买盘
888,10:38:43,9.93,0.01,34,33762,买盘
889,10:38:34,9.92,--,50,49600,卖盘
890,10:38:13,9.92,-0.01,5,4960,卖盘
891,10:38:07,9.93,0.01,20,19860,买盘
892,10:38:04,9.92,--,29,28768,卖盘
893,10:37:43,9.92,--,1,992,卖盘
894,10:37:34,9.92,--,31,30752,卖盘
895,10:37:13,9.92,-0.01,4,3968,卖盘
896,10:36:58,9.93,--,52,51636,买盘
897,10:36:53,9.93,0.01,1,993,买盘
898,10:36:34,9.92,--,34,33728,卖盘
899,10:36:13,9.92,--,50,49600,卖盘
900,10:35:22,9.92,-0.01,72,71424,卖盘
901,10:34:58,9.93,--,103,102279,买盘
902,10:34:43,9.93,--,23,22839,买盘
903,10:34:37,9.93,--,25,24825,买盘
904,10:34:13,9.93,0.01,2,1986,买盘
905,10:34:03,9.92,-0.01,20,19840,卖盘
906,10:33:52,9.93,--,20,19860,买盘
907,10:33:43,9.93,--,2,1986,买盘
908,10:33:22,9.93,0.01,2,1986,买盘
909,10:32:58,9.92,-0.01,5,4960,卖盘
910,10:32:52,9.93,--,5,4965,买盘
911,10:32:48,9.93,--,47,46671,买盘
912,10:32:43,9.93,--,40,39720,买盘
913,10:32:13,9.93,0.01,2,1986,买盘
914,10:31:58,9.92,-0.01,1,992,卖盘
915,10:31:48,9.93,--,2,1986,买盘
916,10:31:37,9.93,--,20,19860,买盘
917,10:31:22,9.93,--,14,13902,买盘
918,10:31:02,9.93,--,33,32769,买盘
919,10:30:52,9.93,--,2,1986,买盘
920,10:30:43,9.93,0.01,65,64545,买盘
921,10:30:13,9.92,-0.01,50,49600,卖盘
922,10:29:52,9.93,--,2,1986,买盘
923,10:29:16,9.93,--,26,25818,买盘
924,10:28:37,9.93,--,2,1986,买盘
925,10:28:07,9.93,--,97,96321,买盘
926,10:27:37,9.93,0.01,2,1986,买盘
927,10:27:31,9.92,-0.01,20,19840,卖盘
928,10:27:07,9.93,0.01,2,1986,买盘
929,10:26:46,9.92,-0.01,57,56544,卖盘
930,10:26:42,9.93,0.01,2,1986,买盘
931,10:26:37,9.92,--,3,2976,卖盘
932,10:26:31,9.92,--,167,165664,卖盘
933,10:26:27,9.92,--,100,99200,卖盘
934,10:26:16,9.92,-0.01,28,27776,卖盘
935,10:26:01,9.93,--,2,1986,买盘
936,10:25:52,9.93,--,23,22839,买盘
937,10:25:37,9.93,--,2,1986,买盘
938,10:25:31,9.93,--,23,22839,买盘
939,10:25:12,9.93,--,2,1986,买盘
940,10:24:46,9.93,0.01,2,1986,买盘
941,10:24:22,9.92,-0.01,10,9920,卖盘
942,10:24:16,9.93,--,2,1986,买盘
943,10:24:07,9.93,--,13,12909,买盘
944,10:23:57,9.93,-0.01,129,128891,卖盘
945,10:23:52,9.94,0.01,50,49700,买盘
946,10:23:46,9.93,--,210,208530,卖盘
947,10:23:42,9.93,--,15,14895,卖盘
948,10:23:37,9.93,--,290,287970,卖盘
949,10:23:22,9.93,--,600,595800,卖盘
950,10:23:16,9.93,-0.01,50,49650,卖盘
951,10:23:10,9.94,0.01,15,14910,买盘
952,10:23:06,9.93,-0.01,100,99300,卖盘
953,10:23:01,9.94,--,2,1988,买盘
954,10:22:16,9.94,0.01,2,1988,买盘
955,10:21:55,9.93,-0.01,25,24825,卖盘
956,10:21:46,9.94,0.01,102,101388,买盘
957,10:21:16,9.93,--,3,2979,卖盘
958,10:21:10,9.93,--,3,2979,卖盘
959,10:20:55,9.93,--,1,993,卖盘
960,10:20:51,9.93,-0.01,5,4965,卖盘
961,10:20:46,9.94,0.01,23,22862,买盘
962,10:20:40,9.93,-0.01,10,9930,卖盘
963,10:20:31,9.94,--,18,17892,买盘
964,10:20:25,9.94,0.01,18,17892,买盘
965,10:20:21,9.93,-0.01,50,49650,卖盘
966,10:19:55,9.94,0.01,3,2982,买盘
967,10:19:36,9.93,--,27,26811,卖盘
968,10:19:25,9.93,-0.01,1,993,卖盘
969,10:19:16,9.94,--,2,1988,买盘
970,10:19:10,9.94,0.01,20,19880,买盘
971,10:18:55,9.93,-0.01,1,993,卖盘
972,10:18:51,9.94,--,2,1988,买盘
973,10:18:46,9.94,--,5,4970,买盘
974,10:18:31,9.94,--,24,23856,买盘
975,10:18:25,9.94,0.01,3,2982,买盘
976,10:18:16,9.93,--,20,19860,卖盘
977,10:18:01,9.93,--,42,41706,卖盘
978,10:17:55,9.93,--,1,993,卖盘
979,10:17:40,9.93,-0.01,30,29790,卖盘
980,10:17:25,9.94,--,28,27832,买盘
981,10:17:00,9.94,0.01,2,1988,买盘
982,10:16:55,9.93,-0.01,1,993,卖盘
983,10:16:30,9.94,0.01,202,200788,买盘
984,10:16:25,9.93,-0.01,1,993,卖盘
985,10:16:04,9.94,0.01,2,1988,买盘
986,10:15:55,9.93,--,2,1986,卖盘
987,10:15:49,9.93,--,81,80433,卖盘
988,10:15:40,9.93,--,1,1191,卖盘
989,10:15:34,9.93,0.01,390,387270,买盘
990,10:15:25,9.92,-0.01,1,992,卖盘
991,10:15:10,9.93,--,2,1986,买盘
992,10:15:04,9.93,0.01,3,2979,买盘
993,10:14:55,9.92,-0.01,101,100192,卖盘
994,10:14:40,9.93,--,62,61566,买盘
995,10:14:34,9.93,--,24,23832,买盘
996,10:14:16,9.93,--,2,1986,买盘
997,10:14:04,9.93,--,5,4965,买盘
998,10:13:55,9.93,--,2,1986,买盘
999,10:13:49,9.93,--,4,3972,买盘
1000,10:13:25,9.93,--,25,24825,买盘
1001,10:13:19,9.93,--,2,1986,买盘
1002,10:12:55,9.93,--,31,30783,买盘
1003,10:12:25,9.93,0.01,2,1986,买盘
1004,10:12:19,9.92,-0.01,5,4960,卖盘
1005,10:11:55,9.93,--,2,1986,买盘
1006,10:11:15,9.93,--,24,23832,买盘
1007,10:11:10,9.93,--,2,1986,买盘
1008,10:10:55,9.93,--,1,993,中性盘
1009,10:10:49,9.93,0.01,10,9930,卖盘
1010,10:10:40,9.92,--,0,0,卖盘
1011,10:10:25,9.92,-0.01,75,74400,卖盘
1012,10:10:04,9.93,--,0,0,买盘
1013,10:09:49,9.93,-0.01,357,355017,卖盘
1014,10:09:30,9.94,0.01,2,1988,买盘
1015,10:09:25,9.93,--,30,29790,卖盘
1016,10:09:15,9.93,--,189,188153,买盘
1017,10:09:09,9.93,--,25,24825,买盘
1018,10:09:04,9.93,--,25,24825,买盘
1019,10:09:00,9.93,--,102,101286,买盘
1020,10:08:49,9.93,-0.01,36,36264,卖盘
1021,10:08:45,9.94,0.01,2,1988,买盘
1022,10:08:30,9.93,--,13,12909,卖盘
1023,10:08:24,9.93,--,26,26294,买盘
1024,10:08:15,9.93,--,2,1986,买盘
1025,10:08:04,9.93,--,26,25818,买盘
1026,10:07:49,9.93,-0.01,48,48180,卖盘
1027,10:07:34,9.94,0.01,18,17892,买盘
1028,10:07:13,9.93,--,55,55091,买盘
1029,10:07:04,9.93,0.01,143,141999,买盘
1030,10:06:58,9.92,-0.01,38,37696,卖盘
1031,10:06:49,9.93,0.01,10,9930,买盘
1032,10:06:28,9.92,-0.01,10,9920,卖盘
1033,10:06:24,9.93,--,5,4965,买盘
1034,10:06:04,9.93,--,68,67524,买盘
1035,10:05:54,9.93,--,99,98307,买盘
1036,10:05:49,9.93,--,38,37734,买盘
1037,10:05:34,9.93,--,177,175761,买盘
1038,10:05:19,9.93,--,30,29790,买盘
1039,10:05:04,9.93,--,5,4965,买盘
1040,10:04:58,9.93,--,10,9930,买盘
1041,10:04:54,9.93,--,100,99300,买盘
1042,10:04:43,9.93,--,1,993,买盘
1043,10:04:34,9.93,--,27,26811,买盘
1044,10:04:04,9.93,--,2,1986,买盘
1045,10:03:58,9.93,0.01,500,496500,买盘
1046,10:03:43,9.92,--,20,19840,卖盘
1047,10:03:13,9.92,--,5,4960,卖盘
1048,10:02:19,9.92,-0.01,13,12896,卖盘
1049,10:01:54,9.93,--,18,17874,买盘
1050,10:01:39,9.93,--,1,993,买盘
1051,10:01:33,9.93,0.01,24,23832,买盘
1052,10:01:28,9.92,-0.01,40,39680,卖盘
1053,10:01:13,9.93,0.01,17,16881,买盘
1054,10:01:09,9.92,-0.01,11,10912,卖盘
1055,10:00:58,9.93,0.01,18,17874,买盘
1056,10:00:54,9.92,--,20,19840,卖盘
1057,10:00:39,9.92,--,35,34720,卖盘
1058,10:00:23,9.92,--,33,33390,买盘
1059,10:00:18,9.92,--,17,16864,买盘
1060,10:00:13,9.92,--,18,17856,买盘
1061,10:00:09,9.92,--,780,773760,买盘
1062,10:00:03,9.92,0.01,502,497984,买盘
1063,09:59:54,9.91,-0.01,5,4955,卖盘
1064,09:59:48,9.92,--,22,21824,买盘
1065,09:59:37,9.92,--,48,47616,买盘
1066,09:59:33,9.92,--,31,30752,买盘
1067,09:59:28,9.92,--,17,16864,买盘
1068,09:59:22,9.92,--,48,47616,买盘
1069,09:59:18,9.92,0.01,35,34720,买盘
1070,09:59:07,9.91,-0.01,16,15856,卖盘
1071,09:58:48,9.92,--,17,16864,买盘
1072,09:58:37,9.92,--,2,1984,买盘
1073,09:58:28,9.92,0.01,54,53568,买盘
1074,09:58:03,9.91,-0.01,33,32703,卖盘
1075,09:57:58,9.92,0.01,50,49600,买盘
1076,09:57:52,9.91,--,10,9910,卖盘
1077,09:57:48,9.91,--,136,135697,卖盘
1078,09:57:43,9.91,--,10,9910,卖盘
1079,09:57:28,9.91,-0.01,221,219605,卖盘
1080,09:57:07,9.92,--,120,119040,买盘
1081,09:57:03,9.92,--,220,218240,买盘
1082,09:56:58,9.92,--,63,62496,买盘
1083,09:56:52,9.92,0.01,14,13888,买盘
1084,09:56:37,9.91,-0.01,22,21802,卖盘
1085,09:56:33,9.92,0.01,6,5952,买盘
1086,09:56:28,9.91,-0.01,1005,995955,卖盘
1087,09:56:22,9.92,--,40,39680,买盘
1088,09:56:17,9.92,--,35,34720,买盘
1089,09:56:13,9.92,--,33,32736,买盘
1090,09:56:07,9.92,--,13,12896,买盘
1091,09:55:58,9.92,--,3,2976,买盘
1092,09:55:52,9.92,--,21,20832,买盘
1093,09:55:43,9.92,--,80,79360,买盘
1094,09:55:32,9.92,--,49,48608,买盘
1095,09:55:28,9.92,--,56,55552,买盘
1096,09:55:22,9.92,--,104,103168,买盘
1097,09:55:13,9.92,--,49,48608,买盘
1098,09:55:07,9.92,--,20,19840,买盘
1099,09:55:03,9.92,0.01,1,992,买盘
1100,09:54:58,9.91,-0.01,80,79280,卖盘
1101,09:54:48,9.92,0.01,70,69440,买盘
1102,09:54:33,9.91,-0.01,30,29730,卖盘
1103,09:54:22,9.92,0.01,6,5952,买盘
1104,09:54:17,9.91,-0.01,5,4955,卖盘
1105,09:54:07,9.92,--,30,29760,买盘
1106,09:54:02,9.92,0.01,4,3968,买盘
1107,09:53:52,9.91,-0.01,5,4955,卖盘
1108,09:53:48,9.92,--,11,10912,买盘
1109,09:53:42,9.92,0.01,207,205344,买盘
1110,09:53:37,9.91,-0.01,348,344868,卖盘
1111,09:53:32,9.92,--,11,10912,买盘
1112,09:53:22,9.92,--,43,42656,买盘
1113,09:53:18,9.92,--,102,101184,买盘
1114,09:53:12,9.92,--,56,55552,买盘
1115,09:53:07,9.92,--,500,496000,买盘
1116,09:53:03,9.92,--,372,369024,买盘
1117,09:52:57,9.92,--,2,1984,买盘
1118,09:52:47,9.92,--,101,100192,买盘
1119,09:52:42,9.92,--,22,21824,买盘
1120,09:52:37,9.92,--,112,111104,买盘
1121,09:52:32,9.92,--,52,51584,买盘
1122,09:52:26,9.92,--,2,1984,买盘
1123,09:52:22,9.92,--,20,19840,买盘
1124,09:52:02,9.92,--,30,29760,买盘
1125,09:51:52,9.92,-0.01,1675,1662195,卖盘
1126,09:51:46,9.93,--,93,92349,卖盘
1127,09:51:22,9.93,--,63,63085,买盘
1128,09:51:16,9.93,--,99,98307,买盘
1129,09:51:07,9.93,--,172,170796,买盘
1130,09:51:01,9.93,-0.01,184,183347,卖盘
1131,09:50:57,9.94,--,500,497000,买盘
1132,09:50:52,9.94,--,50,49700,买盘
1133,09:50:46,9.94,0.01,18,17892,买盘
1134,09:50:31,9.93,--,20,19860,卖盘
1135,09:50:27,9.93,--,482,478983,买盘
1136,09:50:12,9.93,0.01,48,47664,买盘
1137,09:50:07,9.92,--,78,77376,卖盘
1138,09:49:52,9.92,--,5,4960,卖盘
1139,09:49:46,9.92,--,793,787519,买盘
1140,09:49:37,9.92,--,1507,1494944,买盘
1141,09:49:31,9.92,--,125,124000,买盘
1142,09:49:27,9.92,--,49,48608,买盘
1143,09:49:22,9.92,--,35,34720,买盘
1144,09:49:16,9.92,--,863,856096,买盘
1145,09:49:12,9.92,--,60,59520,买盘
1146,09:49:07,9.92,--,69,68448,买盘
1147,09:49:01,9.92,--,196,194432,买盘
1148,09:48:57,9.92,--,56,55552,买盘
1149,09:48:52,9.92,--,46,45632,买盘
1150,09:48:46,9.92,--,1291,1280800,卖盘
1151,09:48:37,9.92,-0.01,5,4960,卖盘
1152,09:48:27,9.93,0.01,46,45678,买盘
1153,09:48:16,9.92,--,187,186367,买盘
1154,09:48:12,9.92,--,704,698368,买盘
1155,09:48:06,9.92,--,50,49600,买盘
1156,09:48:01,9.92,--,6,5952,买盘
1157,09:47:56,9.92,--,1518,1505856,买盘
1158,09:47:41,9.92,--,3,2976,买盘
1159,09:47:36,9.92,--,50,49600,买盘
1160,09:47:31,9.92,--,23,22816,买盘
1161,09:47:26,9.92,0.01,10,9920,买盘
1162,09:47:16,9.91,-0.01,1,991,卖盘
1163,09:47:01,9.92,0.01,10,9920,买盘
1164,09:46:56,9.91,-0.01,5,4955,卖盘
1165,09:46:50,9.92,0.01,5,4960,买盘
1166,09:46:41,9.91,--,66,65406,卖盘
1167,09:46:36,9.91,--,11,10901,卖盘
1168,09:46:31,9.91,--,52,51532,卖盘
1169,09:46:26,9.91,--,35,34685,卖盘
1170,09:46:21,9.91,-0.01,11,10901,卖盘
1171,09:46:16,9.92,--,46,45632,买盘
1172,09:46:11,9.92,--,11,10912,买盘
1173,09:45:16,9.92,--,10,9920,买盘
1174,09:44:50,9.92,0.01,1,992,买盘
1175,09:43:55,9.91,--,39,38649,卖盘
1176,09:43:40,9.91,-0.01,19,18829,卖盘
1177,09:43:31,9.92,0.01,36,35712,买盘
1178,09:43:25,9.91,--,2,1982,卖盘
1179,09:43:21,9.91,--,23,22793,卖盘
1180,09:43:10,9.91,--,137,135767,买盘
1181,09:43:01,9.91,0.01,1,991,买盘
1182,09:42:55,9.9,-0.01,44,43560,卖盘
1183,09:42:50,9.91,--,30,29730,卖盘
1184,09:42:46,9.91,-0.01,4,3964,卖盘
1185,09:42:40,9.92,0.01,46,45632,买盘
1186,09:42:36,9.91,--,2,1982,买盘
1187,09:42:31,9.91,--,10,9910,买盘
1188,09:42:25,9.91,--,6,5946,买盘
1189,09:42:10,9.91,0.01,4,3964,买盘
1190,09:42:05,9.9,-0.01,2,1980,卖盘
1191,09:42:01,9.91,0.01,82,81262,买盘
1192,09:41:55,9.9,--,11,10890,卖盘
1193,09:41:36,9.9,-0.01,51,50490,卖盘
1194,09:41:25,9.91,--,55,54505,买盘
1195,09:41:15,9.91,0.01,2,1982,买盘
1196,09:41:10,9.9,--,32,31680,卖盘
1197,09:40:55,9.9,--,10,9900,卖盘
1198,09:40:50,9.9,--,30,29700,卖盘
1199,09:40:45,9.9,-0.01,3,2970,卖盘
1200,09:40:35,9.91,--,3,2973,买盘
1201,09:40:25,9.91,0.01,19,18829,买盘
1202,09:40:20,9.9,-0.01,36,35640,卖盘
1203,09:40:14,9.91,-0.01,26,25766,卖盘
1204,09:40:10,9.92,0.01,49,48608,买盘
1205,09:40:05,9.91,--,29,28739,买盘
1206,09:39:55,9.91,--,56,55496,买盘
1207,09:39:50,9.91,0.01,23,22793,买盘
1208,09:39:40,9.9,--,18,17820,卖盘
1209,09:39:35,9.9,-0.01,16,15840,卖盘
1210,09:39:25,9.91,--,5,4955,买盘
1211,09:39:20,9.91,0.01,134,132794,买盘
1212,09:39:10,9.9,-0.01,11,10890,卖盘
1213,09:39:05,9.91,0.01,73,72343,买盘
1214,09:39:00,9.9,--,36,35640,卖盘
1215,09:38:40,9.9,-0.01,47,46530,卖盘
1216,09:38:25,9.91,0.01,27,26757,买盘
1217,09:38:05,9.9,--,0,0,卖盘
1218,09:37:50,9.9,-0.01,7,7484,买盘
1219,09:37:40,9.91,--,11,11337,卖盘
1220,09:37:35,9.91,0.01,906,898400,买盘
1221,09:37:30,9.9,--,0,0,卖盘
1222,09:37:20,9.9,-0.01,28,27720,卖盘
1223,09:37:14,9.91,--,8,7928,卖盘
1224,09:37:10,9.91,0.01,181,180302,卖盘
1225,09:36:55,9.9,--,0,0,卖盘
1226,09:36:49,9.9,-0.02,32,31680,卖盘
1227,09:36:40,9.92,--,101,100916,买盘
1228,09:36:30,9.92,--,100,99200,买盘
1229,09:36:25,9.92,--,4,3968,买盘
1230,09:36:19,9.92,0.01,46,45632,买盘
1231,09:36:04,9.91,--,10,9910,卖盘
1232,09:35:55,9.91,0.01,28,28015,买盘
1233,09:35:49,9.9,-0.01,59,58410,卖盘
1234,09:35:45,9.91,--,44,43604,买盘
1235,09:35:34,9.91,0.02,85,84235,买盘
1236,09:35:30,9.89,-0.02,20,19780,卖盘
1237,09:35:24,9.91,0.01,49,48559,买盘
1238,09:35:19,9.9,--,141,139590,买盘
1239,09:35:04,9.9,-0.02,1242,1230302,卖盘
1240,09:34:55,9.92,0.01,176,174592,买盘
1241,09:34:45,9.91,-0.01,223,221260,卖盘
1242,09:34:39,9.92,--,2,1984,买盘
1243,09:34:34,9.92,-0.01,141,139872,中性盘
1244,09:34:29,9.93,0.01,36,35748,买盘
1245,09:34:24,9.92,--,39,38688,卖盘
1246,09:34:19,9.92,-0.01,8,7936,卖盘
1247,09:34:04,9.93,--,24,23832,买盘
1248,09:33:59,9.93,0.02,10,9930,买盘
1249,09:33:49,9.91,--,0,0,卖盘
1250,09:33:34,9.91,-0.02,46,45586,卖盘
1251,09:33:19,9.93,0.02,50,49650,买盘
1252,09:33:14,9.91,-0.01,54,53514,卖盘
1253,09:33:09,9.92,-0.01,300,297600,卖盘
1254,09:33:04,9.93,--,42,41706,买盘
1255,09:32:59,9.93,0.01,10,9930,买盘
1256,09:32:54,9.92,--,19,18848,卖盘
1257,09:32:44,9.92,-0.01,81,80352,卖盘
1258,09:32:24,9.93,--,20,19860,买盘
1259,09:31:54,9.93,--,54,53622,买盘
1260,09:31:49,9.93,--,11,10923,买盘
1261,09:31:44,9.93,--,30,29790,卖盘
1262,09:31:34,9.93,-0.01,165,163845,卖盘
1263,09:31:24,9.94,0.01,49,48706,买盘
1264,09:31:19,9.93,--,160,158880,卖盘
1265,09:31:14,9.93,--,356,353508,卖盘
1266,09:31:09,9.93,-0.01,30,29790,卖盘
1267,09:31:04,9.94,--,12,11928,买盘
1268,09:30:59,9.94,0.01,10,9940,买盘
1269,09:30:44,9.93,-0.01,215,213495,卖盘
1270,09:30:34,9.94,0.01,49,48706,买盘
1271,09:30:19,9.93,-0.01,29,28797,卖盘
1272,09:30:14,9.94,0.01,106,105364,买盘
1273,09:30:09,9.93,-0.01,82,81426,卖盘
1274,09:30:04,9.94,0.01,259,257446,买盘
1275,09:28:55,9.93,--,0,0,买盘
1276,09:25:06,9.93,9.93,371,368403,买盘
