,time,price,change,volume,amount,type
0,15:00:00,4.34,--,0,0,买盘
1,15:00:00,4.34,--,0,0,买盘
2,14:59:59,4.34,--,47,20398,买盘
3,14:59:54,4.34,--,10,4340,买盘
4,14:59:49,4.34,0.01,2,868,买盘
5,14:59:44,4.33,-0.01,54,23382,卖盘
6,14:59:39,4.34,--,56,24304,买盘
7,14:59:34,4.34,--,12,5208,买盘
8,14:59:29,4.34,0.01,84,36456,买盘
9,14:59:24,4.33,-0.01,37,16021,卖盘
10,14:59:14,4.34,0.01,19,8246,买盘
11,14:58:59,4.33,-0.01,50,21650,卖盘
12,14:58:54,4.34,0.01,10,4340,买盘
13,14:58:49,4.33,-0.01,48,20784,卖盘
14,14:58:44,4.34,--,108,46872,买盘
15,14:58:39,4.34,0.01,61,26474,买盘
16,14:58:34,4.33,--,10,4330,卖盘
17,14:58:24,4.33,--,166,71878,卖盘
18,14:58:19,4.33,--,92,40026,卖盘
19,14:58:14,4.33,--,2075,898708,买盘
20,14:58:09,4.33,--,632,273894,买盘
21,14:57:59,4.33,--,56,24248,买盘
22,14:57:54,4.33,0.01,122,52826,买盘
23,14:57:49,4.32,-0.01,28,12096,卖盘
24,14:57:44,4.33,--,24,10392,买盘
25,14:57:39,4.33,--,137,59321,买盘
26,14:57:34,4.33,0.01,6,2598,买盘
27,14:57:29,4.32,--,257,111024,卖盘
28,14:57:24,4.32,-0.01,118,50976,卖盘
29,14:57:19,4.33,--,22,9526,买盘
30,14:57:14,4.33,--,182,78806,买盘
31,14:57:09,4.33,--,348,150684,卖盘
32,14:56:54,4.33,--,10,4330,卖盘
33,14:56:44,4.33,--,20,8660,卖盘
34,14:56:34,4.33,-0.01,5,2165,卖盘
35,14:56:29,4.34,0.01,25,10850,买盘
36,14:56:24,4.33,--,652,282316,卖盘
37,14:56:14,4.33,--,20,8660,卖盘
38,14:56:09,4.33,--,86,37238,买盘
39,14:56:04,4.33,--,97,42001,卖盘
40,14:55:54,4.33,-0.01,25,10825,卖盘
41,14:55:43,4.34,--,504,218736,买盘
42,14:55:39,4.34,--,2327,1010256,买盘
43,14:55:34,4.34,--,92,39928,买盘
44,14:55:29,4.34,--,1,434,买盘
45,14:55:24,4.34,--,180,78120,买盘
46,14:55:19,4.34,0.01,1,434,买盘
47,14:55:13,4.33,-0.01,80,34640,卖盘
48,14:55:09,4.34,0.01,19,8246,买盘
49,14:55:04,4.33,--,5,2165,卖盘
50,14:54:54,4.33,--,1,433,卖盘
51,14:54:49,4.33,--,134,58022,卖盘
52,14:54:43,4.33,--,37,16021,卖盘
53,14:54:39,4.33,--,60,25980,卖盘
54,14:54:34,4.33,-0.01,101,43733,卖盘
55,14:54:24,4.34,0.01,2,868,买盘
56,14:54:18,4.33,--,3,1299,卖盘
57,14:54:13,4.33,-0.01,613,265429,卖盘
58,14:54:09,4.34,-0.01,2,868,卖盘
59,14:54:03,4.35,--,20,8700,买盘
60,14:53:58,4.35,0.01,14,6089,买盘
61,14:53:54,4.34,-0.01,92,39928,卖盘
62,14:53:38,4.35,--,6,2610,买盘
63,14:53:33,4.35,--,21,9135,买盘
64,14:53:28,4.35,0.01,14,6089,买盘
65,14:53:24,4.34,-0.01,70,30380,卖盘
66,14:53:18,4.35,0.01,3,1305,中性盘
67,14:53:08,4.34,-0.01,1500,651000,卖盘
68,14:52:53,4.35,--,30,13049,卖盘
69,14:52:48,4.35,-0.01,100,43500,卖盘
70,14:52:38,4.36,--,13,5668,买盘
71,14:52:28,4.36,0.01,6,2616,买盘
72,14:52:23,4.35,--,30,13049,卖盘
73,14:52:08,4.35,--,1,434,卖盘
74,14:52:03,4.35,--,50,21750,卖盘
75,14:51:58,4.35,-0.01,81,35235,卖盘
76,14:51:38,4.36,--,2,872,买盘
77,14:51:33,4.36,--,51,22236,买盘
78,14:51:23,4.36,0.01,15,6540,买盘
79,14:51:13,4.35,--,26,11309,卖盘
80,14:51:08,4.35,-0.01,100,43500,卖盘
81,14:51:03,4.36,0.01,88,38368,买盘
82,14:50:58,4.35,--,20,8700,卖盘
83,14:50:53,4.35,-0.01,279,121364,卖盘
84,14:50:48,4.36,0.01,10,4360,买盘
85,14:50:38,4.35,--,18,7829,卖盘
86,14:50:33,4.35,-0.01,100,43500,卖盘
87,14:50:28,4.36,--,129,56244,买盘
88,14:50:13,4.36,0.01,10,4360,买盘
89,14:50:08,4.35,-0.01,40,17400,卖盘
90,14:49:33,4.36,0.01,5,2180,买盘
91,14:48:53,4.35,--,70,30449,买盘
92,14:48:48,4.35,--,58,25229,买盘
93,14:48:33,4.35,--,92,40020,卖盘
94,14:48:18,4.35,--,18,7829,买盘
95,14:48:07,4.35,--,5,2175,买盘
96,14:48:03,4.35,--,206,89609,买盘
97,14:47:57,4.35,--,10,4350,买盘
98,14:47:42,4.35,--,100,43500,买盘
99,14:47:37,4.35,--,2,869,买盘
100,14:47:27,4.35,--,27,11744,买盘
101,14:47:22,4.35,--,15,6524,买盘
102,14:47:12,4.35,--,128,55679,买盘
103,14:47:07,4.35,--,40,17400,买盘
104,14:47:02,4.35,--,2,869,买盘
105,14:46:42,4.35,--,24,10440,买盘
106,14:46:37,4.35,--,1,434,买盘
107,14:46:27,4.35,0.01,55,23924,买盘
108,14:45:52,4.34,-0.01,1,434,卖盘
109,14:45:47,4.35,--,26,11309,买盘
110,14:45:17,4.35,--,6,2610,买盘
111,14:45:07,4.35,0.01,17,7394,买盘
112,14:44:57,4.34,--,200,86800,卖盘
113,14:44:52,4.34,--,100,43400,卖盘
114,14:44:47,4.34,--,200,86800,卖盘
115,14:44:42,4.34,--,250,108500,卖盘
116,14:44:37,4.34,--,200,86800,卖盘
117,14:44:32,4.34,--,100,43400,卖盘
118,14:44:07,4.34,-0.01,50,21700,卖盘
119,14:43:52,4.35,--,55,23924,买盘
120,14:43:47,4.35,--,3,1305,买盘
121,14:43:42,4.35,0.01,21,9135,买盘
122,14:43:37,4.34,-0.01,50,21700,卖盘
123,14:43:22,4.35,--,8,3479,买盘
124,14:43:17,4.35,--,226,98309,卖盘
125,14:43:12,4.35,--,200,87000,卖盘
126,14:43:07,4.35,--,100,43500,卖盘
127,14:43:02,4.35,-0.01,100,43500,卖盘
128,14:42:52,4.36,0.01,203,88508,买盘
129,14:42:47,4.35,--,427,185744,卖盘
130,14:42:42,4.35,--,401,174435,卖盘
131,14:42:37,4.35,--,100,43500,卖盘
132,14:42:32,4.35,--,300,130499,卖盘
133,14:42:27,4.35,--,1,434,卖盘
134,14:42:22,4.35,--,1,434,卖盘
135,14:42:17,4.35,--,2,869,卖盘
136,14:42:07,4.35,--,1,434,卖盘
137,14:42:02,4.35,-0.01,2,869,卖盘
138,14:41:47,4.36,--,1,436,买盘
139,14:41:37,4.36,--,90,39240,卖盘
140,14:41:31,4.36,--,100,43600,卖盘
141,14:41:27,4.36,--,1116,486576,卖盘
142,14:41:21,4.36,--,200,87200,卖盘
143,14:41:16,4.36,--,5,2180,卖盘
144,14:41:06,4.36,--,40,17440,卖盘
145,14:40:42,4.36,--,1,436,卖盘
146,14:40:16,4.36,--,100,43600,卖盘
147,14:40:12,4.36,--,31,13516,卖盘
148,14:40:06,4.36,0.01,621,270756,买盘
149,14:40:01,4.35,--,100,43500,卖盘
150,14:39:57,4.35,-0.01,300,130499,卖盘
151,14:39:41,4.36,--,5,2180,买盘
152,14:39:36,4.36,--,1,436,买盘
153,14:39:31,4.36,--,4,1744,买盘
154,14:39:27,4.36,--,169,73684,卖盘
155,14:39:21,4.36,--,402,175272,卖盘
156,14:39:16,4.36,--,1,436,卖盘
157,14:39:11,4.36,--,403,175708,卖盘
158,14:39:06,4.36,--,201,87636,卖盘
159,14:39:01,4.36,--,1,436,卖盘
160,14:38:56,4.36,--,248,108128,买盘
161,14:38:46,4.36,--,183,79788,买盘
162,14:38:41,4.36,--,18,7848,买盘
163,14:38:36,4.36,--,322,140392,买盘
164,14:38:31,4.36,--,76,33136,买盘
165,14:38:26,4.36,--,142,61912,买盘
166,14:38:21,4.36,--,50,21800,买盘
167,14:38:16,4.36,-0.01,62,27032,卖盘
168,14:38:11,4.37,0.01,20,8740,买盘
169,14:38:06,4.36,--,200,87200,卖盘
170,14:38:01,4.36,--,113,49268,买盘
171,14:37:51,4.36,--,73,31828,买盘
172,14:37:46,4.36,--,70,30520,买盘
173,14:37:41,4.36,--,118,51448,买盘
174,14:37:36,4.36,--,200,87200,买盘
175,14:37:26,4.36,--,296,129056,卖盘
176,14:37:21,4.36,--,511,222796,卖盘
177,14:37:16,4.36,--,146,63656,卖盘
178,14:37:11,4.36,--,353,153908,卖盘
179,14:37:06,4.36,--,100,43600,卖盘
180,14:37:01,4.36,--,100,43600,卖盘
181,14:36:56,4.36,-0.01,261,113796,卖盘
182,14:36:51,4.37,0.01,492,215004,买盘
183,14:36:46,4.36,--,126,54936,卖盘
184,14:36:41,4.36,-0.01,167,72812,卖盘
185,14:36:31,4.37,-0.01,18,7866,中性盘
186,14:36:26,4.38,--,83,36354,买盘
187,14:36:21,4.38,0.01,10,4380,买盘
188,14:36:11,4.37,--,103,45011,卖盘
189,14:36:06,4.37,--,18,8132,买盘
190,14:36:01,4.37,-0.01,93,40811,卖盘
191,14:35:51,4.38,--,128,56064,买盘
192,14:35:36,4.38,0.01,66,28908,买盘
193,14:35:26,4.37,--,150,65930,卖盘
194,14:35:21,4.37,--,5,2185,卖盘
195,14:35:16,4.37,--,1,437,卖盘
196,14:35:11,4.37,-0.01,25,11003,卖盘
197,14:35:01,4.38,--,69,30222,买盘
198,14:34:56,4.38,0.01,83,36354,买盘
199,14:34:51,4.37,-0.01,1,437,卖盘
200,14:34:41,4.38,0.01,149,65262,买盘
201,14:34:36,4.37,--,200,87400,卖盘
202,14:34:30,4.37,--,779,340667,卖盘
203,14:34:25,4.37,--,400,174800,卖盘
204,14:34:21,4.37,-0.01,230,100510,卖盘
205,14:34:06,4.38,--,249,109062,卖盘
206,14:34:00,4.38,--,400,175200,卖盘
207,14:33:40,4.38,--,1,438,卖盘
208,14:33:36,4.38,--,4,1752,卖盘
209,14:33:30,4.38,--,3,1314,卖盘
210,14:33:25,4.38,--,4,1752,卖盘
211,14:33:21,4.38,--,2,876,卖盘
212,14:33:15,4.38,--,38,16644,卖盘
213,14:33:10,4.38,--,1,438,卖盘
214,14:33:06,4.38,--,1,438,卖盘
215,14:32:55,4.38,--,361,158118,买盘
216,14:32:30,4.38,--,100,43800,买盘
217,14:32:21,4.38,--,6,2628,买盘
218,14:32:15,4.38,--,288,126144,卖盘
219,14:32:10,4.38,-0.01,200,87600,卖盘
220,14:32:05,4.39,--,295,129504,卖盘
221,14:32:00,4.39,--,200,87800,卖盘
222,14:31:50,4.39,-0.01,5,2195,卖盘
223,14:31:45,4.4,--,100,44000,买盘
224,14:31:40,4.4,--,10,4400,买盘
225,14:31:05,4.4,0.01,29,12760,买盘
226,14:31:00,4.39,-0.01,50,21950,卖盘
227,14:30:50,4.4,--,2,880,买盘
228,14:30:40,4.4,--,6,2640,买盘
229,14:30:10,4.4,--,25,11000,买盘
230,14:29:55,4.4,--,7,3080,买盘
231,14:29:50,4.4,--,7,3080,买盘
232,14:29:35,4.4,0.01,1,440,买盘
233,14:29:20,4.39,--,1,438,卖盘
234,14:29:15,4.39,--,30,13169,卖盘
235,14:28:55,4.39,-0.01,3,1317,卖盘
236,14:28:40,4.4,0.01,224,98560,买盘
237,14:28:35,4.39,-0.01,7,3073,卖盘
238,14:28:30,4.4,0.01,410,180400,买盘
239,14:28:25,4.39,--,38,16682,买盘
240,14:28:20,4.39,--,30,13169,买盘
241,14:28:10,4.39,--,20,8780,买盘
242,14:27:45,4.39,0.01,3,1317,买盘
243,14:27:24,4.38,--,179,78402,卖盘
244,14:27:00,4.38,-0.01,128,56064,卖盘
245,14:26:50,4.39,0.01,1,438,买盘
246,14:26:45,4.38,-0.01,1,438,卖盘
247,14:25:39,4.39,--,46,20194,卖盘
248,14:25:34,4.39,--,20,8780,卖盘
249,14:25:29,4.39,--,3,1317,卖盘
250,14:25:24,4.39,--,62,27217,卖盘
251,14:25:09,4.39,--,839,368321,卖盘
252,14:24:24,4.39,--,4,1755,卖盘
253,14:23:49,4.39,-0.01,14,6146,卖盘
254,14:23:24,4.4,--,1,440,买盘
255,14:23:14,4.4,-0.01,91,40040,卖盘
256,14:23:09,4.41,0.01,1,441,买盘
257,14:23:04,4.4,--,5,2200,卖盘
258,14:22:59,4.4,--,50,22000,卖盘
259,14:22:54,4.4,--,45,19800,卖盘
260,14:22:39,4.4,-0.01,258,113520,卖盘
261,14:22:24,4.41,0.01,6,2646,买盘
262,14:22:19,4.4,-0.01,50,22000,卖盘
263,14:22:14,4.41,0.01,240,105840,买盘
264,14:22:09,4.4,-0.01,5,2200,卖盘
265,14:21:44,4.41,0.01,100,44100,买盘
266,14:21:24,4.4,--,8,3520,卖盘
267,14:21:14,4.4,--,8,3520,卖盘
268,14:21:09,4.4,--,3,1320,卖盘
269,14:20:59,4.4,-0.01,35,15400,卖盘
270,14:20:54,4.41,0.01,190,83790,买盘
271,14:20:48,4.4,--,177,77880,买盘
272,14:20:39,4.4,--,38,16720,买盘
273,14:20:18,4.4,--,5,2200,买盘
274,14:20:08,4.4,-0.01,57,25080,卖盘
275,14:19:59,4.41,0.01,306,134946,买盘
276,14:19:53,4.4,--,60,26400,卖盘
277,14:19:39,4.4,--,6,2640,卖盘
278,14:19:33,4.4,--,40,17600,卖盘
279,14:19:23,4.4,--,30,13200,卖盘
280,14:19:13,4.4,--,25,11000,卖盘
281,14:19:08,4.4,--,12,5280,买盘
282,14:19:03,4.4,--,114,50160,卖盘
283,14:18:59,4.4,--,21,9240,卖盘
284,14:18:53,4.4,-0.01,112,49280,卖盘
285,14:18:48,4.41,0.01,1,441,买盘
286,14:18:43,4.4,--,12,5280,卖盘
287,14:18:38,4.4,--,5,2200,卖盘
288,14:18:33,4.4,--,10,4400,卖盘
289,14:18:23,4.4,-0.01,50,22000,卖盘
290,14:18:18,4.41,0.01,230,101430,买盘
291,14:18:13,4.4,--,50,22000,卖盘
292,14:18:08,4.4,-0.01,129,56760,卖盘
293,14:18:03,4.41,0.01,41,18081,买盘
294,14:17:58,4.4,--,38,16720,卖盘
295,14:17:48,4.4,--,97,42680,卖盘
296,14:17:43,4.4,--,2,880,卖盘
297,14:17:33,4.4,--,35,15400,卖盘
298,14:17:28,4.4,--,24,10560,卖盘
299,14:17:23,4.4,--,10,4400,卖盘
300,14:17:18,4.4,-0.01,10,4400,卖盘
301,14:17:08,4.41,--,4,1764,买盘
302,14:17:03,4.41,--,81,35721,买盘
303,14:16:53,4.41,-0.01,140,61740,卖盘
304,14:16:48,4.42,--,159,70278,买盘
305,14:16:43,4.42,0.01,1070,472940,买盘
306,14:16:38,4.41,-0.01,66,29106,卖盘
307,14:16:33,4.42,--,235,103870,买盘
308,14:16:23,4.42,--,160,70720,买盘
309,14:16:18,4.42,--,184,81328,买盘
310,14:16:13,4.42,--,25,11050,买盘
311,14:16:08,4.42,--,21,9282,买盘
312,14:16:03,4.42,--,134,59228,买盘
313,14:15:53,4.42,--,83,36686,卖盘
314,14:15:48,4.42,--,399,176358,买盘
315,14:15:43,4.42,--,1,442,买盘
316,14:15:38,4.42,--,18,7956,买盘
317,14:15:28,4.42,0.01,200,88400,买盘
318,14:15:23,4.41,-0.01,20,8820,卖盘
319,14:15:18,4.42,0.01,330,145860,买盘
320,14:15:13,4.41,--,74,32634,买盘
321,14:15:08,4.41,--,24,10584,买盘
322,14:15:03,4.41,--,87,38367,卖盘
323,14:14:58,4.41,--,752,331632,买盘
324,14:14:53,4.41,--,178,78498,买盘
325,14:14:38,4.41,0.01,80,35280,买盘
326,14:14:33,4.4,--,181,79640,卖盘
327,14:14:28,4.4,-0.01,10,4400,卖盘
328,14:14:23,4.41,0.01,110,48510,买盘
329,14:14:18,4.4,-0.01,50,22000,卖盘
330,14:14:12,4.41,--,103,45423,买盘
331,14:14:08,4.41,0.01,566,249606,买盘
332,14:14:03,4.4,-0.01,462,203280,卖盘
333,14:13:57,4.41,--,137,60417,买盘
334,14:13:53,4.41,--,526,231966,买盘
335,14:13:48,4.41,0.01,38,16758,买盘
336,14:13:38,4.4,--,100,44000,卖盘
337,14:13:33,4.4,--,355,156200,卖盘
338,14:13:27,4.4,0.01,416,183040,买盘
339,14:13:23,4.39,-0.01,19,8341,卖盘
340,14:13:17,4.4,--,372,163680,买盘
341,14:13:12,4.4,--,82,36080,买盘
342,14:13:08,4.4,--,4,1760,买盘
343,14:13:02,4.4,0.01,100,44000,买盘
344,14:12:57,4.39,--,0,0,中性盘
345,14:12:53,4.39,--,243,106676,买盘
346,14:12:48,4.39,-0.01,23,10097,中性盘
347,14:12:42,4.4,0.01,89,39160,买盘
348,14:12:37,4.39,-0.01,7,3073,中性盘
349,14:12:32,4.4,0.01,235,103400,买盘
350,14:12:27,4.39,0.01,85,37315,买盘
351,14:12:17,4.38,-0.01,20,8760,中性盘
352,14:12:12,4.39,0.02,485,212914,买盘
353,14:12:07,4.37,-0.01,196,85652,卖盘
354,14:12:02,4.38,0.01,1152,504576,买盘
355,14:11:57,4.37,--,1,437,卖盘
356,14:11:52,4.37,--,30,13110,卖盘
357,14:11:47,4.37,-0.01,70,30590,卖盘
358,14:11:42,4.38,0.01,60,26280,买盘
359,14:11:37,4.37,0.01,1172,512164,买盘
360,14:11:27,4.36,0.01,268,116848,买盘
361,14:10:57,4.35,--,10,4350,卖盘
362,14:10:27,4.35,--,245,106574,买盘
363,14:09:42,4.35,0.01,146,63509,买盘
364,14:09:37,4.34,--,1,434,卖盘
365,14:09:17,4.34,--,3,1302,卖盘
366,14:08:42,4.34,-0.01,1,434,卖盘
367,14:08:37,4.35,--,26,11309,买盘
368,14:08:27,4.35,--,6,2610,买盘
369,14:08:22,4.35,0.01,3,1305,买盘
370,14:07:31,4.34,--,19,8246,卖盘
371,14:07:26,4.34,-0.01,2,954,卖盘
372,14:07:12,4.35,0.01,5,2175,买盘
373,14:07:01,4.34,-0.01,1,434,卖盘
374,14:06:57,4.35,--,1,434,买盘
375,14:06:31,4.35,--,74,32189,卖盘
376,14:06:06,4.35,0.01,33,14354,买盘
377,14:06:01,4.34,-0.01,2,868,卖盘
378,14:05:41,4.35,0.01,70,30449,买盘
379,14:05:31,4.34,-0.01,2,868,卖盘
380,14:05:16,4.35,0.01,10,4350,买盘
381,14:04:56,4.34,--,2,868,卖盘
382,14:04:46,4.34,-0.01,1,434,卖盘
383,14:04:41,4.35,0.01,26,11309,买盘
384,14:04:11,4.34,--,95,41230,卖盘
385,14:03:31,4.34,--,1,434,卖盘
386,14:03:26,4.34,0.01,75,32550,买盘
387,14:03:11,4.33,--,10,4330,卖盘
388,14:03:01,4.33,--,50,21650,卖盘
389,14:02:51,4.33,--,898,388929,买盘
390,14:02:36,4.33,--,4,1732,买盘
391,14:02:26,4.33,0.01,145,62785,买盘
392,14:02:21,4.32,--,26,11232,卖盘
393,14:02:06,4.32,-0.01,1,432,卖盘
394,14:01:56,4.33,0.01,35,15155,买盘
395,14:01:51,4.32,-0.01,1,432,卖盘
396,14:01:41,4.33,0.01,21,9093,买盘
397,14:01:36,4.32,--,9,3888,卖盘
398,14:01:26,4.32,--,1,432,卖盘
399,14:01:21,4.32,--,1,432,卖盘
400,14:01:11,4.32,--,52,22464,卖盘
401,14:01:06,4.32,--,42,18144,卖盘
402,14:01:00,4.32,-0.01,20,8640,卖盘
403,14:00:56,4.33,0.01,100,43300,买盘
404,14:00:35,4.32,--,2,864,卖盘
405,14:00:21,4.32,--,78,33696,卖盘
406,14:00:06,4.32,-0.01,2,864,卖盘
407,13:59:55,4.33,0.01,20,8660,买盘
408,13:59:51,4.32,--,1113,480816,卖盘
409,13:59:35,4.32,--,2,864,卖盘
410,13:59:15,4.32,-0.01,1,432,卖盘
411,13:59:10,4.33,0.01,67,29011,买盘
412,13:59:06,4.32,--,2,864,卖盘
413,13:58:55,4.32,--,37,15984,卖盘
414,13:58:50,4.32,--,2,864,卖盘
415,13:58:45,4.32,-0.01,102,44064,卖盘
416,13:58:40,4.33,0.01,30,12990,买盘
417,13:58:35,4.32,-0.01,5,2160,卖盘
418,13:58:30,4.33,--,28,12124,买盘
419,13:58:25,4.33,--,10,4330,买盘
420,13:58:20,4.33,--,10,4330,买盘
421,13:58:10,4.33,0.01,10,4330,买盘
422,13:58:05,4.32,-0.01,9,3888,卖盘
423,13:57:55,4.33,0.01,320,138560,买盘
424,13:57:40,4.32,--,37,15984,卖盘
425,13:57:35,4.32,-0.01,2,864,卖盘
426,13:57:25,4.33,--,30,12990,买盘
427,13:57:20,4.33,0.01,14,6062,买盘
428,13:57:05,4.32,-0.01,1,432,卖盘
429,13:56:55,4.33,--,9,3897,买盘
430,13:56:50,4.33,--,18,7794,买盘
431,13:56:25,4.33,--,14,6062,买盘
432,13:56:20,4.33,--,40,17320,买盘
433,13:56:05,4.33,--,368,159751,卖盘
434,13:55:35,4.33,--,33,14289,卖盘
435,13:55:30,4.33,-0.01,20,8660,卖盘
436,13:55:25,4.34,0.01,2,868,买盘
437,13:55:05,4.33,--,2,866,卖盘
438,13:54:50,4.33,--,18,7794,卖盘
439,13:54:34,4.33,--,2,866,卖盘
440,13:54:19,4.33,--,1,433,卖盘
441,13:54:14,4.33,--,225,97425,卖盘
442,13:54:04,4.33,--,2,866,卖盘
443,13:53:34,4.33,-0.01,2,866,卖盘
444,13:53:24,4.34,0.01,2,868,买盘
445,13:53:04,4.33,--,2,866,卖盘
446,13:52:34,4.33,-0.01,12,5196,卖盘
447,13:52:19,4.34,0.01,50,21700,买盘
448,13:52:14,4.33,-0.01,9,3897,卖盘
449,13:51:59,4.34,--,50,21700,买盘
450,13:51:19,4.34,--,5,2170,买盘
451,13:50:59,4.34,0.01,255,110670,买盘
452,13:50:34,4.33,--,1,433,卖盘
453,13:50:23,4.33,-0.01,166,71878,卖盘
454,13:50:14,4.34,0.01,1,434,买盘
455,13:49:59,4.33,--,4,1732,卖盘
456,13:49:29,4.33,--,5,2165,卖盘
457,13:49:04,4.33,--,6,2598,卖盘
458,13:48:59,4.33,--,1,433,卖盘
459,13:48:49,4.33,--,20,8685,买盘
460,13:48:39,4.33,0.01,25,10825,买盘
461,13:48:34,4.32,-0.01,26,11232,卖盘
462,13:48:29,4.33,--,4,1732,买盘
463,13:48:24,4.33,--,92,40243,卖盘
464,13:48:08,4.33,--,37,16021,卖盘
465,13:47:59,4.33,--,13,5629,卖盘
466,13:47:54,4.33,--,11,4763,卖盘
467,13:47:49,4.33,--,333,144189,卖盘
468,13:47:44,4.33,--,2,866,卖盘
469,13:47:38,4.33,--,96,41568,卖盘
470,13:47:34,4.33,--,3,1299,卖盘
471,13:47:29,4.33,--,9,3897,卖盘
472,13:47:24,4.33,--,118,51119,卖盘
473,13:47:18,4.33,--,1,433,卖盘
474,13:47:14,4.33,--,22,9526,卖盘
475,13:47:09,4.33,--,2,866,卖盘
476,13:47:03,4.33,--,3,1299,卖盘
477,13:46:58,4.33,--,7,3031,卖盘
478,13:46:53,4.33,--,12,5196,卖盘
479,13:46:48,4.33,--,32,13856,卖盘
480,13:46:43,4.33,--,1,433,卖盘
481,13:46:39,4.33,--,1,433,卖盘
482,13:46:33,4.33,-0.01,41,17753,卖盘
483,13:46:28,4.34,0.01,105,45570,买盘
484,13:46:23,4.33,-0.01,1005,435165,卖盘
485,13:46:13,4.34,--,414,179676,卖盘
486,13:46:03,4.34,--,133,57722,卖盘
487,13:45:54,4.34,--,74,32116,卖盘
488,13:45:32,4.34,--,2,868,卖盘
489,13:45:28,4.34,--,201,87234,卖盘
490,13:45:13,4.34,--,6,2604,卖盘
491,13:45:02,4.34,--,2,868,卖盘
492,13:44:33,4.34,--,2,868,卖盘
493,13:44:28,4.34,--,15,6510,卖盘
494,13:44:02,4.34,--,2,868,卖盘
495,13:43:43,4.34,-0.01,10,4340,卖盘
496,13:43:23,4.35,--,12,5220,买盘
497,13:43:18,4.35,0.01,3,1305,买盘
498,13:43:13,4.34,--,20,8680,卖盘
499,13:43:02,4.34,-0.01,2,868,卖盘
500,13:42:13,4.35,0.01,100,43500,买盘
501,13:42:02,4.34,--,2,868,卖盘
502,13:41:32,4.34,--,2,868,卖盘
503,13:41:11,4.34,--,4,1736,卖盘
504,13:41:08,4.34,--,13,5642,卖盘
505,13:41:02,4.34,--,2,868,卖盘
506,13:40:32,4.34,-0.01,2,868,卖盘
507,13:40:11,4.35,0.01,18,7829,买盘
508,13:40:02,4.34,--,2,868,卖盘
509,13:39:47,4.34,--,39,16926,卖盘
510,13:39:41,4.34,--,150,65100,卖盘
511,13:39:32,4.34,-0.01,2,868,卖盘
512,13:39:22,4.35,0.01,6,2610,买盘
513,13:39:02,4.34,-0.01,2,868,卖盘
514,13:38:52,4.35,0.01,5,2175,买盘
515,13:38:32,4.34,--,2,868,卖盘
516,13:38:17,4.34,-0.01,145,62930,卖盘
517,13:38:02,4.35,--,3,1305,买盘
518,13:37:56,4.35,--,29,12614,买盘
519,13:37:52,4.35,0.01,100,43500,买盘
520,13:37:47,4.34,--,67,29078,卖盘
521,13:37:32,4.34,-0.01,2,868,卖盘
522,13:37:17,4.35,0.01,5,2175,买盘
523,13:37:11,4.34,-0.01,8,3472,卖盘
524,13:37:07,4.35,0.01,20,8700,买盘
525,13:37:02,4.34,--,2,868,卖盘
526,13:36:32,4.34,-0.01,2,868,卖盘
527,13:36:22,4.35,0.01,4,1739,买盘
528,13:36:17,4.34,-0.01,100,43400,卖盘
529,13:36:07,4.35,0.01,100,43500,买盘
530,13:36:02,4.34,--,189,82026,卖盘
531,13:35:31,4.34,-0.01,6,2604,卖盘
532,13:35:07,4.35,--,55,24190,卖盘
533,13:35:01,4.35,--,1,434,卖盘
534,13:34:47,4.35,--,28,12349,买盘
535,13:34:41,4.35,0.01,144,62639,买盘
536,13:34:31,4.34,-0.01,2,868,卖盘
537,13:34:20,4.35,0.01,10,4350,买盘
538,13:34:02,4.34,-0.01,19,8510,卖盘
539,13:33:56,4.35,--,150,65249,卖盘
540,13:33:50,4.35,--,50,21750,卖盘
541,13:33:46,4.35,--,200,87000,卖盘
542,13:33:41,4.35,--,100,43500,卖盘
543,13:33:35,4.35,--,20,8700,卖盘
544,13:33:32,4.35,--,62,26969,卖盘
545,13:33:26,4.35,--,9,3914,卖盘
546,13:33:16,4.35,--,3,1474,买盘
547,13:33:11,4.35,--,96,42025,卖盘
548,13:33:05,4.35,--,100,43500,卖盘
549,13:33:01,4.35,--,383,166605,卖盘
550,13:32:56,4.35,--,120,52199,卖盘
551,13:32:50,4.35,--,60,26099,卖盘
552,13:32:46,4.35,--,60,26099,卖盘
553,13:32:41,4.35,--,60,26099,卖盘
554,13:32:31,4.35,-0.01,45,19575,卖盘
555,13:32:26,4.36,--,21,9156,买盘
556,13:32:05,4.36,0.01,37,16132,买盘
557,13:32:01,4.35,-0.01,3,1305,卖盘
558,13:31:41,4.36,0.01,15,6540,买盘
559,13:31:31,4.35,--,2,869,卖盘
560,13:31:26,4.35,--,80,34800,卖盘
561,13:31:20,4.35,--,50,21750,卖盘
562,13:31:16,4.35,--,50,21750,卖盘
563,13:31:11,4.35,--,91,39585,卖盘
564,13:31:05,4.35,--,60,26099,卖盘
565,13:31:01,4.35,--,96,41760,卖盘
566,13:30:56,4.35,--,20,8700,卖盘
567,13:30:50,4.35,--,20,8700,卖盘
568,13:30:46,4.35,--,100,43500,卖盘
569,13:30:41,4.35,--,70,30449,卖盘
570,13:30:35,4.35,--,20,8700,卖盘
571,13:30:31,4.35,--,20,8700,卖盘
572,13:30:26,4.35,--,60,26099,卖盘
573,13:30:20,4.35,--,140,60899,卖盘
574,13:30:16,4.35,--,80,34800,卖盘
575,13:30:11,4.35,--,300,130499,卖盘
576,13:30:05,4.35,--,40,17400,卖盘
577,13:30:01,4.35,--,60,26099,卖盘
578,13:29:56,4.35,--,78,33930,卖盘
579,13:29:50,4.35,--,20,8700,卖盘
580,13:29:46,4.35,--,80,34800,卖盘
581,13:29:41,4.35,--,60,26099,卖盘
582,13:29:35,4.35,--,20,8700,卖盘
583,13:29:31,4.35,--,10,4350,卖盘
584,13:29:11,4.35,--,98,42630,卖盘
585,13:29:05,4.35,--,22,9570,卖盘
586,13:29:01,4.35,--,60,26099,卖盘
587,13:28:55,4.35,--,40,17400,卖盘
588,13:28:50,4.35,--,40,17400,卖盘
589,13:28:46,4.35,--,90,39150,卖盘
590,13:28:41,4.35,--,60,26099,卖盘
591,13:28:35,4.35,--,40,17400,卖盘
592,13:28:31,4.35,--,60,26099,卖盘
593,13:28:25,4.35,--,60,26099,卖盘
594,13:28:20,4.35,--,90,39150,卖盘
595,13:28:16,4.35,--,199,86565,卖盘
596,13:28:10,4.35,--,60,26099,卖盘
597,13:28:05,4.35,--,20,8700,卖盘
598,13:28:01,4.35,--,60,26099,卖盘
599,13:27:55,4.35,--,60,26099,卖盘
600,13:27:46,4.35,--,100,43500,卖盘
601,13:27:40,4.35,-0.01,200,87000,卖盘
602,13:27:35,4.36,--,10,4360,买盘
603,13:27:31,4.36,--,41,17876,买盘
604,13:27:25,4.36,--,77,33572,买盘
605,13:27:15,4.36,--,12,5232,买盘
606,13:27:10,4.36,--,78,34151,卖盘
607,13:27:05,4.36,--,50,21800,卖盘
608,13:27:00,4.36,--,100,43600,卖盘
609,13:26:55,4.36,--,0,0,卖盘
610,13:26:50,4.36,--,250,109000,卖盘
611,13:26:45,4.36,--,270,117720,卖盘
612,13:26:40,4.36,-0.01,100,43600,卖盘
613,13:26:29,4.37,--,12,5244,卖盘
614,13:26:25,4.37,--,200,87400,卖盘
615,13:26:20,4.37,--,203,88711,卖盘
616,13:26:14,4.37,--,0,0,卖盘
617,13:26:10,4.37,--,200,87400,卖盘
618,13:26:05,4.37,0.01,427,186891,买盘
619,13:25:50,4.36,0.01,475,207100,买盘
620,13:25:35,4.35,-0.01,63,27404,卖盘
621,13:25:29,4.36,0.01,45,19620,买盘
622,13:25:25,4.35,--,50,21750,卖盘
623,13:25:20,4.35,--,40,17400,卖盘
624,13:25:14,4.35,-0.01,40,17400,卖盘
625,13:25:10,4.36,0.01,55,23980,买盘
626,13:25:05,4.35,--,60,26099,卖盘
627,13:24:59,4.35,--,20,8700,卖盘
628,13:24:55,4.35,--,20,8700,卖盘
629,13:24:50,4.35,--,60,26099,卖盘
630,13:24:44,4.35,--,20,8700,卖盘
631,13:24:40,4.35,--,157,68295,卖盘
632,13:24:35,4.35,--,20,8700,卖盘
633,13:24:29,4.35,-0.01,28,12179,卖盘
634,13:24:25,4.36,0.01,100,43600,买盘
635,13:24:20,4.35,-0.01,1,434,卖盘
636,13:24:14,4.36,0.01,20,8720,买盘
637,13:24:10,4.35,-0.01,20,8700,卖盘
638,13:24:05,4.36,0.01,100,43600,卖盘
639,13:23:59,4.35,--,20,8700,卖盘
640,13:23:55,4.35,--,50,21750,卖盘
641,13:23:50,4.35,--,697,303364,卖盘
642,13:23:40,4.35,--,60,26099,卖盘
643,13:23:35,4.35,--,30,13049,卖盘
644,13:23:25,4.35,-0.01,1,434,卖盘
645,13:23:20,4.36,0.01,62,27032,买盘
646,13:23:10,4.35,--,26,11309,卖盘
647,13:22:55,4.35,--,60,26099,卖盘
648,13:22:50,4.35,--,40,17400,卖盘
649,13:22:40,4.35,--,30,13049,卖盘
650,13:22:35,4.35,--,52,22619,卖盘
651,13:22:25,4.35,--,10,4350,卖盘
652,13:22:20,4.35,--,32,13919,卖盘
653,13:22:14,4.35,--,20,8700,卖盘
654,13:22:10,4.35,-0.01,51,22185,卖盘
655,13:22:04,4.36,--,10,4360,买盘
656,13:21:55,4.36,--,50,21800,买盘
657,13:21:49,4.36,0.01,22,9592,买盘
658,13:21:40,4.35,-0.01,1,434,卖盘
659,13:21:25,4.36,--,60,26160,买盘
660,13:21:19,4.36,0.01,15,6540,买盘
661,13:21:14,4.35,-0.01,5,2175,卖盘
662,13:20:55,4.36,--,100,43600,买盘
663,13:20:49,4.36,--,14,6104,卖盘
664,13:20:44,4.36,--,530,231080,卖盘
665,13:20:39,4.36,--,120,52320,卖盘
666,13:20:34,4.36,--,70,30520,卖盘
667,13:20:29,4.36,--,60,26160,卖盘
668,13:20:25,4.36,--,257,112052,卖盘
669,13:20:19,4.36,-0.01,63,27468,卖盘
670,13:20:14,4.37,0.01,91,39767,买盘
671,13:20:09,4.36,--,90,39240,卖盘
672,13:20:04,4.36,--,90,39240,卖盘
673,13:19:59,4.36,--,30,13080,卖盘
674,13:19:54,4.36,--,60,26160,卖盘
675,13:19:49,4.36,--,60,26160,卖盘
676,13:19:44,4.36,--,30,13080,卖盘
677,13:19:39,4.36,--,60,26160,卖盘
678,13:19:34,4.36,--,60,26160,卖盘
679,13:19:29,4.36,--,40,17440,卖盘
680,13:19:24,4.36,--,10,4360,卖盘
681,13:19:19,4.36,-0.01,20,8720,卖盘
682,13:19:14,4.37,0.01,50,21850,买盘
683,13:19:09,4.36,-0.01,73,31828,卖盘
684,13:19:04,4.37,--,50,21850,买盘
685,13:18:34,4.37,--,1,437,卖盘
686,13:18:29,4.37,--,90,39330,卖盘
687,13:18:23,4.37,--,60,26220,卖盘
688,13:18:19,4.37,--,91,39767,卖盘
689,13:18:14,4.37,--,80,34960,卖盘
690,13:18:08,4.37,--,20,8740,卖盘
691,13:18:04,4.37,--,40,17480,卖盘
692,13:17:59,4.37,--,30,13110,卖盘
693,13:17:53,4.37,--,20,8740,卖盘
694,13:17:49,4.37,--,40,17480,卖盘
695,13:17:44,4.37,--,60,26220,卖盘
696,13:17:38,4.37,--,20,8740,卖盘
697,13:17:29,4.37,--,20,8740,卖盘
698,13:17:23,4.37,-0.01,20,8740,卖盘
699,13:17:04,4.38,0.01,8,3504,买盘
700,13:16:44,4.37,--,50,21850,卖盘
701,13:16:38,4.37,--,1,437,卖盘
702,13:16:14,4.37,-0.01,50,21850,卖盘
703,13:15:59,4.38,0.01,7,3066,买盘
704,13:15:23,4.37,--,21,9177,卖盘
705,13:14:59,4.37,--,41,17917,卖盘
706,13:14:53,4.37,--,20,8740,卖盘
707,13:14:49,4.37,--,80,34960,卖盘
708,13:14:44,4.37,--,60,26220,卖盘
709,13:14:38,4.37,--,20,8740,卖盘
710,13:14:34,4.37,--,40,17480,卖盘
711,13:14:28,4.37,--,20,8740,卖盘
712,13:13:33,4.37,--,30,13110,卖盘
713,13:13:08,4.37,-0.01,5,2185,卖盘
714,13:12:58,4.38,--,146,63948,买盘
715,13:12:48,4.38,-0.01,25,11217,卖盘
716,13:12:43,4.39,0.01,2,877,买盘
717,13:12:38,4.38,--,100,43800,卖盘
718,13:12:33,4.38,--,50,21900,卖盘
719,13:12:28,4.38,-0.01,150,65700,卖盘
720,13:12:23,4.39,--,54,23706,卖盘
721,13:12:18,4.39,0.01,246,107993,买盘
722,13:11:38,4.38,-0.01,100,43800,卖盘
723,13:09:38,4.39,--,3,1317,买盘
724,13:08:58,4.39,0.01,20,8780,买盘
725,13:07:57,4.38,--,132,57816,卖盘
726,13:07:37,4.38,-0.01,1,438,卖盘
727,13:07:27,4.39,--,105,46095,买盘
728,13:07:07,4.39,--,27,11853,买盘
729,13:06:22,4.39,--,69,30290,卖盘
730,13:06:17,4.39,--,50,21950,卖盘
731,13:06:12,4.39,--,150,65850,卖盘
732,13:06:07,4.39,--,100,43900,卖盘
733,13:05:42,4.39,--,14,6146,卖盘
734,13:05:12,4.39,--,16,7023,卖盘
735,13:04:11,4.39,--,20,8780,卖盘
736,13:04:07,4.39,--,90,39510,卖盘
737,13:04:02,4.39,--,60,26339,卖盘
738,13:03:56,4.39,--,60,26339,卖盘
739,13:03:52,4.39,--,38,16682,卖盘
740,13:02:17,4.39,-0.01,1,438,卖盘
741,13:01:16,4.4,--,30,13200,买盘
742,13:01:07,4.4,--,30,13200,买盘
743,13:01:01,4.4,--,50,22000,买盘
744,13:00:51,4.4,--,2,880,买盘
745,13:00:11,4.4,0.01,2,880,买盘
746,13:00:07,4.39,-0.01,186,81654,卖盘
747,11:30:00,4.4,--,0,0,买盘
748,11:30:00,4.4,--,0,0,买盘
749,11:27:26,4.4,--,2,880,买盘
750,11:27:21,4.4,0.01,50,22000,买盘
751,11:27:06,4.39,--,2,877,卖盘
752,11:26:41,4.39,-0.01,20,8780,卖盘
753,11:26:21,4.4,--,20,8800,买盘
754,11:25:47,4.4,0.01,6,2640,买盘
755,11:25:11,4.39,--,2,877,卖盘
756,11:24:16,4.39,--,6,2634,卖盘
757,11:23:36,4.39,0.01,686,301154,买盘
758,11:22:56,4.38,--,10,4380,卖盘
759,11:22:41,4.38,--,100,43800,卖盘
760,11:22:21,4.38,--,88,38544,卖盘
761,11:21:11,4.38,-0.01,15,6570,卖盘
762,11:19:50,4.39,--,3,1317,买盘
763,11:18:40,4.39,0.01,138,60581,买盘
764,11:17:00,4.38,--,30,13140,卖盘
765,11:15:25,4.38,-0.01,100,43800,卖盘
766,11:15:09,4.39,--,3,1317,买盘
767,11:15:05,4.39,0.01,1,438,买盘
768,11:14:50,4.38,-0.01,2,876,卖盘
769,11:14:14,4.39,0.01,68,29851,买盘
770,11:13:54,4.38,--,8,3504,卖盘
771,11:13:35,4.38,--,25,11033,卖盘
772,11:13:05,4.38,--,100,43800,卖盘
773,11:12:54,4.38,--,3,1314,卖盘
774,11:12:19,4.38,--,47,20586,卖盘
775,11:11:49,4.38,--,10,4380,卖盘
776,11:10:39,4.38,--,68,29784,卖盘
777,11:10:29,4.38,-0.01,53,23214,卖盘
778,11:10:14,4.39,0.01,2,877,买盘
779,11:09:54,4.38,--,4,1752,卖盘
780,11:09:49,4.38,--,25,11037,卖盘
781,11:09:44,4.38,-0.01,30,13140,卖盘
782,11:09:14,4.39,0.01,10,4390,买盘
783,11:08:49,4.38,--,13,5694,卖盘
784,11:08:44,4.38,-0.01,11,4818,卖盘
785,11:08:29,4.39,--,2,877,买盘
786,11:08:19,4.39,--,1,438,买盘
787,11:08:08,4.39,--,7,3073,买盘
788,11:07:33,4.39,--,167,73313,买盘
789,11:07:29,4.39,--,4,1755,买盘
790,11:06:33,4.39,--,59,25900,买盘
791,11:06:03,4.39,--,133,58386,买盘
792,11:05:44,4.39,--,57,25022,买盘
793,11:05:38,4.39,--,3,1317,买盘
794,11:05:23,4.39,0.01,4,1755,买盘
795,11:05:03,4.38,--,3,1314,卖盘
796,11:04:07,4.38,-0.01,10,4380,卖盘
797,11:03:18,4.39,0.01,5,2195,买盘
798,11:03:13,4.38,-0.01,430,188340,卖盘
799,11:02:58,4.39,0.01,55,24145,买盘
800,11:02:53,4.38,-0.01,300,131400,卖盘
801,11:02:43,4.39,--,34,14925,买盘
802,11:02:28,4.39,-0.01,126,55313,卖盘
803,11:02:18,4.4,--,446,196240,买盘
804,11:02:13,4.4,--,59,25960,买盘
805,11:01:48,4.4,--,3,1320,买盘
806,11:01:43,4.4,0.01,68,29920,买盘
807,11:01:28,4.39,--,10,4390,卖盘
808,11:01:23,4.39,--,19,8341,卖盘
809,11:01:08,4.39,--,4,1755,卖盘
810,11:00:22,4.39,--,10,4390,卖盘
811,11:00:17,4.39,--,5,2195,卖盘
812,11:00:01,4.39,--,68,29851,买盘
813,10:59:57,4.39,--,66,28973,买盘
814,10:59:47,4.39,--,166,72874,卖盘
815,10:59:42,4.39,0.01,34,14925,买盘
816,10:59:22,4.38,-0.01,68,29784,卖盘
817,10:59:16,4.39,0.01,18,7901,买盘
818,10:58:01,4.38,-0.01,2,876,卖盘
819,10:57:42,4.39,--,230,100969,卖盘
820,10:57:37,4.39,--,19,8341,卖盘
821,10:57:22,4.39,-0.01,19,8341,卖盘
822,10:57:07,4.4,--,142,62818,卖盘
823,10:57:01,4.4,-0.01,10,4400,卖盘
824,10:56:46,4.41,0.01,92,40572,买盘
825,10:56:37,4.4,--,30,13200,卖盘
826,10:56:31,4.4,--,20,8800,卖盘
827,10:56:27,4.4,--,40,17600,卖盘
828,10:56:22,4.4,-0.01,100,44000,卖盘
829,10:56:16,4.41,0.01,50,22050,买盘
830,10:56:01,4.4,--,150,66000,卖盘
831,10:55:52,4.4,-0.01,35,15400,卖盘
832,10:55:46,4.41,--,24,10584,买盘
833,10:55:37,4.41,--,16,7056,买盘
834,10:55:27,4.41,--,167,73647,买盘
835,10:55:16,4.41,--,190,83790,卖盘
836,10:55:11,4.41,-0.01,10,4410,卖盘
837,10:55:07,4.42,0.01,1,442,买盘
838,10:55:01,4.41,--,50,22050,卖盘
839,10:54:55,4.41,--,23,10143,卖盘
840,10:54:52,4.41,--,10,4410,卖盘
841,10:54:46,4.41,--,31,13671,卖盘
842,10:54:22,4.41,--,480,211680,买盘
843,10:54:16,4.41,--,120,52920,买盘
844,10:54:07,4.41,--,295,130095,买盘
845,10:54:01,4.41,--,47,20727,买盘
846,10:53:52,4.41,--,50,22050,买盘
847,10:53:46,4.41,0.01,200,88200,买盘
848,10:53:37,4.4,--,806,354741,买盘
849,10:53:31,4.4,0.01,65,28600,买盘
850,10:53:25,4.39,-0.01,1,438,卖盘
851,10:53:22,4.4,--,48,21120,买盘
852,10:53:16,4.4,--,907,399080,买盘
853,10:53:07,4.4,0.01,655,288200,买盘
854,10:52:40,4.39,-0.01,118,51801,卖盘
855,10:52:37,4.4,--,10,4400,买盘
856,10:52:31,4.4,0.01,8,3520,买盘
857,10:52:16,4.39,--,67,29412,卖盘
858,10:52:07,4.39,--,602,264278,买盘
859,10:52:01,4.39,--,30,13169,买盘
860,10:51:40,4.39,--,15,6584,买盘
861,10:51:31,4.39,--,19,8341,买盘
862,10:51:16,4.39,0.01,32,14047,买盘
863,10:51:10,4.38,-0.01,1,438,卖盘
864,10:51:01,4.39,--,0,0,中性盘
865,10:50:55,4.39,--,117,51362,卖盘
866,10:50:51,4.39,0.01,535,235295,买盘
867,10:50:46,4.38,-0.01,22,9636,卖盘
868,10:50:40,4.39,--,7,3073,买盘
869,10:50:36,4.39,--,60,26339,买盘
870,10:50:10,4.39,--,60,26339,买盘
871,10:50:01,4.39,--,259,113700,买盘
872,10:49:55,4.39,--,16,7023,买盘
873,10:49:46,4.39,--,41,17999,买盘
874,10:49:40,4.39,--,11,4829,买盘
875,10:49:31,4.39,0.01,189,82971,买盘
876,10:49:16,4.38,0.02,114,49932,买盘
877,10:49:06,4.36,--,0,0,卖盘
878,10:49:01,4.36,-0.02,58,25288,卖盘
879,10:48:55,4.38,0.01,136,59568,买盘
880,10:48:51,4.37,0.01,690,301530,买盘
881,10:48:46,4.36,--,74,32264,卖盘
882,10:48:40,4.36,--,197,85892,卖盘
883,10:48:31,4.36,-0.01,43,18748,卖盘
884,10:48:10,4.37,--,13,5681,买盘
885,10:47:55,4.37,0.01,38,16606,买盘
886,10:47:46,4.36,--,21,9156,卖盘
887,10:46:40,4.36,--,25,10900,卖盘
888,10:46:31,4.36,--,15,6540,卖盘
889,10:45:55,4.36,--,20,8720,卖盘
890,10:45:25,4.36,--,6,2616,卖盘
891,10:45:19,4.36,--,3,1308,卖盘
892,10:45:10,4.36,--,4,1744,卖盘
893,10:44:40,4.36,-0.01,110,47960,卖盘
894,10:44:30,4.37,--,274,119738,买盘
895,10:44:19,4.37,--,3,1311,买盘
896,10:43:55,4.37,--,20,8740,买盘
897,10:43:00,4.37,--,67,29279,买盘
898,10:42:45,4.37,--,257,112309,买盘
899,10:42:25,4.37,0.02,429,187473,买盘
900,10:42:19,4.35,-0.01,1136,494159,卖盘
901,10:42:10,4.36,--,18,7848,买盘
902,10:42:00,4.36,--,5,2180,买盘
903,10:41:55,4.36,--,11,4796,买盘
904,10:41:45,4.36,--,20,8720,买盘
905,10:41:39,4.36,--,804,350544,卖盘
906,10:41:19,4.36,-0.01,100,43600,卖盘
907,10:41:13,4.37,--,6,2622,买盘
908,10:40:54,4.37,--,60,26220,买盘
909,10:40:13,4.37,0.01,10,4370,买盘
910,10:40:09,4.36,-0.01,21,9156,卖盘
911,10:39:39,4.37,0.01,3,1311,买盘
912,10:39:34,4.36,--,20,8720,卖盘
913,10:39:24,4.36,--,10,4360,卖盘
914,10:38:09,4.36,--,400,174400,卖盘
915,10:37:54,4.36,-0.01,86,37496,卖盘
916,10:37:39,4.37,0.01,20,8740,买盘
917,10:37:09,4.36,--,54,23544,卖盘
918,10:36:04,4.36,-0.01,50,21800,卖盘
919,10:35:58,4.37,--,114,49818,买盘
920,10:35:49,4.37,0.01,10,4370,买盘
921,10:34:54,4.36,--,1,436,卖盘
922,10:34:39,4.36,-0.01,79,34444,卖盘
923,10:34:34,4.37,0.01,62,27094,买盘
924,10:33:48,4.36,-0.01,4,1744,卖盘
925,10:33:13,4.37,--,13,5681,买盘
926,10:33:03,4.37,--,2,874,买盘
927,10:31:07,4.37,--,68,29716,买盘
928,10:30:58,4.37,0.01,1,437,买盘
929,10:30:22,4.36,--,11,4796,卖盘
930,10:29:37,4.36,--,2,872,卖盘
931,10:29:33,4.36,-0.01,76,33136,卖盘
932,10:29:22,4.37,--,1,437,买盘
933,10:29:18,4.37,0.01,5,2185,买盘
934,10:29:03,4.36,--,6,2616,卖盘
935,10:28:58,4.36,--,40,17440,卖盘
936,10:28:28,4.36,--,49,21364,卖盘
937,10:28:07,4.36,--,7,3052,卖盘
938,10:27:37,4.36,--,20,8720,卖盘
939,10:27:28,4.36,--,80,34880,卖盘
940,10:27:22,4.36,-0.01,5,2180,卖盘
941,10:26:07,4.37,--,150,65550,卖盘
942,10:25:16,4.37,--,6,2622,卖盘
943,10:25:12,4.37,--,57,24909,卖盘
944,10:24:57,4.37,--,100,43700,卖盘
945,10:24:46,4.37,--,6,2622,卖盘
946,10:24:42,4.37,--,10,4370,卖盘
947,10:24:27,4.37,--,23,10051,卖盘
948,10:24:16,4.37,--,28,12236,卖盘
949,10:23:31,4.37,-0.01,60,26220,卖盘
950,10:23:12,4.38,0.01,100,43800,买盘
951,10:22:27,4.37,--,189,82593,卖盘
952,10:22:07,4.37,--,40,17480,卖盘
953,10:21:42,4.37,--,50,21850,卖盘
954,10:21:07,4.37,--,1,437,卖盘
955,10:21:01,4.37,--,59,25783,卖盘
956,10:20:52,4.37,--,5,2185,卖盘
957,10:20:07,4.37,--,3,1311,卖盘
958,10:20:01,4.37,--,1,437,卖盘
959,10:19:31,4.37,--,50,21850,卖盘
960,10:19:16,4.37,--,11,4807,卖盘
961,10:19:10,4.37,--,124,54188,卖盘
962,10:19:06,4.37,--,389,169993,卖盘
963,10:19:01,4.37,--,12,5244,卖盘
964,10:18:46,4.37,--,21,9177,卖盘
965,10:18:16,4.37,-0.01,19,8303,卖盘
966,10:18:01,4.38,0.01,40,17520,买盘
967,10:17:55,4.37,--,1,437,卖盘
968,10:17:21,4.37,--,33,14421,卖盘
969,10:17:16,4.37,--,50,21850,卖盘
970,10:17:01,4.37,--,12,5244,卖盘
971,10:16:55,4.37,--,10,4370,卖盘
972,10:16:51,4.37,--,25,10925,卖盘
973,10:16:40,4.37,--,4,1748,卖盘
974,10:16:36,4.37,--,17,7429,卖盘
975,10:16:31,4.37,-0.01,29,12673,卖盘
976,10:16:21,4.38,0.01,1,438,买盘
977,10:15:51,4.37,--,1,437,卖盘
978,10:15:46,4.37,--,5,2185,卖盘
979,10:15:21,4.37,--,25,10925,卖盘
980,10:15:10,4.37,--,282,123234,卖盘
981,10:15:06,4.37,-0.01,1,437,卖盘
982,10:14:46,4.38,--,57,24966,卖盘
983,10:14:36,4.38,--,6,2628,卖盘
984,10:14:31,4.38,-0.01,20,8760,卖盘
985,10:14:21,4.39,0.01,2,877,买盘
986,10:14:16,4.38,--,10,4380,卖盘
987,10:14:01,4.38,--,544,238272,卖盘
988,10:13:31,4.38,--,39,17082,卖盘
989,10:13:25,4.38,--,24,10512,卖盘
990,10:12:40,4.38,-0.01,9,3942,卖盘
991,10:11:25,4.39,0.01,4,1755,买盘
992,10:10:30,4.38,-0.01,60,26280,卖盘
993,10:10:00,4.39,--,68,29851,买盘
994,10:09:30,4.39,0.01,62,27217,买盘
995,10:09:00,4.38,-0.01,26,11388,卖盘
996,10:08:55,4.39,--,0,0,中性盘
997,10:08:49,4.39,--,0,0,买盘
998,10:08:45,4.39,--,664,291496,买盘
999,10:08:40,4.39,--,259,113700,买盘
1000,10:08:34,4.39,--,50,21950,买盘
1001,10:08:30,4.39,0.01,63,27656,买盘
1002,10:07:49,4.38,-0.01,10,4380,卖盘
1003,10:06:24,4.39,0.01,2,877,买盘
1004,10:06:15,4.38,--,3,1314,卖盘
1005,10:06:04,4.38,-0.01,10,4380,卖盘
1006,10:05:54,4.39,--,27,11853,买盘
1007,10:05:45,4.39,--,142,62337,买盘
1008,10:05:34,4.39,--,12,5268,买盘
1009,10:05:14,4.39,0.01,1,438,买盘
1010,10:04:54,4.38,-0.01,9,3942,卖盘
1011,10:04:24,4.39,0.01,32,14047,买盘
1012,10:04:09,4.38,-0.01,34,14892,卖盘
1013,10:03:43,4.39,0.01,26,11414,买盘
1014,10:03:39,4.38,--,16,7008,卖盘
1015,10:03:13,4.38,--,1,438,卖盘
1016,10:03:04,4.38,--,3,1314,卖盘
1017,10:01:34,4.38,--,80,35040,卖盘
1018,10:00:54,4.38,-0.01,1,438,卖盘
1019,10:00:24,4.39,--,45,19755,买盘
1020,09:59:24,4.39,--,5,2195,买盘
1021,09:59:09,4.39,--,30,13169,买盘
1022,09:59:03,4.39,--,100,43900,买盘
1023,09:58:24,4.39,--,4,1755,买盘
1024,09:58:18,4.39,--,231,101408,买盘
1025,09:58:03,4.39,--,257,112822,卖盘
1026,09:57:48,4.39,-0.01,3,1317,卖盘
1027,09:56:52,4.4,0.01,229,100760,买盘
1028,09:56:43,4.39,-0.01,20,8780,卖盘
1029,09:56:33,4.4,--,38,16720,买盘
1030,09:56:13,4.4,0.01,21,9240,买盘
1031,09:55:58,4.39,--,30,13169,卖盘
1032,09:55:43,4.39,-0.01,25,10975,卖盘
1033,09:55:33,4.4,0.01,30,13200,买盘
1034,09:55:28,4.39,-0.01,13,5707,卖盘
1035,09:55:18,4.4,0.01,57,25080,买盘
1036,09:54:43,4.39,--,25,10975,卖盘
1037,09:54:37,4.39,--,100,43900,卖盘
1038,09:54:33,4.39,--,30,13169,卖盘
1039,09:54:22,4.39,-0.01,5,2195,卖盘
1040,09:54:18,4.4,--,116,51040,买盘
1041,09:54:13,4.4,0.01,20,8800,买盘
1042,09:54:03,4.39,--,50,21950,卖盘
1043,09:53:58,4.39,--,22,9658,卖盘
1044,09:53:43,4.39,--,19,8341,卖盘
1045,09:53:18,4.39,-0.01,11,4829,卖盘
1046,09:53:13,4.4,0.01,30,13200,买盘
1047,09:52:37,4.39,--,50,21950,卖盘
1048,09:52:27,4.39,-0.01,9,3950,卖盘
1049,09:51:52,4.4,0.01,3,1320,买盘
1050,09:51:47,4.39,--,25,10975,卖盘
1051,09:51:42,4.39,-0.01,24,10536,卖盘
1052,09:51:33,4.4,0.01,7,3080,买盘
1053,09:51:27,4.39,--,487,213792,买盘
1054,09:51:07,4.39,--,4,1755,买盘
1055,09:50:12,4.39,--,237,104042,买盘
1056,09:50:07,4.39,0.01,7,3073,买盘
1057,09:49:31,4.38,--,7,3066,买盘
1058,09:49:17,4.38,--,150,65700,买盘
1059,09:49:07,4.38,-0.01,118,51684,卖盘
1060,09:48:37,4.39,--,8,3511,买盘
1061,09:47:57,4.39,0.01,7,3073,买盘
1062,09:47:46,4.38,0.01,1,438,卖盘
1063,09:47:37,4.37,--,20,8740,卖盘
1064,09:47:12,4.37,--,27,11799,卖盘
1065,09:47:07,4.37,--,227,99199,买盘
1066,09:46:57,4.37,--,0,0,买盘
1067,09:46:52,4.37,--,20,8740,买盘
1068,09:46:46,4.37,--,130,56810,买盘
1069,09:46:42,4.37,--,1224,534888,买盘
1070,09:46:27,4.37,--,218,95266,买盘
1071,09:46:12,4.37,-0.01,1022,446614,卖盘
1072,09:45:51,4.38,--,10,4380,卖盘
1073,09:45:42,4.38,-0.01,500,219000,卖盘
1074,09:45:21,4.39,0.01,50,21950,买盘
1075,09:44:56,4.38,--,12,5256,卖盘
1076,09:44:51,4.38,-0.01,84,36792,卖盘
1077,09:44:46,4.39,0.01,11,4829,买盘
1078,09:44:41,4.38,-0.01,50,21900,卖盘
1079,09:44:36,4.39,0.01,848,372272,买盘
1080,09:44:31,4.38,--,25,10950,卖盘
1081,09:44:26,4.38,-0.01,5,2190,卖盘
1082,09:44:01,4.39,0.01,11,4829,买盘
1083,09:43:36,4.38,-0.01,16,7008,卖盘
1084,09:43:11,4.39,--,2,877,买盘
1085,09:43:06,4.39,0.01,5,2195,买盘
1086,09:42:41,4.38,-0.01,3,1314,卖盘
1087,09:42:31,4.39,0.01,10,4390,买盘
1088,09:42:21,4.38,--,49,21462,卖盘
1089,09:41:21,4.38,--,50,21900,卖盘
1090,09:41:16,4.38,--,50,21900,卖盘
1091,09:41:10,4.38,-0.01,40,17520,卖盘
1092,09:40:55,4.39,--,2,877,买盘
1093,09:40:40,4.39,0.01,20,8780,买盘
1094,09:40:36,4.38,--,4,1752,卖盘
1095,09:40:31,4.38,--,1,438,卖盘
1096,09:40:25,4.38,--,8,3504,卖盘
1097,09:40:21,4.38,-0.01,500,219000,卖盘
1098,09:40:16,4.39,0.01,6,2634,买盘
1099,09:39:46,4.38,-0.01,1,438,卖盘
1100,09:39:16,4.39,--,5,2195,买盘
1101,09:38:45,4.39,--,17,7462,买盘
1102,09:38:36,4.39,--,62,27217,买盘
1103,09:38:30,4.39,0.01,22,9658,买盘
1104,09:38:25,4.38,-0.01,93,40734,卖盘
1105,09:37:50,4.39,--,100,43900,买盘
1106,09:37:15,4.39,--,50,21950,买盘
1107,09:37:05,4.39,--,57,25022,买盘
1108,09:36:55,4.39,--,33,14486,买盘
1109,09:36:35,4.39,0.01,10,4390,买盘
1110,09:36:30,4.38,--,60,26280,卖盘
1111,09:36:25,4.38,-0.01,15,6570,卖盘
1112,09:36:20,4.39,--,220,96580,买盘
1113,09:36:15,4.39,--,21,9219,买盘
1114,09:35:45,4.39,--,100,43900,买盘
1115,09:35:40,4.39,--,40,17560,买盘
1116,09:35:35,4.39,-0.01,111,48729,卖盘
1117,09:35:30,4.4,0.01,259,113960,买盘
1118,09:35:20,4.39,--,1,438,买盘
1119,09:35:15,4.39,--,100,43900,买盘
1120,09:35:05,4.39,--,12,5268,卖盘
1121,09:35:00,4.39,--,6,2634,卖盘
1122,09:34:55,4.39,0.01,11,4829,买盘
1123,09:34:30,4.38,-0.02,256,112128,卖盘
1124,09:34:20,4.4,--,25,11000,买盘
1125,09:34:15,4.4,--,55,24200,买盘
1126,09:34:00,4.4,--,50,22000,买盘
1127,09:33:49,4.4,--,8,3520,买盘
1128,09:33:40,4.4,0.01,52,22880,买盘
1129,09:32:34,4.39,--,9,3950,卖盘
1130,09:32:30,4.39,--,34,14925,卖盘
1131,09:32:10,4.39,-0.01,50,21950,卖盘
1132,09:32:00,4.4,--,66,29040,卖盘
1133,09:31:45,4.4,--,803,353320,卖盘
1134,09:31:34,4.4,--,60,26400,卖盘
1135,09:31:29,4.4,--,9,3960,卖盘
1136,09:31:24,4.4,-0.01,203,89320,卖盘
1137,09:31:04,4.41,-0.01,19,8379,卖盘
1138,09:30:59,4.42,--,25,11050,买盘
1139,09:30:39,4.42,0.02,54,23868,买盘
1140,09:30:29,4.4,--,103,45320,卖盘
1141,09:30:19,4.4,--,43,18920,买盘
1142,09:30:14,4.4,0.01,2,880,买盘
1143,09:30:09,4.39,-0.03,134,58825,卖盘
1144,09:30:04,4.42,0.04,230,101660,买盘
1145,09:28:55,4.38,--,0,0,卖盘
1146,09:25:07,4.38,4.38,172,75336,买盘
