,time,price,change,volume,amount,type
0,15:00:03,23.15,--,665,1539475,买盘
1,14:57:00,23.15,--,7,16204,买盘
2,14:56:57,23.15,0.01,5,11575,买盘
3,14:56:54,23.14,-0.02,175,404950,卖盘
4,14:56:51,23.16,0.01,114,264024,买盘
5,14:56:48,23.15,-0.01,6,13890,卖盘
6,14:56:45,23.16,0.01,2,4632,买盘
7,14:56:42,23.15,--,15,34725,卖盘
8,14:56:36,23.15,--,10,23150,卖盘
9,14:56:33,23.15,--,51,118065,卖盘
10,14:56:30,23.15,0.01,97,224555,买盘
11,14:56:27,23.14,-0.01,141,326274,卖盘
12,14:56:24,23.15,0.01,30,69450,买盘
13,14:56:18,23.14,--,9,20826,卖盘
14,14:56:15,23.14,--,298,689572,卖盘
15,14:56:09,23.14,0.01,20,46280,买盘
16,14:56:06,23.13,--,4,9252,卖盘
17,14:56:00,23.13,--,5,11565,卖盘
18,14:55:57,23.13,--,20,46260,卖盘
19,14:55:51,23.13,0.02,129,298377,买盘
20,14:55:48,23.11,0.01,50,115550,卖盘
21,14:55:39,23.1,-0.01,124,286440,卖盘
22,14:55:36,23.11,--,15,34665,买盘
23,14:55:33,23.11,--,11,25421,卖盘
24,14:55:30,23.11,-0.02,12,27732,中性盘
25,14:55:27,23.13,0.02,256,592128,买盘
26,14:55:24,23.11,--,6,13866,卖盘
27,14:55:21,23.11,--,1,2311,卖盘
28,14:55:15,23.11,-0.01,49,113239,卖盘
29,14:55:12,23.12,--,6,13872,买盘
30,14:55:09,23.12,--,22,50864,买盘
31,14:55:06,23.12,-0.01,67,154904,卖盘
32,14:55:00,23.13,--,1,2313,买盘
33,14:54:57,23.13,--,12,27756,买盘
34,14:54:54,23.13,-0.01,1074,2484162,卖盘
35,14:54:51,23.14,--,92,212888,买盘
36,14:54:45,23.14,0.01,100,231400,买盘
37,14:54:42,23.13,--,150,346950,卖盘
38,14:54:36,23.13,--,34,78642,卖盘
39,14:54:33,23.13,-0.01,34,78642,卖盘
40,14:54:30,23.14,0.02,14,32396,买盘
41,14:54:24,23.12,-0.01,49,113288,卖盘
42,14:54:21,23.13,-0.01,10,23130,卖盘
43,14:54:18,23.14,0.01,12,27768,买盘
44,14:54:12,23.13,-0.01,7,16191,卖盘
45,14:54:09,23.14,--,128,296192,买盘
46,14:54:03,23.14,0.01,2,4628,买盘
47,14:54:00,23.13,-0.01,12,27756,卖盘
48,14:53:51,23.14,--,7,16198,买盘
49,14:53:48,23.14,--,12,27768,买盘
50,14:53:45,23.14,--,11,25454,买盘
51,14:53:36,23.14,0.01,164,379496,中性盘
52,14:53:33,23.13,-0.02,3,6939,卖盘
53,14:53:30,23.15,0.01,3,6945,买盘
54,14:53:27,23.14,--,33,76362,买盘
55,14:53:24,23.14,--,16,37024,买盘
56,14:53:21,23.14,0.01,4,9256,中性盘
57,14:53:06,23.13,-0.01,110,254430,卖盘
58,14:52:57,23.14,0.01,23,53222,中性盘
59,14:52:48,23.13,-0.02,55,127215,卖盘
60,14:52:42,23.15,0.01,20,46300,买盘
61,14:52:39,23.14,--,3,6942,买盘
62,14:52:36,23.14,--,9,20826,买盘
63,14:52:30,23.14,0.01,2,4628,买盘
64,14:52:24,23.13,-0.01,72,166536,卖盘
65,14:52:18,23.14,--,10,23140,卖盘
66,14:52:06,23.14,--,1,2314,卖盘
67,14:52:00,23.14,0.01,6,13884,买盘
68,14:51:57,23.13,--,2,4626,卖盘
69,14:51:51,23.13,--,7,16191,卖盘
70,14:51:48,23.13,-0.01,5,11565,卖盘
71,14:51:42,23.14,0.02,5,11570,买盘
72,14:51:39,23.12,-0.02,50,115600,卖盘
73,14:51:33,23.14,0.01,1,2314,买盘
74,14:51:30,23.13,-0.01,5,11565,卖盘
75,14:51:27,23.14,0.01,3,6942,买盘
76,14:51:15,23.13,--,7,16191,买盘
77,14:51:12,23.13,--,3,6939,买盘
78,14:51:06,23.13,--,20,46260,买盘
79,14:51:03,23.13,--,24,55512,卖盘
80,14:50:57,23.13,-0.01,160,370080,卖盘
81,14:50:51,23.14,--,4,9256,买盘
82,14:50:48,23.14,--,3,6942,买盘
83,14:50:45,23.14,0.01,30,69420,买盘
84,14:50:42,23.13,-0.01,3,6939,卖盘
85,14:50:39,23.14,--,111,256854,卖盘
86,14:50:36,23.14,--,33,76362,卖盘
87,14:50:27,23.14,-0.01,5,11570,卖盘
88,14:50:21,23.15,--,39,90285,买盘
89,14:50:18,23.15,--,2,4630,买盘
90,14:50:09,23.15,0.01,5,11575,中性盘
91,14:50:06,23.14,-0.02,10,23140,卖盘
92,14:50:03,23.16,0.01,21,48636,买盘
93,14:50:00,23.15,--,10,23150,买盘
94,14:49:57,23.15,--,24,55560,卖盘
95,14:49:54,23.15,--,5,11575,卖盘
96,14:49:51,23.15,--,20,46300,卖盘
97,14:49:48,23.15,-0.01,22,50930,卖盘
98,14:49:45,23.16,--,1,2316,买盘
99,14:49:39,23.16,0.01,1,2316,买盘
100,14:49:33,23.15,-0.01,11,25465,卖盘
101,14:49:30,23.16,--,1,2316,卖盘
102,14:49:27,23.16,--,34,78744,卖盘
103,14:49:24,23.16,-0.01,1,2316,卖盘
104,14:49:21,23.17,--,10,23170,买盘
105,14:49:18,23.17,--,11,25487,买盘
106,14:49:09,23.17,0.01,26,60242,卖盘
107,14:49:06,23.16,-0.01,12,27792,卖盘
108,14:49:03,23.17,--,56,129752,卖盘
109,14:49:00,23.17,--,62,143654,买盘
110,14:48:57,23.17,0.01,12,27804,买盘
111,14:48:51,23.16,--,60,138960,卖盘
112,14:48:42,23.16,--,9,20844,卖盘
113,14:48:36,23.16,--,2,4632,卖盘
114,14:48:27,23.16,--,3,6948,卖盘
115,14:48:24,23.16,--,5,11580,卖盘
116,14:48:21,23.16,--,8,18528,买盘
117,14:48:15,23.16,--,44,101904,买盘
118,14:48:12,23.16,0.01,1,2316,买盘
119,14:48:09,23.15,-0.01,14,32409,卖盘
120,14:48:06,23.16,--,14,32424,买盘
121,14:48:03,23.16,--,7,16212,买盘
122,14:48:00,23.16,0.01,8,18528,买盘
123,14:47:57,23.15,--,10,23150,卖盘
124,14:47:51,23.15,-0.01,3,6945,卖盘
125,14:47:48,23.16,--,36,83376,买盘
126,14:47:39,23.16,0.01,17,39372,买盘
127,14:47:36,23.15,--,2,4630,卖盘
128,14:47:33,23.15,--,32,74080,卖盘
129,14:47:24,23.15,0.01,2,4630,卖盘
130,14:47:18,23.14,-0.01,3,6942,卖盘
131,14:47:15,23.15,-0.01,20,46300,卖盘
132,14:47:09,23.16,--,3,6948,买盘
133,14:47:06,23.16,0.01,23,53268,中性盘
134,14:46:51,23.15,-0.02,10,23150,卖盘
135,14:46:48,23.17,0.02,6,13902,买盘
136,14:46:45,23.15,--,3,6945,卖盘
137,14:46:42,23.15,--,7,16204,卖盘
138,14:46:39,23.15,--,29,67135,买盘
139,14:46:36,23.15,--,22,50930,买盘
140,14:46:33,23.15,--,3,6945,买盘
141,14:46:30,23.15,0.01,1,2315,买盘
142,14:46:27,23.14,--,3,6942,卖盘
143,14:46:24,23.14,--,1,2314,卖盘
144,14:46:21,23.14,--,4,9256,卖盘
145,14:46:09,23.14,--,9,20826,买盘
146,14:46:06,23.14,0.01,15,34710,买盘
147,14:46:03,23.13,-0.01,10,23130,卖盘
148,14:46:00,23.14,-0.01,5,11570,买盘
149,14:45:57,23.15,0.02,12,27780,买盘
150,14:45:48,23.13,--,2,4626,卖盘
151,14:45:36,23.13,-0.02,4,9252,卖盘
152,14:45:30,23.15,0.02,11,25465,买盘
153,14:45:27,23.13,--,30,69390,买盘
154,14:45:24,23.13,--,2,4626,买盘
155,14:45:18,23.13,--,3,6939,买盘
156,14:45:15,23.13,0.01,5,11565,买盘
157,14:45:12,23.12,-0.01,24,55488,卖盘
158,14:45:09,23.13,--,11,25443,买盘
159,14:45:06,23.13,--,32,74016,买盘
160,14:45:03,23.13,--,30,69390,买盘
161,14:45:00,23.13,--,5,11565,买盘
162,14:44:57,23.13,--,2,4626,买盘
163,14:44:54,23.13,--,10,23130,买盘
164,14:44:51,23.13,--,7,16191,买盘
165,14:44:48,23.13,--,149,344637,卖盘
166,14:44:45,23.13,-0.01,5,11565,卖盘
167,14:44:39,23.14,0.01,10,23140,买盘
168,14:44:36,23.13,--,22,50886,卖盘
169,14:44:33,23.13,--,4,9252,卖盘
170,14:44:27,23.13,--,12,27756,卖盘
171,14:44:21,23.13,--,2,4626,买盘
172,14:44:18,23.13,0.01,6,13878,买盘
173,14:44:15,23.12,0.01,25,57800,卖盘
174,14:44:12,23.11,-0.01,8,18488,卖盘
175,14:44:09,23.12,-0.01,14,32368,中性盘
176,14:44:06,23.13,--,13,30069,买盘
177,14:44:03,23.13,0.03,102,235926,买盘
178,14:44:00,23.1,-0.03,850,1963500,卖盘
179,14:43:54,23.13,--,15,34695,买盘
180,14:43:51,23.13,--,10,23130,买盘
181,14:43:48,23.13,--,1,2313,买盘
182,14:43:45,23.13,--,126,291438,卖盘
183,14:43:42,23.13,-0.02,2,4626,卖盘
184,14:43:39,23.15,--,11,25465,买盘
185,14:43:36,23.15,0.02,9,20835,买盘
186,14:43:30,23.13,--,107,247491,卖盘
187,14:43:21,23.13,-0.02,33,76329,卖盘
188,14:43:18,23.15,--,7,16204,卖盘
189,14:43:09,23.15,0.02,4,9260,买盘
190,14:43:06,23.13,--,9,20817,买盘
191,14:43:03,23.13,--,44,101772,买盘
192,14:43:00,23.13,-0.02,165,381645,卖盘
193,14:42:57,23.15,0.02,132,305580,买盘
194,14:42:54,23.13,-0.02,2,4626,卖盘
195,14:42:51,23.15,0.02,2,4630,买盘
196,14:42:48,23.13,--,10,23130,卖盘
197,14:42:45,23.13,--,3,6939,卖盘
198,14:42:39,23.13,-0.02,11,25443,卖盘
199,14:42:36,23.15,-0.03,15,34725,中性盘
200,14:42:33,23.18,0.06,5,11590,中性盘
201,14:42:24,23.12,-0.07,1,2312,卖盘
202,14:42:21,23.19,0.08,5,11595,买盘
203,14:42:15,23.11,-0.05,280,647080,卖盘
204,14:42:12,23.16,-0.03,3,6948,卖盘
205,14:42:09,23.19,--,11,25509,买盘
206,14:42:06,23.19,--,9,20871,买盘
207,14:42:03,23.19,--,3,6957,买盘
208,14:42:00,23.19,-0.01,5,11595,买盘
209,14:41:51,23.2,0.05,70,162400,买盘
210,14:41:48,23.15,-0.04,1000,2315000,卖盘
211,14:41:42,23.19,-0.01,3,6957,卖盘
212,14:41:39,23.2,--,14,32480,买盘
213,14:41:36,23.2,--,11,25520,买盘
214,14:41:33,23.2,--,2,4640,买盘
215,14:41:24,23.2,--,17,39440,买盘
216,14:41:18,23.2,--,5,11600,买盘
217,14:41:06,23.2,0.01,233,540560,买盘
218,14:41:03,23.19,-0.02,71,164649,卖盘
219,14:40:57,23.21,-0.01,0,1508,卖盘
220,14:40:54,23.22,--,2,4644,买盘
221,14:40:42,23.22,--,9,21478,卖盘
222,14:40:36,23.22,0.01,10,24961,买盘
223,14:40:33,23.21,--,7,16247,卖盘
224,14:40:30,23.21,0.01,3,6963,卖盘
225,14:40:21,23.2,--,9,21692,买盘
226,14:40:12,23.2,-0.01,210,488708,卖盘
227,14:40:06,23.21,--,17,39457,买盘
228,14:40:03,23.21,--,4,9284,买盘
229,14:39:57,23.21,--,8,18568,卖盘
230,14:39:45,23.21,-0.02,1,2321,卖盘
231,14:39:39,23.23,--,10,23230,买盘
232,14:39:36,23.23,-0.01,10,23230,中性盘
233,14:39:24,23.24,0.03,20,46480,买盘
234,14:39:21,23.21,-0.02,3,6963,中性盘
235,14:39:09,23.23,--,11,25553,买盘
236,14:39:06,23.23,--,9,20907,买盘
237,14:39:03,23.23,0.03,6,13938,买盘
238,14:39:00,23.2,-0.03,2,4640,卖盘
239,14:38:48,23.23,0.03,4,9292,买盘
240,14:38:42,23.2,--,5,11600,卖盘
241,14:38:39,23.2,--,6,13920,卖盘
242,14:38:36,23.2,0.01,14,33292,买盘
243,14:38:33,23.19,--,2,4638,买盘
244,14:38:27,23.19,--,184,426696,卖盘
245,14:38:24,23.19,--,1,2319,卖盘
246,14:38:15,23.19,-0.01,3,6957,卖盘
247,14:38:12,23.2,--,1,2320,买盘
248,14:38:09,23.2,--,21,48720,买盘
249,14:38:06,23.2,--,38,88160,买盘
250,14:38:03,23.2,--,1,2320,买盘
251,14:37:54,23.2,--,8,18560,买盘
252,14:37:51,23.2,0.01,5,11600,买盘
253,14:37:39,23.19,-0.01,13,30147,卖盘
254,14:37:36,23.2,--,10,23200,买盘
255,14:37:33,23.2,--,10,23200,买盘
256,14:37:21,23.2,0.01,2,4640,买盘
257,14:37:18,23.19,--,4,9276,买盘
258,14:37:15,23.19,0.01,8,18552,中性盘
259,14:37:09,23.18,-0.01,63,146034,卖盘
260,14:37:06,23.19,--,14,32466,卖盘
261,14:36:54,23.19,-0.01,119,275961,卖盘
262,14:36:39,23.2,--,11,25520,买盘
263,14:36:36,23.2,--,11,25520,买盘
264,14:36:33,23.2,--,23,53360,买盘
265,14:36:21,23.2,--,10,23200,中性盘
266,14:36:09,23.2,--,25,58000,卖盘
267,14:36:06,23.2,0.01,6,13920,买盘
268,14:36:03,23.19,--,151,350169,卖盘
269,14:35:57,23.19,-0.01,3,6957,卖盘
270,14:35:48,23.2,-0.02,114,264480,卖盘
271,14:35:45,23.22,-0.02,1,2322,中性盘
272,14:35:39,23.24,0.01,10,23240,买盘
273,14:35:36,23.23,--,23,53429,买盘
274,14:35:30,23.23,--,3,6969,卖盘
275,14:35:24,23.23,0.01,31,72013,中性盘
276,14:35:09,23.22,-0.03,50,116100,卖盘
277,14:35:06,23.25,0.02,20,46500,买盘
278,14:35:03,23.23,--,1,2323,卖盘
279,14:34:54,23.23,-0.02,120,278760,卖盘
280,14:34:51,23.25,--,8,18600,卖盘
281,14:34:42,23.25,-0.01,10,23250,卖盘
282,14:34:36,23.26,--,20,46520,买盘
283,14:34:27,23.26,--,14,32564,卖盘
284,14:34:24,23.26,--,6,13956,卖盘
285,14:34:15,23.26,-0.02,52,120952,卖盘
286,14:34:09,23.28,--,10,23280,买盘
287,14:34:06,23.28,0.01,10,23280,买盘
288,14:33:51,23.27,0.01,3,6981,中性盘
289,14:33:42,23.26,-0.01,213,495438,卖盘
290,14:33:36,23.27,--,20,46540,买盘
291,14:33:33,23.27,--,4,9308,卖盘
292,14:33:30,23.27,0.01,4,9308,中性盘
293,14:33:18,23.26,-0.01,10,23260,卖盘
294,14:33:15,23.27,0.01,1,2327,买盘
295,14:33:09,23.26,-0.01,4,9304,卖盘
296,14:33:06,23.27,0.01,21,48867,买盘
297,14:33:03,23.26,-0.01,10,23260,卖盘
298,14:33:00,23.27,0.01,3,6981,买盘
299,14:32:54,23.26,-0.01,3,6978,卖盘
300,14:32:39,23.27,--,5,11635,买盘
301,14:32:36,23.27,0.01,20,46540,买盘
302,14:32:33,23.26,-0.01,3,6978,卖盘
303,14:32:27,23.27,--,17,39559,买盘
304,14:32:24,23.27,-0.01,24,55848,卖盘
305,14:32:12,23.28,--,164,381792,卖盘
306,14:32:00,23.28,--,22,51216,卖盘
307,14:31:57,23.28,--,18,41904,买盘
308,14:31:51,23.28,0.01,1,2328,中性盘
309,14:31:45,23.27,-0.02,1,2327,中性盘
310,14:31:39,23.29,--,10,23290,买盘
311,14:31:36,23.29,--,10,23290,买盘
312,14:31:30,23.29,--,10,23290,买盘
313,14:31:27,23.29,--,30,69870,买盘
314,14:31:21,23.29,--,5,11645,买盘
315,14:31:18,23.29,-0.01,751,1749079,卖盘
316,14:31:12,23.3,--,21,48930,卖盘
317,14:31:09,23.3,--,1,2330,卖盘
318,14:31:03,23.3,0.01,27,62910,买盘
319,14:30:57,23.29,--,3,6987,买盘
320,14:30:54,23.29,0.03,200,465800,买盘
321,14:30:51,23.26,--,3,6978,卖盘
322,14:30:36,23.26,--,6,13956,买盘
323,14:30:33,23.26,0.02,21,48846,买盘
324,14:30:24,23.24,--,2,4648,卖盘
325,14:30:18,23.24,-0.03,18,41832,卖盘
326,14:30:15,23.27,--,10,23270,卖盘
327,14:30:12,23.27,--,87,202449,买盘
328,14:30:09,23.27,--,10,23270,买盘
329,14:30:06,23.27,0.01,10,23270,买盘
330,14:30:03,23.26,-0.01,1,2326,中性盘
331,14:29:54,23.27,0.01,13,30251,买盘
332,14:29:45,23.26,-0.01,3,6978,卖盘
333,14:29:39,23.27,--,10,23270,买盘
334,14:29:36,23.27,--,10,23270,买盘
335,14:29:27,23.27,--,381,886587,卖盘
336,14:29:21,23.27,--,8,18616,卖盘
337,14:29:09,23.27,--,3,6981,卖盘
338,14:29:06,23.27,--,1,2327,卖盘
339,14:29:00,23.27,--,127,295529,买盘
340,14:28:54,23.27,0.01,300,698100,买盘
341,14:28:39,23.26,0.04,10,23260,买盘
342,14:28:36,23.22,-0.04,13,30186,卖盘
343,14:28:27,23.26,0.03,203,472178,买盘
344,14:28:24,23.23,0.01,12,27876,买盘
345,14:28:15,23.22,0.02,78,181116,买盘
346,14:28:03,23.2,--,3,6960,卖盘
347,14:28:00,23.2,0.01,30,69600,买盘
348,14:27:51,23.19,--,39,91043,买盘
349,14:27:48,23.19,--,5,11595,买盘
350,14:27:45,23.19,--,26,60294,买盘
351,14:27:39,23.19,--,19,44061,买盘
352,14:27:36,23.19,--,20,46380,买盘
353,14:27:33,23.19,0.01,2,4638,买盘
354,14:27:27,23.18,-0.01,3,6954,卖盘
355,14:27:21,23.19,--,1,2319,买盘
356,14:27:18,23.19,--,4,9276,买盘
357,14:27:09,23.19,-0.01,58,136218,卖盘
358,14:27:06,23.2,0.01,21,48720,买盘
359,14:26:54,23.19,-0.01,20,46380,卖盘
360,14:26:39,23.2,0.01,10,23200,买盘
361,14:26:36,23.19,-0.01,34,78846,卖盘
362,14:26:33,23.2,0.01,8,18560,买盘
363,14:26:27,23.19,--,7,16233,卖盘
364,14:26:24,23.19,--,3,6957,卖盘
365,14:26:21,23.19,-0.01,8,18552,卖盘
366,14:26:09,23.2,-0.02,142,329440,卖盘
367,14:26:06,23.22,0.01,11,25542,买盘
368,14:26:03,23.21,--,1,2321,卖盘
369,14:25:48,23.21,0.01,56,129976,买盘
370,14:25:45,23.2,-0.01,3,6960,卖盘
371,14:25:39,23.21,0.01,10,23210,买盘
372,14:25:36,23.2,--,13,30160,卖盘
373,14:25:27,23.2,--,13,30160,卖盘
374,14:25:24,23.2,0.01,20,46400,卖盘
375,14:25:12,23.19,--,3,6957,卖盘
376,14:25:09,23.19,-0.01,36,84086,卖盘
377,14:25:06,23.2,--,40,92800,买盘
378,14:25:03,23.2,0.01,1,2320,买盘
379,14:25:00,23.19,-0.01,5,11595,卖盘
380,14:24:51,23.2,0.02,107,248240,买盘
381,14:24:42,23.18,--,25,57950,卖盘
382,14:24:39,23.18,-0.01,13,30134,卖盘
383,14:24:36,23.19,0.01,12,27828,买盘
384,14:24:24,23.18,-0.02,178,412604,卖盘
385,14:24:18,23.2,--,8,18560,买盘
386,14:24:09,23.2,-0.01,77,180356,卖盘
387,14:24:06,23.21,0.01,10,23210,买盘
388,14:24:03,23.2,--,8,18560,卖盘
389,14:24:00,23.2,-0.01,2,4640,卖盘
390,14:23:54,23.21,0.01,15,34815,中性盘
391,14:23:45,23.2,-0.02,1,2320,卖盘
392,14:23:42,23.22,0.01,15,34830,买盘
393,14:23:39,23.21,-0.01,266,618917,中性盘
394,14:23:36,23.22,0.01,10,23220,买盘
395,14:23:33,23.21,0.01,4,9284,卖盘
396,14:23:30,23.2,-0.01,10,23200,卖盘
397,14:23:27,23.21,0.01,10,24602,买盘
398,14:23:18,23.2,--,56,129920,卖盘
399,14:23:06,23.2,--,1,2320,买盘
400,14:23:03,23.2,--,3,6960,买盘
401,14:23:00,23.2,--,500,1160000,买盘
402,14:22:57,23.2,--,8,18560,买盘
403,14:22:54,23.2,--,58,134560,买盘
404,14:22:42,23.2,--,2,4640,买盘
405,14:22:39,23.2,-0.03,431,999920,卖盘
406,14:22:36,23.23,--,10,23230,买盘
407,14:22:27,23.23,0.01,5,11615,买盘
408,14:22:24,23.22,--,11,25542,卖盘
409,14:22:21,23.22,-0.01,3,6966,卖盘
410,14:22:18,23.23,-0.01,13,30199,卖盘
411,14:22:15,23.24,--,10,23240,买盘
412,14:22:09,23.24,--,11,25564,买盘
413,14:22:06,23.24,0.01,9,20916,买盘
414,14:22:03,23.23,-0.01,1,2323,卖盘
415,14:22:00,23.24,--,2,4648,买盘
416,14:21:51,23.24,0.01,10,23240,买盘
417,14:21:48,23.23,-0.01,8,18584,卖盘
418,14:21:39,23.24,-0.01,62,144088,中性盘
419,14:21:36,23.25,--,10,23250,买盘
420,14:21:33,23.25,0.02,10,23250,买盘
421,14:21:27,23.23,-0.01,100,232300,卖盘
422,14:21:21,23.24,--,5,11620,卖盘
423,14:21:15,23.24,-0.01,4,9296,卖盘
424,14:21:06,23.25,--,11,25575,买盘
425,14:21:03,23.25,--,10,23250,买盘
426,14:20:54,23.25,-0.01,36,84490,卖盘
427,14:20:45,23.26,0.01,6,13956,买盘
428,14:20:39,23.25,-0.01,103,239475,卖盘
429,14:20:36,23.26,0.01,20,46520,买盘
430,14:20:33,23.25,--,2,4650,卖盘
431,14:20:15,23.25,--,80,187534,买盘
432,14:20:06,23.25,--,23,53475,买盘
433,14:19:51,23.25,--,5,11625,买盘
434,14:19:45,23.25,--,3,6975,买盘
435,14:19:42,23.25,--,86,199950,买盘
436,14:19:39,23.25,--,11,25575,买盘
437,14:19:36,23.25,--,56,130990,卖盘
438,14:19:33,23.25,-0.01,3,6975,卖盘
439,14:19:27,23.26,--,1,2326,买盘
440,14:19:21,23.26,--,1,2326,买盘
441,14:19:06,23.26,--,20,46520,买盘
442,14:19:00,23.26,0.01,14,34099,买盘
443,14:18:57,23.25,-0.01,3,6975,卖盘
444,14:18:54,23.26,--,4,9304,买盘
445,14:18:48,23.26,--,3,6978,卖盘
446,14:18:45,23.26,0.01,7,16282,买盘
447,14:18:39,23.25,-0.01,15,34875,卖盘
448,14:18:36,23.26,0.01,10,23260,买盘
449,14:18:30,23.25,--,32,74400,卖盘
450,14:18:27,23.25,--,3,6975,卖盘
451,14:18:24,23.25,-0.01,3,6975,卖盘
452,14:18:18,23.26,--,5,11630,买盘
453,14:18:09,23.26,--,10,23260,买盘
454,14:18:06,23.26,0.01,13,30238,买盘
455,14:18:03,23.25,-0.01,1,2325,卖盘
456,14:17:51,23.26,--,105,244230,卖盘
457,14:17:48,23.26,--,473,1100198,卖盘
458,14:17:42,23.26,-0.01,20,46520,卖盘
459,14:17:39,23.27,--,10,23270,买盘
460,14:17:36,23.27,--,10,23270,买盘
461,14:17:27,23.27,--,27,62829,买盘
462,14:17:21,23.27,--,5,11635,买盘
463,14:17:18,23.27,--,315,733005,卖盘
464,14:17:15,23.27,-0.03,11,25597,卖盘
465,14:17:09,23.3,--,16,37280,买盘
466,14:17:06,23.3,--,9,20970,买盘
467,14:16:57,23.3,--,2,4660,买盘
468,14:16:48,23.3,-0.01,1,2330,卖盘
469,14:16:45,23.31,0.01,2,4662,买盘
470,14:16:42,23.3,0.02,13,30290,中性盘
471,14:16:36,23.28,-0.02,25,58200,卖盘
472,14:16:33,23.3,0.02,498,1160340,买盘
473,14:16:30,23.28,--,0,1164,买盘
474,14:16:27,23.28,-0.01,51,118728,卖盘
475,14:16:15,23.29,--,10,23290,卖盘
476,14:16:12,23.29,0.01,62,144398,买盘
477,14:16:09,23.28,--,24,55872,买盘
478,14:16:06,23.28,--,10,23280,买盘
479,14:15:51,23.28,--,4,9312,买盘
480,14:15:45,23.28,--,1,2328,买盘
481,14:15:36,23.28,--,110,256080,买盘
482,14:15:33,23.28,0.02,13,30264,中性盘
483,14:15:24,23.26,--,3,6978,中性盘
484,14:15:09,23.26,--,300,697800,买盘
485,14:15:06,23.26,--,10,23260,买盘
486,14:15:03,23.26,0.01,10,23260,买盘
487,14:15:00,23.25,-0.01,53,123225,卖盘
488,14:14:57,23.26,-0.02,335,779210,卖盘
489,14:14:51,23.28,0.02,12,27936,买盘
490,14:14:39,23.26,--,3,6978,卖盘
491,14:14:36,23.26,--,19,44194,买盘
492,14:14:33,23.26,--,20,46520,买盘
493,14:14:27,23.26,--,404,939704,买盘
494,14:14:18,23.26,-0.01,260,604760,卖盘
495,14:14:15,23.27,--,2,4654,买盘
496,14:14:09,23.27,--,2,4654,买盘
497,14:14:03,23.27,0.01,2,4654,买盘
498,14:13:57,23.26,0.01,86,200036,买盘
499,14:13:51,23.25,0.01,29,67425,买盘
500,14:13:36,23.24,0.01,21,48804,买盘
501,14:13:30,23.23,--,1,2323,卖盘
502,14:13:27,23.23,--,10,23230,卖盘
503,14:13:21,23.23,--,2,4646,卖盘
504,14:13:18,23.23,-0.01,3,6969,卖盘
505,14:13:15,23.24,0.01,51,118523,买盘
506,14:13:12,23.23,--,1,2323,卖盘
507,14:13:03,23.23,--,18,43672,买盘
508,14:12:54,23.23,0.01,20,46460,买盘
509,14:12:45,23.22,--,3,6966,卖盘
510,14:12:42,23.22,--,60,140527,买盘
511,14:12:39,23.22,--,10,23220,买盘
512,14:12:36,23.22,--,29,67338,买盘
513,14:12:33,23.22,--,21,48762,买盘
514,14:12:30,23.22,--,3,6966,买盘
515,14:12:15,23.22,0.01,19,44118,买盘
516,14:12:09,23.21,-0.01,3,6963,卖盘
517,14:12:06,23.22,0.01,23,53406,买盘
518,14:12:03,23.21,-0.01,1,2321,卖盘
519,14:12:00,23.22,--,50,116100,中性盘
520,14:11:54,23.22,--,21,48762,买盘
521,14:11:45,23.22,--,29,67338,卖盘
522,14:11:39,23.22,--,2,4644,卖盘
523,14:11:36,23.22,--,3,6966,卖盘
524,14:11:33,23.22,--,8,18576,买盘
525,14:11:27,23.22,--,2,4644,买盘
526,14:11:15,23.22,--,21,48762,买盘
527,14:11:09,23.22,--,11,25542,买盘
528,14:11:06,23.22,0.01,48,111456,买盘
529,14:11:03,23.21,--,3,6963,卖盘
530,14:10:54,23.21,0.01,93,215853,买盘
531,14:10:51,23.2,-0.01,2,4640,卖盘
532,14:10:45,23.21,--,50,116050,买盘
533,14:10:39,23.21,0.01,210,487410,买盘
534,14:10:36,23.2,-0.01,30,69600,卖盘
535,14:10:33,23.21,0.01,22,51062,买盘
536,14:10:30,23.2,--,15,34800,卖盘
537,14:10:27,23.2,-0.01,3,6960,卖盘
538,14:10:24,23.21,--,2,4642,买盘
539,14:10:15,23.21,--,20,46420,买盘
540,14:10:09,23.21,--,10,23210,买盘
541,14:10:06,23.21,--,127,294767,买盘
542,14:10:03,23.21,0.01,2,4642,买盘
543,14:10:00,23.2,--,8,18560,卖盘
544,14:09:57,23.2,-0.01,11,25520,卖盘
545,14:09:54,23.21,0.01,23,53383,买盘
546,14:09:48,23.2,-0.01,300,696000,卖盘
547,14:09:45,23.21,--,5,11605,买盘
548,14:09:39,23.21,--,1,2321,买盘
549,14:09:36,23.21,-0.02,10,23210,中性盘
550,14:09:33,23.23,0.01,433,1005859,买盘
551,14:09:24,23.22,--,3,6966,卖盘
552,14:09:21,23.22,--,3,6966,卖盘
553,14:09:18,23.22,--,3,6966,卖盘
554,14:09:15,23.22,--,25,58050,买盘
555,14:09:09,23.22,--,10,23220,买盘
556,14:09:06,23.22,--,16,37152,买盘
557,14:09:03,23.22,--,17,39474,买盘
558,14:08:54,23.22,0.01,24,55728,买盘
559,14:08:45,23.21,-0.01,4,9284,卖盘
560,14:08:36,23.22,--,28,65016,买盘
561,14:08:33,23.22,0.01,32,74304,买盘
562,14:08:30,23.21,--,1,2321,卖盘
563,14:08:24,23.21,-0.01,5,11605,卖盘
564,14:08:15,23.22,0.01,21,48762,买盘
565,14:08:12,23.21,-0.01,3,6963,卖盘
566,14:08:06,23.22,--,11,25542,买盘
567,14:08:03,23.22,-0.01,31,71982,卖盘
568,14:08:00,23.23,--,20,46460,买盘
569,14:07:54,23.23,0.01,20,46460,买盘
570,14:07:42,23.22,--,50,116100,卖盘
571,14:07:39,23.22,-0.02,54,125852,卖盘
572,14:07:36,23.24,--,40,92960,买盘
573,14:07:33,23.24,0.01,21,48804,买盘
574,14:07:24,23.23,--,0,1858,卖盘
575,14:07:15,23.23,-0.01,40,92920,卖盘
576,14:07:06,23.24,0.01,20,46480,买盘
577,14:07:03,23.23,-0.01,3,6969,卖盘
578,14:06:54,23.24,--,35,81340,卖盘
579,14:06:48,23.24,-0.01,1,2324,中性盘
580,14:06:45,23.25,0.02,7,16275,买盘
581,14:06:39,23.23,--,10,23230,卖盘
582,14:06:30,23.23,--,3,6969,卖盘
583,14:06:27,23.23,--,2,4646,买盘
584,14:06:24,23.23,0.02,1,2323,买盘
585,14:06:18,23.21,-0.02,100,232100,卖盘
586,14:06:15,23.23,--,23,53429,买盘
587,14:06:09,23.23,--,50,116150,买盘
588,14:06:06,23.23,--,20,46460,买盘
589,14:06:03,23.23,--,50,116150,买盘
590,14:05:57,23.23,-0.02,128,297344,卖盘
591,14:05:54,23.25,--,14,32550,卖盘
592,14:05:51,23.25,--,6,13950,买盘
593,14:05:39,23.25,0.01,10,23250,买盘
594,14:05:36,23.24,-0.01,20,46480,卖盘
595,14:05:33,23.25,0.01,20,46500,买盘
596,14:05:21,23.24,-0.01,3,6971,卖盘
597,14:05:15,23.25,0.01,19,44175,买盘
598,14:05:12,23.24,-0.01,1,2324,卖盘
599,14:05:09,23.25,--,10,23250,买盘
600,14:05:06,23.25,0.01,10,23250,买盘
601,14:05:03,23.24,-0.01,1,2324,卖盘
602,14:05:00,23.25,0.02,8,18600,买盘
603,14:04:48,23.23,-0.01,8,18584,卖盘
604,14:04:39,23.24,-0.01,14,32535,卖盘
605,14:04:36,23.25,--,9,20925,买盘
606,14:04:33,23.25,--,40,93000,买盘
607,14:04:30,23.25,0.01,5,11625,买盘
608,14:04:27,23.24,0.01,5,11620,卖盘
609,14:04:15,23.23,-0.02,3,6969,卖盘
610,14:04:12,23.25,0.02,4,9300,买盘
611,14:04:09,23.23,-0.02,2,4646,卖盘
612,14:04:06,23.25,0.02,25,58125,买盘
613,14:04:03,23.23,--,66,153318,买盘
614,14:04:00,23.23,0.03,59,137057,买盘
615,14:03:48,23.2,-0.03,10,23200,卖盘
616,14:03:42,23.23,0.03,10,23230,买盘
617,14:03:39,23.2,-0.03,21,48720,卖盘
618,14:03:36,23.23,0.01,9,20907,买盘
619,14:03:27,23.22,0.03,6,13932,买盘
620,14:03:24,23.19,-0.03,31,71889,卖盘
621,14:03:09,23.22,0.04,15,34830,买盘
622,14:03:06,23.18,-0.02,41,95038,卖盘
623,14:03:03,23.2,-0.01,2,4640,买盘
624,14:03:00,23.21,0.01,12,27852,卖盘
625,14:02:57,23.2,-0.01,6,13920,卖盘
626,14:02:45,23.21,0.01,10,23210,买盘
627,14:02:39,23.2,--,94,218080,买盘
628,14:02:33,23.2,0.02,8,18560,买盘
629,14:02:18,23.18,--,5,11590,买盘
630,14:02:15,23.18,-0.01,5,11590,买盘
631,14:02:12,23.19,--,3,6957,买盘
632,14:02:06,23.19,--,46,106674,买盘
633,14:02:03,23.19,--,12,27828,买盘
634,14:02:00,23.19,0.01,6,13914,买盘
635,14:01:57,23.18,0.01,3,6954,中性盘
636,14:01:54,23.17,-0.01,214,495838,卖盘
637,14:01:48,23.18,--,33,76494,买盘
638,14:01:45,23.18,--,5,11590,买盘
639,14:01:42,23.18,0.01,2,4636,买盘
640,14:01:36,23.17,--,1,2317,卖盘
641,14:01:30,23.17,0.01,6,13902,买盘
642,14:01:27,23.16,--,30,69480,卖盘
643,14:01:24,23.16,-0.01,3,6948,卖盘
644,14:01:18,23.17,0.01,1,2317,买盘
645,14:01:15,23.16,-0.02,77,178332,卖盘
646,14:01:06,23.18,0.01,30,69540,买盘
647,14:01:03,23.17,--,3,6951,卖盘
648,14:01:00,23.17,0.01,2,4634,中性盘
649,14:00:51,23.16,-0.02,3,6948,卖盘
650,14:00:48,23.18,-0.01,2,4636,中性盘
651,14:00:42,23.19,0.02,21,48699,买盘
652,14:00:39,23.17,-0.02,100,231700,卖盘
653,14:00:36,23.19,0.01,20,46380,买盘
654,14:00:30,23.18,--,38,88084,卖盘
655,14:00:27,23.18,-0.01,2,4636,卖盘
656,14:00:24,23.19,0.01,20,46380,买盘
657,14:00:21,23.18,--,27,62586,卖盘
658,14:00:15,23.18,-0.01,3,6954,卖盘
659,14:00:09,23.19,-0.01,10,23190,买盘
660,14:00:06,23.2,0.01,10,23200,买盘
661,14:00:03,23.19,--,76,176244,卖盘
662,14:00:00,23.19,-0.01,6,13914,卖盘
663,13:59:57,23.2,--,23,53360,买盘
664,13:59:51,23.2,0.01,1,2320,买盘
665,13:59:45,23.19,-0.02,538,1247622,卖盘
666,13:59:42,23.21,--,23,53383,买盘
667,13:59:39,23.21,--,10,23210,买盘
668,13:59:36,23.21,--,10,23210,买盘
669,13:59:24,23.21,--,217,504771,卖盘
670,13:59:21,23.21,--,10,23210,卖盘
671,13:59:18,23.21,--,6,13926,卖盘
672,13:59:09,23.21,-0.01,13,30173,卖盘
673,13:59:06,23.22,--,10,23220,买盘
674,13:59:03,23.22,-0.01,27,62694,卖盘
675,13:58:57,23.23,0.01,1,2323,中性盘
676,13:58:45,23.22,-0.01,150,348300,卖盘
677,13:58:42,23.23,--,4,9292,买盘
678,13:58:39,23.23,--,14,32522,卖盘
679,13:58:36,23.23,--,13,30199,卖盘
680,13:58:33,23.23,--,3,6969,卖盘
681,13:58:30,23.23,-0.02,9,20907,卖盘
682,13:58:24,23.25,0.02,19,44175,买盘
683,13:58:21,23.23,-0.02,23,53429,卖盘
684,13:58:09,23.25,--,11,25575,买盘
685,13:58:06,23.25,0.02,9,20925,买盘
686,13:58:03,23.23,--,1,2323,卖盘
687,13:58:00,23.23,--,8,18584,卖盘
688,13:57:54,23.23,-0.02,1,2323,卖盘
689,13:57:42,23.25,0.01,21,48825,买盘
690,13:57:36,23.24,--,10,23240,卖盘
691,13:57:33,23.24,0.02,12,27887,买盘
692,13:57:27,23.22,-0.03,3,6966,卖盘
693,13:57:24,23.25,0.01,21,48825,买盘
694,13:57:21,23.24,--,3,6971,卖盘
695,13:57:18,23.24,--,23,53452,卖盘
696,13:57:15,23.24,--,11,25564,卖盘
697,13:57:12,23.24,--,10,23240,卖盘
698,13:57:09,23.24,--,2,4648,卖盘
699,13:57:03,23.24,0.01,11,25564,买盘
700,13:57:00,23.23,--,21,48783,卖盘
701,13:56:51,23.23,-0.01,3,6969,卖盘
702,13:56:45,23.24,-0.01,24,55775,卖盘
703,13:56:42,23.25,--,20,46500,买盘
704,13:56:36,23.25,--,10,23250,买盘
705,13:56:33,23.25,--,10,23250,买盘
706,13:56:27,23.25,--,2,4650,卖盘
707,13:56:24,23.25,--,39,90675,卖盘
708,13:56:18,23.25,-0.01,7,16275,卖盘
709,13:56:15,23.26,0.01,104,241904,买盘
710,13:56:03,23.25,0.01,25,58125,买盘
711,13:56:00,23.24,--,18,41832,卖盘
712,13:55:54,23.24,0.01,17,39508,买盘
713,13:55:51,23.23,--,15,34845,卖盘
714,13:55:48,23.23,--,11,25553,卖盘
715,13:55:45,23.23,-0.01,3,6969,中性盘
716,13:55:36,23.24,--,20,46480,买盘
717,13:55:24,23.24,0.02,21,48804,买盘
718,13:55:18,23.22,-0.01,20,46440,卖盘
719,13:55:09,23.23,-0.01,13,30199,卖盘
720,13:55:06,23.24,0.02,10,23240,买盘
721,13:54:48,23.22,-0.02,35,81270,卖盘
722,13:54:39,23.24,--,12,27887,买盘
723,13:54:36,23.24,--,13,30211,买盘
724,13:54:12,23.24,--,1,2324,买盘
725,13:54:06,23.24,--,20,46480,买盘
726,13:54:03,23.24,--,27,62747,卖盘
727,13:53:57,23.24,--,2,4648,卖盘
728,13:53:54,23.24,0.01,10,23240,卖盘
729,13:53:42,23.23,-0.01,3,6969,中性盘
730,13:53:39,23.24,0.03,32,74368,买盘
731,13:53:36,23.21,-0.03,406,943532,卖盘
732,13:53:30,23.24,0.01,29,67396,买盘
733,13:53:27,23.23,--,13,30199,卖盘
734,13:53:24,23.23,-0.01,50,116150,卖盘
735,13:53:15,23.24,--,15,34860,卖盘
736,13:53:09,23.24,--,13,30211,卖盘
737,13:53:06,23.24,-0.04,11,25564,中性盘
738,13:52:57,23.28,--,3,6984,买盘
739,13:52:54,23.28,--,7,16296,中性盘
740,13:52:45,23.28,0.03,19,44232,中性盘
741,13:52:39,23.25,-0.03,19,44175,卖盘
742,13:52:36,23.28,--,10,23280,买盘
743,13:52:33,23.28,0.01,3,6984,买盘
744,13:52:30,23.27,-0.01,5,11635,卖盘
745,13:52:27,23.28,--,4,9312,买盘
746,13:52:24,23.28,0.01,23,53544,买盘
747,13:52:21,23.27,--,8,18616,买盘
748,13:52:18,23.27,--,9,20943,卖盘
749,13:52:15,23.27,--,10,23270,卖盘
750,13:52:06,23.27,--,1,2327,买盘
751,13:52:03,23.27,0.01,26,60502,买盘
752,13:52:00,23.26,--,41,95366,卖盘
753,13:51:48,23.26,-0.01,3,6978,卖盘
754,13:51:45,23.27,--,6,13962,买盘
755,13:51:42,23.27,0.01,20,46540,买盘
756,13:51:30,23.26,--,17,39542,买盘
757,13:51:27,23.26,-0.01,1,2326,卖盘
758,13:51:24,23.27,0.01,39,90753,买盘
759,13:51:21,23.26,-0.01,5,11630,卖盘
760,13:51:18,23.27,0.01,10,23270,买盘
761,13:51:12,23.26,-0.01,3,6978,卖盘
762,13:51:09,23.27,--,10,23270,买盘
763,13:51:06,23.27,0.01,10,23270,买盘
764,13:51:03,23.26,0.01,10,23260,中性盘
765,13:50:57,23.25,--,1,2325,卖盘
766,13:50:54,23.25,0.04,97,225525,买盘
767,13:50:51,23.21,-0.04,340,789140,卖盘
768,13:50:48,23.25,--,3,6975,买盘
769,13:50:42,23.25,0.01,10,23250,买盘
770,13:50:39,23.24,-0.01,24,55775,卖盘
771,13:50:36,23.25,0.04,10,23250,买盘
772,13:50:30,23.21,-0.02,110,255310,卖盘
773,13:50:21,23.23,0.02,5,11615,中性盘
774,13:50:18,23.21,-0.02,360,835560,卖盘
775,13:50:15,23.23,--,2,4646,卖盘
776,13:50:09,23.23,--,14,32522,买盘
777,13:50:06,23.23,0.01,14,32522,买盘
778,13:50:03,23.22,-0.01,23,53406,卖盘
779,13:49:57,23.23,--,67,155641,买盘
780,13:49:42,23.23,--,36,83628,买盘
781,13:49:39,23.23,0.01,10,23230,买盘
782,13:49:36,23.22,0.01,22,51084,中性盘
783,13:49:30,23.21,--,3,6963,卖盘
784,13:49:24,23.21,-0.01,21,48741,卖盘
785,13:49:21,23.22,--,1,2322,买盘
786,13:49:12,23.22,-0.01,4,9288,卖盘
787,13:49:09,23.23,--,15,34845,买盘
788,13:49:06,23.23,0.01,61,141703,中性盘
789,13:49:00,23.22,-0.01,10,23220,卖盘
790,13:48:57,23.23,--,3,6969,卖盘
791,13:48:54,23.23,--,90,209070,卖盘
792,13:48:51,23.23,--,6,13938,卖盘
793,13:48:48,23.23,0.01,74,171902,买盘
794,13:48:45,23.22,--,13,30186,卖盘
795,13:48:39,23.22,--,14,32508,卖盘
796,13:48:36,23.22,--,3,6966,买盘
797,13:48:21,23.22,0.01,34,78948,买盘
798,13:48:18,23.21,--,2,4642,卖盘
799,13:48:15,23.21,-0.01,14,32494,卖盘
800,13:48:09,23.22,0.01,10,23220,买盘
801,13:48:06,23.21,--,15,34815,卖盘
802,13:48:03,23.21,--,114,264594,卖盘
803,13:48:00,23.21,--,7,16247,卖盘
804,13:47:51,23.21,--,21,48741,卖盘
805,13:47:48,23.21,--,13,30173,卖盘
806,13:47:45,23.21,0.01,131,304051,买盘
807,13:47:42,23.2,--,48,111360,卖盘
808,13:47:39,23.2,--,12,27840,卖盘
809,13:47:36,23.2,--,38,88160,卖盘
810,13:47:33,23.2,--,20,46400,卖盘
811,13:47:30,23.2,--,10,23200,卖盘
812,13:47:27,23.2,--,30,69600,卖盘
813,13:47:21,23.2,--,1,2320,卖盘
814,13:47:18,23.2,0.02,389,902480,买盘
815,13:47:15,23.18,-0.02,3,6954,卖盘
816,13:47:09,23.2,--,16,37120,买盘
817,13:47:06,23.2,--,20,46400,买盘
818,13:47:00,23.2,--,3,6960,买盘
819,13:46:57,23.2,--,20,46400,卖盘
820,13:46:54,23.2,-0.01,1,2320,卖盘
821,13:46:51,23.21,0.01,21,48741,中性盘
822,13:46:39,23.2,--,3,6960,卖盘
823,13:46:36,23.2,--,5,11600,卖盘
824,13:46:33,23.2,0.01,2,4640,中性盘
825,13:46:30,23.19,-0.01,3,6957,卖盘
826,13:46:27,23.2,0.01,200,464000,买盘
827,13:46:18,23.19,--,29,67251,卖盘
828,13:46:15,23.19,--,3,6957,卖盘
829,13:46:12,23.19,--,64,148416,卖盘
830,13:46:09,23.19,0.01,131,303789,买盘
831,13:46:06,23.18,0.01,32,74176,买盘
832,13:46:03,23.17,-0.01,49,113533,卖盘
833,13:46:00,23.18,--,5,11590,买盘
834,13:45:57,23.18,--,101,234118,买盘
835,13:45:54,23.18,--,1,2318,买盘
836,13:45:51,23.18,--,85,197030,卖盘
837,13:45:48,23.18,--,11,25498,卖盘
838,13:45:39,23.18,-0.01,32,74176,卖盘
839,13:45:36,23.19,0.01,10,23190,买盘
840,13:45:33,23.18,-0.01,55,127490,卖盘
841,13:45:30,23.19,--,51,118269,买盘
842,13:45:27,23.19,--,16,37104,卖盘
843,13:45:21,23.19,--,19,44061,卖盘
844,13:45:18,23.19,-0.01,47,108993,卖盘
845,13:45:15,23.2,--,2,4640,买盘
846,13:45:09,23.2,-0.02,389,903593,卖盘
847,13:45:06,23.22,-0.01,24,55728,卖盘
848,13:45:03,23.23,0.01,27,62721,买盘
849,13:45:00,23.22,--,68,157896,卖盘
850,13:44:57,23.22,--,3,6966,卖盘
851,13:44:51,23.22,--,6,13932,买盘
852,13:44:48,23.22,--,34,78948,卖盘
853,13:44:42,23.22,-0.01,8,18576,卖盘
854,13:44:39,23.23,--,15,34845,买盘
855,13:44:36,23.23,--,12,27876,买盘
856,13:44:30,23.23,0.01,2,4646,买盘
857,13:44:27,23.22,0.01,6,15394,买盘
858,13:44:24,23.21,-0.01,3,6963,卖盘
859,13:44:21,23.22,--,3,7825,卖盘
860,13:44:15,23.22,-0.01,28,65016,卖盘
861,13:44:09,23.23,--,10,23230,买盘
862,13:44:06,23.23,--,18,41814,买盘
863,13:44:03,23.23,--,3,6969,买盘
864,13:44:00,23.23,--,56,130088,卖盘
865,13:43:51,23.23,--,3,6969,卖盘
866,13:43:39,23.23,--,14,32522,买盘
867,13:43:36,23.23,-0.01,85,197455,卖盘
868,13:43:33,23.24,0.01,104,241695,买盘
869,13:43:30,23.23,0.01,25,58075,买盘
870,13:43:27,23.22,-0.01,3,8428,卖盘
871,13:43:24,23.23,0.01,202,469246,买盘
872,13:43:21,23.22,--,5,11610,卖盘
873,13:43:15,23.22,-0.01,7,16254,卖盘
874,13:43:12,23.23,0.02,11,25553,买盘
875,13:43:09,23.21,-0.02,11,25531,卖盘
876,13:43:06,23.23,0.03,24,55752,买盘
877,13:42:54,23.2,-0.01,73,169360,卖盘
878,13:42:51,23.21,--,28,67216,买盘
879,13:42:48,23.21,0.01,10,23210,买盘
880,13:42:45,23.2,--,5,11600,卖盘
881,13:42:42,23.2,-0.01,26,60320,卖盘
882,13:42:39,23.21,--,32,74272,买盘
883,13:42:36,23.21,--,10,23210,买盘
884,13:42:33,23.21,--,13,30173,买盘
885,13:42:30,23.21,0.01,10,23210,卖盘
886,13:42:24,23.2,-0.01,50,116000,卖盘
887,13:42:21,23.21,0.01,20,46420,买盘
888,13:42:18,23.2,--,10,23200,卖盘
889,13:42:15,23.2,--,101,234320,卖盘
890,13:42:12,23.2,-0.02,31,71920,卖盘
891,13:42:09,23.22,0.02,13,30186,买盘
892,13:42:06,23.2,--,59,136880,卖盘
893,13:42:03,23.2,--,180,419757,卖盘
894,13:41:51,23.2,-0.04,705,1635600,卖盘
895,13:41:48,23.24,0.02,11,25564,买盘
896,13:41:45,23.22,-0.01,500,1161000,卖盘
897,13:41:42,23.23,--,1,2323,卖盘
898,13:41:39,23.23,-0.01,20,46460,卖盘
899,13:41:36,23.24,0.01,10,23240,买盘
900,13:41:33,23.23,-0.01,5,11615,卖盘
901,13:41:27,23.24,-0.01,124,288176,卖盘
902,13:41:24,23.25,--,223,518475,买盘
903,13:41:21,23.25,0.01,8,18600,买盘
904,13:41:12,23.24,-0.01,51,118523,卖盘
905,13:41:09,23.25,--,11,25575,买盘
906,13:41:06,23.25,0.01,11,25575,买盘
907,13:41:00,23.24,-0.01,3,6971,卖盘
908,13:40:57,23.25,--,93,216387,卖盘
909,13:40:54,23.25,-0.01,155,360375,卖盘
910,13:40:48,23.26,--,19,44194,买盘
911,13:40:45,23.26,--,10,23260,买盘
912,13:40:39,23.26,--,10,23260,买盘
913,13:40:36,23.26,-0.01,69,160494,卖盘
914,13:40:30,23.27,0.01,1,2327,买盘
915,13:40:27,23.26,--,53,123278,卖盘
916,13:40:18,23.26,--,10,23260,卖盘
917,13:40:15,23.26,--,1,2326,卖盘
918,13:40:12,23.26,--,58,134908,卖盘
919,13:40:09,23.26,-0.01,11,25586,卖盘
920,13:40:06,23.27,0.01,10,23270,买盘
921,13:40:03,23.26,--,9,20934,卖盘
922,13:40:00,23.26,--,1,2326,卖盘
923,13:39:54,23.26,--,13,30238,卖盘
924,13:39:51,23.26,--,4,9304,买盘
925,13:39:48,23.26,--,78,181428,卖盘
926,13:39:42,23.26,-0.01,4,9304,卖盘
927,13:39:39,23.27,--,10,23270,买盘
928,13:39:36,23.27,--,15,34905,买盘
929,13:39:30,23.27,--,6,13962,买盘
930,13:39:24,23.27,0.01,35,81445,买盘
931,13:39:21,23.26,0.01,2,4652,卖盘
932,13:39:18,23.25,--,3,6975,卖盘
933,13:39:15,23.25,--,16,37200,卖盘
934,13:39:12,23.25,-0.02,2,4650,卖盘
935,13:39:09,23.27,--,11,25597,买盘
936,13:39:06,23.27,--,17,39559,买盘
937,13:39:03,23.27,--,12,27924,买盘
938,13:39:00,23.27,0.02,4,9308,中性盘
939,13:38:54,23.25,-0.02,444,1034462,卖盘
940,13:38:48,23.27,--,5,11635,卖盘
941,13:38:45,23.27,--,21,48867,买盘
942,13:38:42,23.27,--,5,11635,买盘
943,13:38:39,23.27,0.01,20,46540,买盘
944,13:38:36,23.26,-0.01,309,718734,卖盘
945,13:38:33,23.27,--,2,4654,买盘
946,13:38:24,23.27,-0.01,72,167544,卖盘
947,13:38:15,23.28,0.01,57,132696,买盘
948,13:38:12,23.27,--,6,13962,卖盘
949,13:38:09,23.27,-0.02,13,30251,卖盘
950,13:38:06,23.29,0.02,10,23290,买盘
951,13:37:57,23.27,-0.02,58,134966,卖盘
952,13:37:51,23.29,-0.01,2,4658,中性盘
953,13:37:45,23.3,0.01,7,16310,买盘
954,13:37:39,23.29,--,10,23290,买盘
955,13:37:36,23.29,-0.01,101,235229,卖盘
956,13:37:21,23.3,-0.01,53,123490,卖盘
957,13:37:09,23.31,--,10,23310,买盘
958,13:37:06,23.31,0.01,10,23310,买盘
959,13:37:03,23.3,--,3,6990,卖盘
960,13:36:42,23.3,-0.02,300,699000,卖盘
961,13:36:39,23.32,--,10,23320,买盘
962,13:36:36,23.32,0.01,10,23320,买盘
963,13:36:33,23.31,-0.01,2,4662,卖盘
964,13:36:27,23.32,0.01,23,53636,买盘
965,13:36:12,23.31,-0.01,20,46620,卖盘
966,13:36:09,23.32,--,32,74624,买盘
967,13:36:06,23.32,0.01,11,25652,买盘
968,13:36:03,23.31,--,37,86247,卖盘
969,13:35:54,23.31,-0.01,3,6993,卖盘
970,13:35:48,23.32,-0.01,20,46640,中性盘
971,13:35:45,23.33,0.02,2,4666,买盘
972,13:35:42,23.31,-0.02,102,237762,卖盘
973,13:35:39,23.33,--,10,23330,买盘
974,13:35:36,23.33,0.01,10,23330,中性盘
975,13:35:27,23.32,0.01,18,41976,中性盘
976,13:35:21,23.31,--,3,6993,卖盘
977,13:35:15,23.31,-0.02,5,11655,卖盘
978,13:35:09,23.33,--,10,23330,买盘
979,13:35:06,23.33,0.03,10,23330,买盘
980,13:35:03,23.3,--,299,696670,卖盘
981,13:34:48,23.3,--,25,58250,卖盘
982,13:34:45,23.3,-0.01,5,11650,卖盘
983,13:34:42,23.31,-0.02,100,233100,卖盘
984,13:34:39,23.33,--,20,46660,买盘
985,13:34:36,23.33,--,10,23330,买盘
986,13:34:33,23.33,--,10,23330,买盘
987,13:34:27,23.33,--,26,60657,买盘
988,13:34:18,23.33,--,28,65487,卖盘
989,13:34:15,23.33,--,399,930866,卖盘
990,13:34:12,23.33,-0.01,3,6998,卖盘
991,13:34:09,23.34,--,31,72354,买盘
992,13:34:06,23.34,--,10,23340,买盘
993,13:34:03,23.34,0.01,3,7002,买盘
994,13:34:00,23.33,-0.03,147,342951,卖盘
995,13:33:54,23.36,--,10,23360,买盘
996,13:33:48,23.36,--,20,46720,买盘
997,13:33:45,23.36,--,1,2336,买盘
998,13:33:42,23.36,0.01,5,11680,买盘
999,13:33:39,23.35,--,3,7005,卖盘
1000,13:33:36,23.35,--,9,21785,买盘
1001,13:33:33,23.35,--,6,14010,买盘
1002,13:33:27,23.35,--,21,49035,买盘
1003,13:33:24,23.35,-0.01,13,30355,卖盘
1004,13:33:15,23.36,--,2,4672,买盘
1005,13:33:09,23.36,--,30,70080,买盘
1006,13:33:06,23.36,--,14,32704,卖盘
1007,13:33:03,23.36,-0.01,96,224256,卖盘
1008,13:32:54,23.37,--,2,4674,买盘
1009,13:32:51,23.37,--,8,18696,卖盘
1010,13:32:48,23.37,0.01,14,32718,买盘
1011,13:32:42,23.36,-0.01,7,16352,卖盘
1012,13:32:39,23.37,--,11,25707,买盘
1013,13:32:36,23.37,0.01,9,21033,买盘
1014,13:32:30,23.36,-0.01,3,7008,卖盘
1015,13:32:27,23.37,--,21,49077,买盘
1016,13:32:15,23.37,--,13,30381,买盘
1017,13:32:09,23.37,--,31,72447,买盘
1018,13:32:06,23.37,-0.01,54,126198,卖盘
1019,13:32:03,23.38,0.01,1,2338,买盘
1020,13:31:57,23.37,-0.01,3,7011,卖盘
1021,13:31:48,23.38,0.01,21,49098,买盘
1022,13:31:42,23.37,-0.02,199,465063,卖盘
1023,13:31:39,23.39,--,38,88882,买盘
1024,13:31:36,23.39,0.01,10,23390,买盘
1025,13:31:33,23.38,-0.01,5,11690,卖盘
1026,13:31:27,23.39,0.01,20,46780,中性盘
1027,13:31:21,23.38,-0.01,7,16366,卖盘
1028,13:31:18,23.39,--,2,4678,买盘
1029,13:31:15,23.39,--,0,1567,卖盘
1030,13:31:12,23.39,-0.01,5,11695,卖盘
1031,13:31:09,23.4,--,29,67860,买盘
1032,13:31:06,23.4,0.01,10,23400,买盘
1033,13:30:57,23.39,--,18,42102,卖盘
1034,13:30:48,23.39,--,24,56136,卖盘
1035,13:30:42,23.39,-0.01,2,4678,卖盘
1036,13:30:39,23.4,--,10,23400,买盘
1037,13:30:36,23.4,0.01,10,23400,买盘
1038,13:30:33,23.39,-0.01,2,4678,卖盘
1039,13:30:27,23.4,0.01,21,49140,买盘
1040,13:30:18,23.39,-0.01,1,2339,卖盘
1041,13:30:15,23.4,--,21,49140,卖盘
1042,13:30:09,23.4,--,18,42120,卖盘
1043,13:30:06,23.4,0.01,1,2340,中性盘
1044,13:30:03,23.39,--,104,243256,卖盘
1045,13:29:48,23.39,--,0,771,买盘
1046,13:29:42,23.39,0.01,4,9356,买盘
1047,13:29:39,23.38,-0.01,13,30394,卖盘
1048,13:29:36,23.39,--,10,23390,买盘
1049,13:29:27,23.39,0.01,20,46780,买盘
1050,13:29:24,23.38,-0.02,6,14028,卖盘
1051,13:29:09,23.4,0.01,21,49140,买盘
1052,13:29:06,23.39,0.01,3,7017,卖盘
1053,13:29:00,23.38,--,45,105981,买盘
1054,13:28:57,23.38,--,3,7014,买盘
1055,13:28:48,23.38,--,164,384998,卖盘
1056,13:28:42,23.38,-0.01,1,2338,卖盘
1057,13:28:39,23.39,--,10,23390,买盘
1058,13:28:36,23.39,--,40,93560,买盘
1059,13:28:33,23.39,--,7,16373,买盘
1060,13:28:27,23.39,--,23,53797,买盘
1061,13:28:24,23.39,-0.01,112,261968,卖盘
1062,13:28:09,23.4,--,30,70200,买盘
1063,13:28:06,23.4,0.01,10,23400,买盘
1064,13:28:03,23.39,--,1,2339,卖盘
1065,13:27:57,23.39,--,3,7017,卖盘
1066,13:27:51,23.39,--,4,9356,买盘
1067,13:27:48,23.39,--,19,44441,买盘
1068,13:27:39,23.39,--,10,23390,买盘
1069,13:27:36,23.39,--,15,35085,买盘
1070,13:27:33,23.39,--,6,14034,买盘
1071,13:27:27,23.39,0.01,20,46780,买盘
1072,13:27:24,23.38,--,3,7014,卖盘
1073,13:27:09,23.38,--,86,201839,买盘
1074,13:27:06,23.38,0.01,10,23380,买盘
1075,13:27:03,23.37,-0.01,1,2337,卖盘
1076,13:26:57,23.38,0.01,2,4676,买盘
1077,13:26:51,23.37,-0.01,3,7011,卖盘
1078,13:26:48,23.38,--,20,46760,买盘
1079,13:26:45,23.38,--,20,46760,买盘
1080,13:26:39,23.38,--,11,25718,买盘
1081,13:26:36,23.38,--,10,23380,买盘
1082,13:26:27,23.38,--,19,44422,买盘
1083,13:26:24,23.38,0.01,1,2338,买盘
1084,13:26:15,23.37,-0.01,3,7011,卖盘
1085,13:26:09,23.38,--,48,112224,买盘
1086,13:26:06,23.38,0.02,10,23380,买盘
1087,13:25:42,23.36,-0.02,3,7008,卖盘
1088,13:25:39,23.38,--,10,23380,买盘
1089,13:25:36,23.38,0.04,10,23380,买盘
1090,13:25:27,23.34,-0.03,289,674526,卖盘
1091,13:25:15,23.37,--,1,2337,卖盘
1092,13:25:12,23.37,--,1,2337,卖盘
1093,13:25:09,23.37,--,32,74784,卖盘
1094,13:25:06,23.37,--,25,58425,卖盘
1095,13:24:48,23.37,--,2,4674,买盘
1096,13:24:39,23.37,-0.01,38,88806,卖盘
1097,13:24:36,23.38,0.01,10,23380,买盘
1098,13:24:33,23.37,-0.01,3,7011,卖盘
1099,13:24:27,23.38,0.01,20,46760,买盘
1100,13:24:24,23.37,--,1,2337,卖盘
1101,13:24:09,23.37,--,7,16359,卖盘
1102,13:24:06,23.37,0.01,2,4674,买盘
1103,13:24:00,23.36,-0.01,3,7008,卖盘
1104,13:23:57,23.37,--,4,9348,卖盘
1105,13:23:48,23.37,--,70,163590,卖盘
1106,13:23:45,23.37,-0.01,4,9348,卖盘
1107,13:23:39,23.38,--,10,23380,买盘
1108,13:23:36,23.38,--,10,23380,买盘
1109,13:23:27,23.38,--,25,58450,买盘
1110,13:23:09,23.38,--,78,182364,卖盘
1111,13:23:06,23.38,--,15,35070,卖盘
1112,13:22:57,23.38,--,6,14028,卖盘
1113,13:22:51,23.38,-0.01,3,7014,卖盘
1114,13:22:48,23.39,--,19,44441,买盘
1115,13:22:45,23.39,--,2,4678,买盘
1116,13:22:39,23.39,--,10,23390,买盘
1117,13:22:36,23.39,--,32,74848,买盘
1118,13:22:27,23.39,0.01,20,46780,买盘
1119,13:22:18,23.38,-0.01,3,7014,卖盘
1120,13:22:09,23.39,--,10,23390,买盘
1121,13:22:06,23.39,0.01,31,72509,买盘
1122,13:22:03,23.38,-0.01,2,4676,卖盘
1123,13:22:00,23.39,--,1,2339,买盘
1124,13:21:51,23.39,-0.01,4,9356,卖盘
1125,13:21:48,23.4,0.01,20,46800,买盘
1126,13:21:45,23.39,-0.01,3,7017,卖盘
1127,13:21:39,23.4,--,10,23400,买盘
1128,13:21:36,23.4,--,14,32759,买盘
1129,13:21:27,23.4,0.01,21,49140,买盘
1130,13:21:24,23.39,--,3,7017,卖盘
1131,13:21:18,23.39,-0.01,36,84204,卖盘
1132,13:21:15,23.4,0.01,18,42120,买盘
1133,13:21:09,23.39,-0.01,34,79526,卖盘
1134,13:21:06,23.4,--,15,35100,买盘
1135,13:21:03,23.4,0.01,1,2340,买盘
1136,13:20:54,23.39,-0.01,1,2339,卖盘
1137,13:20:48,23.4,--,20,46800,买盘
1138,13:20:39,23.4,--,12,28080,卖盘
1139,13:20:36,23.4,--,15,35100,卖盘
1140,13:20:27,23.4,0.01,201,470340,买盘
1141,13:20:21,23.39,0.01,19,44441,买盘
1142,13:20:18,23.38,--,9,21042,卖盘
1143,13:20:12,23.38,--,12,28056,卖盘
1144,13:20:09,23.38,--,8,18704,卖盘
1145,13:20:06,23.38,0.01,25,58450,买盘
1146,13:20:03,23.37,-0.01,3,7011,卖盘
1147,13:19:48,23.38,0.01,20,46760,买盘
1148,13:19:30,23.37,0.01,7,16359,买盘
1149,13:19:27,23.36,-0.01,22,51392,卖盘
1150,13:19:18,23.37,0.01,2,4674,买盘
1151,13:19:15,23.36,-0.01,2,4672,卖盘
1152,13:19:12,23.37,--,5,11685,买盘
1153,13:19:09,23.37,--,20,46740,买盘
1154,13:19:06,23.37,--,19,44403,买盘
1155,13:19:03,23.37,0.01,4,9348,买盘
1156,13:18:57,23.36,--,10,23360,卖盘
1157,13:18:54,23.36,--,3,7008,卖盘
1158,13:18:51,23.36,-0.01,2,4672,卖盘
1159,13:18:48,23.37,0.01,20,46740,买盘
1160,13:18:30,23.36,--,38,88768,买盘
1161,13:18:27,23.36,0.01,21,49056,买盘
1162,13:18:21,23.35,--,68,158780,卖盘
1163,13:18:12,23.35,-0.01,1,2335,卖盘
1164,13:18:09,23.36,--,10,23360,买盘
1165,13:18:06,23.36,0.02,10,23360,买盘
1166,13:17:54,23.34,-0.02,100,233400,卖盘
1167,13:17:48,23.36,0.01,21,49056,买盘
1168,13:17:45,23.35,-0.01,3,7005,卖盘
1169,13:17:42,23.36,--,77,179872,卖盘
1170,13:17:39,23.36,-0.01,11,25696,卖盘
1171,13:17:36,23.37,0.01,10,23370,买盘
1172,13:17:21,23.36,0.01,22,51392,买盘
1173,13:17:18,23.35,-0.01,14,32690,卖盘
1174,13:17:15,23.36,0.01,12,28032,买盘
1175,13:17:12,23.35,-0.01,3,7005,卖盘
1176,13:17:09,23.36,--,10,23360,买盘
1177,13:17:06,23.36,--,10,23360,买盘
1178,13:16:48,23.36,0.01,21,49056,买盘
1179,13:16:42,23.35,-0.01,11,25685,卖盘
1180,13:16:39,23.36,--,13,30368,买盘
1181,13:16:36,23.36,--,10,23360,买盘
1182,13:16:27,23.36,--,21,49056,买盘
1183,13:16:12,23.36,0.01,2,4672,买盘
1184,13:16:06,23.35,0.01,22,51370,买盘
1185,13:16:03,23.34,-0.01,7,16338,卖盘
1186,13:15:48,23.35,--,21,49035,买盘
1187,13:15:45,23.35,0.01,5,11675,买盘
1188,13:15:30,23.34,--,15,35010,买盘
1189,13:15:27,23.34,0.01,20,46680,买盘
1190,13:15:24,23.33,--,50,116649,卖盘
1191,13:15:21,23.33,-0.01,413,963528,卖盘
1192,13:15:18,23.34,--,1,2334,买盘
1193,13:15:09,23.34,--,10,23340,买盘
1194,13:15:06,23.34,--,52,121368,买盘
1195,13:15:03,23.34,0.01,3,7002,买盘
1196,13:15:00,23.33,--,6,13997,卖盘
1197,13:14:57,23.33,--,3,6998,卖盘
1198,13:14:54,23.33,-0.01,5,11665,卖盘
1199,13:14:48,23.34,-0.01,20,46680,中性盘
1200,13:14:39,23.35,--,15,35025,买盘
1201,13:14:36,23.35,--,1252,2924821,买盘
1202,13:14:33,23.35,--,2,4670,买盘
1203,13:14:27,23.35,--,20,46700,买盘
1204,13:14:24,23.35,0.01,10,23350,买盘
1205,13:14:21,23.34,-0.01,3,7002,卖盘
1206,13:14:12,23.35,-0.01,213,497355,卖盘
1207,13:14:09,23.36,--,10,23360,买盘
1208,13:14:06,23.36,--,29,67744,买盘
1209,13:14:03,23.36,--,2,4672,买盘
1210,13:13:48,23.36,-0.01,39,91104,中性盘
1211,13:13:39,23.37,--,10,23370,买盘
1212,13:13:36,23.37,0.02,52,121524,中性盘
1213,13:13:24,23.35,--,8,18680,卖盘
1214,13:13:15,23.35,-0.03,3,7005,卖盘
1215,13:13:09,23.38,--,10,23380,买盘
1216,13:13:06,23.38,0.02,31,72478,买盘
1217,13:13:03,23.36,-0.01,32,75359,卖盘
1218,13:12:48,23.37,0.01,3,7011,中性盘
1219,13:12:39,23.36,-0.01,17,39712,卖盘
1220,13:12:36,23.37,--,12,28044,卖盘
1221,13:12:27,23.37,--,25,58425,卖盘
1222,13:12:21,23.37,-0.01,11,25707,卖盘
1223,13:12:09,23.38,0.02,10,23380,买盘
1224,13:12:06,23.36,--,13,30368,卖盘
1225,13:11:57,23.36,--,18,42048,卖盘
1226,13:11:48,23.36,-0.01,213,497568,卖盘
1227,13:11:39,23.37,-0.01,13,30381,卖盘
1228,13:11:36,23.38,0.02,10,23380,买盘
1229,13:11:33,23.36,-0.02,3,7008,卖盘
1230,13:11:27,23.38,--,21,49098,买盘
1231,13:11:12,23.38,-0.01,3,7014,卖盘
1232,13:11:09,23.39,--,10,23390,买盘
1233,13:11:06,23.39,0.01,31,72509,买盘
1234,13:10:57,23.38,--,3,7014,卖盘
1235,13:10:51,23.38,-0.01,1,2338,卖盘
1236,13:10:48,23.39,0.01,21,49119,买盘
1237,13:10:39,23.38,--,5,11690,买盘
1238,13:10:36,23.38,--,10,23380,买盘
1239,13:10:27,23.38,0.01,20,46760,买盘
1240,13:10:24,23.37,--,4,9348,卖盘
1241,13:10:12,23.37,-0.02,160,373920,卖盘
1242,13:10:09,23.39,--,10,23390,买盘
1243,13:10:06,23.39,0.01,69,161391,买盘
1244,13:10:03,23.38,-0.01,2,4676,卖盘
1245,13:10:00,23.39,--,3,7017,买盘
1246,13:09:48,23.39,--,22,51458,买盘
1247,13:09:39,23.39,0.01,10,23390,买盘
1248,13:09:36,23.38,-0.01,11,25718,卖盘
1249,13:09:33,23.39,--,3,7017,买盘
1250,13:09:27,23.39,--,20,46780,买盘
1251,13:09:24,23.39,--,2,4678,买盘
1252,13:09:09,23.39,--,10,23390,买盘
1253,13:09:06,23.39,--,34,79526,买盘
1254,13:09:03,23.39,0.01,4,9356,买盘
1255,13:08:54,23.38,-0.01,11,25718,卖盘
1256,13:08:48,23.39,0.01,21,49119,买盘
1257,13:08:45,23.38,-0.01,58,135604,卖盘
1258,13:08:39,23.39,--,10,23390,买盘
1259,13:08:36,23.39,--,10,23390,买盘
1260,13:08:33,23.39,0.01,2,4678,买盘
1261,13:08:30,23.38,-0.01,3,7014,卖盘
1262,13:08:27,23.39,--,20,46780,买盘
1263,13:08:09,23.39,--,10,23390,买盘
1264,13:08:06,23.39,0.01,30,70170,买盘
1265,13:07:48,23.38,-0.01,1,2338,中性盘
1266,13:07:39,23.39,--,10,23390,买盘
1267,13:07:36,23.39,0.01,10,23390,买盘
1268,13:07:30,23.38,--,6,14028,卖盘
1269,13:07:27,23.38,-0.01,24,56112,卖盘
1270,13:07:15,23.39,-0.01,25,58475,卖盘
1271,13:07:12,23.4,--,3,7020,买盘
1272,13:07:09,23.4,--,10,23400,买盘
1273,13:07:06,23.4,0.01,29,67860,买盘
1274,13:07:03,23.39,-0.01,1,2339,卖盘
1275,13:06:48,23.4,--,20,46800,买盘
1276,13:06:39,23.4,--,10,23400,买盘
1277,13:06:36,23.4,0.01,10,23400,买盘
1278,13:06:33,23.39,--,3,7017,卖盘
1279,13:06:30,23.39,-0.01,3,7017,卖盘
1280,13:06:27,23.4,0.02,21,49140,买盘
1281,13:05:54,23.38,--,20,46760,卖盘
1282,13:05:51,23.38,-0.01,5,11690,卖盘
1283,13:05:48,23.39,--,21,49119,买盘
1284,13:05:42,23.39,--,5,11695,买盘
1285,13:05:39,23.39,-0.01,23,53797,卖盘
1286,13:05:36,23.4,--,10,23400,买盘
1287,13:05:33,23.4,--,2,4680,买盘
1288,13:05:27,23.4,--,20,46800,买盘
1289,13:05:18,23.4,--,1,2340,买盘
1290,13:05:09,23.4,--,10,23400,买盘
1291,13:05:06,23.4,--,31,72540,买盘
1292,13:04:57,23.4,0.01,2,4680,买盘
1293,13:04:48,23.39,--,10,23390,买盘
1294,13:04:39,23.39,0.01,10,23390,买盘
1295,13:04:36,23.38,-0.01,15,35070,卖盘
1296,13:04:27,23.39,--,21,49119,买盘
1297,13:04:09,23.39,--,10,23390,买盘
1298,13:04:06,23.39,--,30,70170,买盘
1299,13:04:03,23.39,--,4,9356,买盘
1300,13:03:48,23.39,--,20,46780,买盘
1301,13:03:42,23.39,--,1,2339,买盘
1302,13:03:39,23.39,--,10,23390,买盘
1303,13:03:36,23.39,--,10,23390,买盘
1304,13:03:27,23.39,--,21,49119,买盘
1305,13:03:18,23.39,--,7,16373,卖盘
1306,13:03:09,23.39,-0.01,60,140340,卖盘
1307,13:03:06,23.4,--,30,70200,买盘
1308,13:03:03,23.4,--,4,9360,买盘
1309,13:02:48,23.4,--,20,46800,买盘
1310,13:02:39,23.4,--,10,23400,买盘
1311,13:02:36,23.4,--,10,23400,买盘
1312,13:02:33,23.4,--,34,79560,买盘
1313,13:02:27,23.4,0.01,20,46800,买盘
1314,13:02:18,23.39,-0.01,13,30407,卖盘
1315,13:02:09,23.4,--,10,23400,买盘
1316,13:02:06,23.4,--,30,70200,买盘
1317,13:02:03,23.4,-0.01,2,4680,中性盘
1318,13:01:48,23.41,--,21,49161,买盘
1319,13:01:39,23.41,--,31,73437,买盘
1320,13:01:36,23.41,0.01,10,23410,买盘
1321,13:01:33,23.4,--,3,7020,卖盘
1322,13:01:27,23.4,--,3,8494,买盘
1323,13:01:09,23.4,--,10,23400,买盘
1324,13:01:06,23.4,--,30,70200,买盘
1325,13:01:03,23.4,--,3,7020,买盘
1326,13:00:57,23.4,--,38,88920,买盘
1327,13:00:54,23.4,--,8,18720,买盘
1328,13:00:48,23.4,--,20,46800,买盘
1329,13:00:42,23.4,--,6,14040,买盘
1330,13:00:39,23.4,--,10,23400,买盘
1331,13:00:36,23.4,--,10,23400,买盘
1332,13:00:33,23.4,0.01,2,4680,买盘
1333,13:00:27,23.39,--,4,9356,买盘
1334,13:00:09,23.39,0.01,24,56136,买盘
1335,13:00:06,23.38,-0.01,30,70140,卖盘
1336,13:00:03,23.39,--,41,95899,买盘
1337,13:00:00,23.39,--,0,0,买盘
1338,11:30:00,23.39,--,0,0,买盘
1339,11:29:54,23.39,-0.01,21,49119,卖盘
1340,11:29:48,23.4,0.02,2,4680,买盘
1341,11:29:45,23.38,-0.02,49,114562,卖盘
1342,11:29:27,23.4,0.02,21,49140,买盘
1343,11:29:21,23.38,-0.01,100,233800,卖盘
1344,11:29:18,23.39,-0.01,2,4678,卖盘
1345,11:29:06,23.4,--,24,56160,买盘
1346,11:29:03,23.4,0.01,3,7020,买盘
1347,11:28:51,23.39,--,29,67831,买盘
1348,11:28:45,23.39,--,20,46780,买盘
1349,11:28:39,23.39,--,51,119289,卖盘
1350,11:28:27,23.39,0.01,20,46780,买盘
1351,11:28:18,23.38,--,10,23380,卖盘
1352,11:28:12,23.38,-0.01,2,4676,卖盘
1353,11:28:09,23.39,--,100,233900,买盘
1354,11:28:06,23.39,--,20,46780,买盘
1355,11:27:51,23.39,--,1,2339,买盘
1356,11:27:45,23.39,--,19,44441,买盘
1357,11:27:27,23.39,--,21,49119,买盘
1358,11:27:12,23.39,0.01,1,2339,买盘
1359,11:27:06,23.38,-0.01,25,58450,卖盘
1360,11:26:57,23.39,--,2,4678,买盘
1361,11:26:45,23.39,--,20,46780,买盘
1362,11:26:42,23.39,--,64,149696,卖盘
1363,11:26:27,23.39,--,6,14034,买盘
1364,11:26:15,23.39,0.01,50,116950,买盘
1365,11:26:12,23.38,-0.01,9,21042,卖盘
1366,11:26:06,23.39,--,21,49119,买盘
1367,11:25:45,23.39,--,21,49119,买盘
1368,11:25:42,23.39,--,79,184781,卖盘
1369,11:25:36,23.39,--,2,4678,卖盘
1370,11:25:33,23.39,--,100,233900,卖盘
1371,11:25:21,23.39,--,2,4678,卖盘
1372,11:25:18,23.39,0.01,37,86543,买盘
1373,11:25:12,23.38,-0.01,20,46760,卖盘
1374,11:25:06,23.39,0.01,20,46780,买盘
1375,11:24:48,23.38,-0.01,5,11690,卖盘
1376,11:24:45,23.39,0.01,21,49119,买盘
1377,11:24:30,23.38,-0.01,7,16366,中性盘
1378,11:24:27,23.39,0.01,19,44441,买盘
1379,11:24:21,23.38,--,7,16366,卖盘
1380,11:24:06,23.38,--,90,210420,卖盘
1381,11:24:03,23.38,--,1,2338,卖盘
1382,11:23:51,23.38,--,2,4676,买盘
1383,11:23:48,23.38,--,3,7014,买盘
1384,11:23:45,23.38,--,79,184702,买盘
1385,11:23:39,23.38,0.01,82,191716,买盘
1386,11:23:33,23.37,-0.01,4,9348,卖盘
1387,11:23:30,23.38,--,30,70140,买盘
1388,11:23:27,23.38,--,19,44422,买盘
1389,11:23:06,23.38,0.01,21,49098,买盘
1390,11:22:45,23.37,--,5,13414,买盘
1391,11:22:42,23.37,0.01,17,39729,买盘
1392,11:22:36,23.36,-0.01,50,116800,卖盘
1393,11:22:33,23.37,--,8,18696,买盘
1394,11:22:15,23.37,0.01,100,233700,买盘
1395,11:22:12,23.36,-0.01,72,168192,卖盘
1396,11:22:06,23.37,--,20,46740,买盘
1397,11:21:45,23.37,0.01,19,44403,买盘
1398,11:21:42,23.36,-0.01,1,2336,卖盘
1399,11:21:36,23.37,--,2,4674,买盘
1400,11:21:33,23.37,--,3,7011,买盘
1401,11:21:27,23.37,--,21,49077,买盘
1402,11:21:24,23.37,--,15,35055,买盘
1403,11:21:06,23.37,--,21,49077,买盘
1404,11:20:45,23.37,0.01,21,49077,买盘
1405,11:20:36,23.36,-0.01,10,23360,卖盘
1406,11:20:33,23.37,0.01,3,7011,买盘
1407,11:20:30,23.36,-0.01,60,140160,卖盘
1408,11:20:27,23.37,0.01,21,49077,买盘
1409,11:20:15,23.36,--,75,175200,买盘
1410,11:20:09,23.36,--,40,93440,买盘
1411,11:20:06,23.36,-0.01,24,56064,卖盘
1412,11:19:45,23.37,0.01,20,46740,买盘
1413,11:19:33,23.36,-0.01,89,207904,卖盘
1414,11:19:27,23.37,--,23,53751,买盘
1415,11:19:06,23.37,--,20,46740,买盘
1416,11:18:54,23.37,--,20,46740,买盘
1417,11:18:45,23.37,--,20,46740,买盘
1418,11:18:42,23.37,-0.01,39,91750,卖盘
1419,11:18:39,23.38,--,4,9352,买盘
1420,11:18:33,23.38,--,1,2338,买盘
1421,11:18:27,23.38,--,19,44422,买盘
1422,11:18:06,23.38,0.01,60,140280,买盘
1423,11:17:57,23.37,--,1,2337,卖盘
1424,11:17:54,23.37,-0.01,34,79458,卖盘
1425,11:17:45,23.38,0.01,21,49098,买盘
1426,11:17:36,23.37,-0.01,10,23370,卖盘
1427,11:17:33,23.38,--,66,154308,卖盘
1428,11:17:27,23.38,--,25,58450,卖盘
1429,11:17:21,23.38,-0.01,20,46760,卖盘
1430,11:17:06,23.39,--,21,49119,买盘
1431,11:16:45,23.39,--,21,49119,买盘
1432,11:16:39,23.39,-0.01,14,32746,卖盘
1433,11:16:27,23.4,--,20,46800,买盘
1434,11:16:12,23.4,-0.01,8,19585,卖盘
1435,11:16:06,23.41,0.01,20,46820,买盘
1436,11:15:48,23.4,-0.01,6,14040,卖盘
1437,11:15:45,23.41,0.01,30,70230,买盘
1438,11:15:39,23.4,-0.01,160,374400,卖盘
1439,11:15:27,23.41,0.01,20,46820,买盘
1440,11:15:24,23.4,--,1,2340,卖盘
1441,11:15:15,23.4,0.01,32,76354,买盘
1442,11:15:06,23.39,0.01,5,11695,买盘
1443,11:15:03,23.38,-0.01,1,2338,卖盘
1444,11:15:00,23.39,--,1,2339,买盘
1445,11:14:51,23.39,-0.01,3,7017,卖盘
1446,11:14:45,23.4,--,21,49140,买盘
1447,11:14:30,23.4,--,57,133380,买盘
1448,11:14:27,23.4,0.01,19,44460,买盘
1449,11:14:12,23.39,--,2,4678,卖盘
1450,11:14:09,23.39,--,7,16373,买盘
1451,11:14:06,23.39,0.01,40,93560,买盘
1452,11:13:45,23.38,--,7,16366,买盘
1453,11:13:36,23.38,--,1,2338,买盘
1454,11:13:27,23.38,--,20,46760,买盘
1455,11:13:06,23.38,--,21,49098,买盘
1456,11:12:45,23.38,0.01,20,46760,买盘
1457,11:12:30,23.37,-0.01,5,11685,卖盘
1458,11:12:27,23.38,--,21,49098,卖盘
1459,11:12:15,23.38,--,1,2338,买盘
1460,11:12:12,23.38,--,22,51436,买盘
1461,11:12:06,23.38,--,20,46760,买盘
1462,11:11:54,23.38,--,2,4676,买盘
1463,11:11:51,23.38,-0.01,23,53774,卖盘
1464,11:11:45,23.39,--,21,49119,买盘
1465,11:11:42,23.39,0.01,10,23390,买盘
1466,11:11:39,23.38,-0.01,5,11690,卖盘
1467,11:11:27,23.39,--,20,46780,买盘
1468,11:11:24,23.39,0.01,1,2339,买盘
1469,11:11:09,23.38,--,10,23380,卖盘
1470,11:11:06,23.38,-0.01,22,51436,卖盘
1471,11:10:57,23.39,--,10,23390,买盘
1472,11:10:54,23.39,0.01,22,51458,买盘
1473,11:10:51,23.38,-0.01,8,18704,卖盘
1474,11:10:48,23.39,--,10,23390,买盘
1475,11:10:45,23.39,--,21,49119,买盘
1476,11:10:27,23.39,0.01,21,49119,买盘
1477,11:10:15,23.38,-0.01,5,11690,卖盘
1478,11:10:06,23.39,--,21,49119,买盘
1479,11:10:00,23.39,-0.01,4,9356,中性盘
1480,11:09:45,23.4,0.01,20,47665,买盘
1481,11:09:42,23.39,-0.01,3,7017,卖盘
1482,11:09:27,23.4,--,19,44460,买盘
1483,11:09:21,23.4,--,10,23400,买盘
1484,11:09:06,23.4,0.01,21,49140,买盘
1485,11:09:03,23.39,-0.01,2,4678,卖盘
1486,11:08:54,23.4,--,1,2340,买盘
1487,11:08:45,23.4,--,23,53820,买盘
1488,11:08:27,23.4,--,21,49140,买盘
1489,11:08:12,23.4,--,20,46800,买盘
1490,11:08:06,23.4,0.01,20,46800,买盘
1491,11:08:03,23.39,--,1,2339,卖盘
1492,11:08:00,23.39,--,0,1473,卖盘
1493,11:07:45,23.39,--,20,46780,买盘
1494,11:07:33,23.39,0.01,5,11695,买盘
1495,11:07:27,23.38,--,1,2338,买盘
1496,11:07:18,23.38,--,2,4676,买盘
1497,11:07:15,23.38,-0.01,13,30394,卖盘
1498,11:06:48,23.39,--,8,18712,买盘
1499,11:06:42,23.39,0.02,100,233900,买盘
1500,11:06:30,23.37,--,2,4674,卖盘
1501,11:06:15,23.37,--,38,90535,买盘
1502,11:06:12,23.37,--,3,7011,买盘
1503,11:06:09,23.37,0.01,20,46740,买盘
1504,11:06:00,23.36,--,46,107456,买盘
1505,11:05:57,23.36,--,3,7008,买盘
1506,11:05:39,23.36,0.01,2,4672,买盘
1507,11:05:33,23.35,-0.01,8,18680,卖盘
1508,11:05:30,23.36,--,47,109792,买盘
1509,11:05:18,23.36,0.01,25,58400,买盘
1510,11:05:09,23.35,--,72,168120,买盘
1511,11:05:03,23.35,--,3,7005,买盘
1512,11:05:00,23.35,--,10,23350,买盘
1513,11:04:57,23.35,--,11,25685,买盘
1514,11:04:54,23.35,-0.01,119,277865,卖盘
1515,11:04:48,23.36,--,2,4672,买盘
1516,11:04:42,23.36,0.01,3,7008,买盘
1517,11:04:36,23.35,--,52,121420,买盘
1518,11:04:33,23.35,--,5,11675,买盘
1519,11:04:27,23.35,--,30,70050,买盘
1520,11:04:24,23.35,--,28,65380,买盘
1521,11:04:21,23.35,--,5,11675,买盘
1522,11:04:09,23.35,--,124,289540,买盘
1523,11:04:06,23.35,--,13,30355,买盘
1524,11:04:00,23.35,--,5,11675,买盘
1525,11:03:48,23.35,--,5,11675,买盘
1526,11:03:42,23.35,--,10,23350,买盘
1527,11:03:39,23.35,--,10,23350,买盘
1528,11:03:36,23.35,0.01,5,11675,买盘
1529,11:03:21,23.34,--,3,7002,卖盘
1530,11:03:15,23.34,--,10,23340,卖盘
1531,11:03:00,23.34,--,1,2334,卖盘
1532,11:02:51,23.34,0.01,19,44346,买盘
1533,11:02:48,23.33,-0.01,15,34995,卖盘
1534,11:02:39,23.34,--,7,16338,买盘
1535,11:02:36,23.34,--,18,42012,买盘
1536,11:02:33,23.34,--,8,18672,买盘
1537,11:02:18,23.34,--,21,49014,买盘
1538,11:02:09,23.34,--,137,319758,卖盘
1539,11:02:03,23.34,--,1,2334,卖盘
1540,11:01:45,23.34,-0.01,10,23340,卖盘
1541,11:01:36,23.35,0.01,10,23350,买盘
1542,11:01:27,23.34,--,132,308088,买盘
1543,11:01:24,23.34,--,2,4668,买盘
1544,11:01:18,23.34,--,12,28008,买盘
1545,11:01:09,23.34,--,9,21006,买盘
1546,11:01:03,23.34,--,1,2334,买盘
1547,11:00:51,23.34,-0.01,488,1138992,卖盘
1548,11:00:48,23.35,--,4,9340,卖盘
1549,11:00:36,23.35,-0.01,12,28020,卖盘
1550,11:00:33,23.36,--,7,16352,买盘
1551,11:00:12,23.36,--,3,7008,买盘
1552,11:00:09,23.36,--,15,35040,卖盘
1553,11:00:06,23.36,0.01,5,11680,卖盘
1554,10:59:48,23.35,-0.01,106,247510,卖盘
1555,10:59:42,23.36,-0.01,10,23360,中性盘
1556,10:59:36,23.37,0.01,12,28044,买盘
1557,10:59:33,23.36,-0.01,10,25672,卖盘
1558,10:59:30,23.37,--,1,2337,买盘
1559,10:59:21,23.37,0.01,130,303810,买盘
1560,10:59:18,23.36,-0.01,5,11680,卖盘
1561,10:58:48,23.37,--,3,7011,买盘
1562,10:58:45,23.37,-0.03,306,715752,卖盘
1563,10:58:42,23.4,-0.01,1,2340,卖盘
1564,10:58:36,23.41,0.01,11,25751,买盘
1565,10:58:33,23.4,--,4,9360,卖盘
1566,10:58:27,23.4,--,1,2340,卖盘
1567,10:58:12,23.4,--,10,23400,卖盘
1568,10:58:09,23.4,0.01,40,93600,买盘
1569,10:58:06,23.39,-0.01,50,116950,卖盘
1570,10:57:51,23.4,0.01,1,2340,买盘
1571,10:57:48,23.39,-0.02,31,72509,卖盘
1572,10:57:36,23.41,0.01,55,128755,买盘
1573,10:57:21,23.4,--,107,250379,卖盘
1574,10:57:09,23.4,-0.01,2,4680,卖盘
1575,10:57:03,23.41,-0.01,59,138119,卖盘
1576,10:57:00,23.42,0.01,200,468400,买盘
1577,10:56:57,23.41,--,6,14046,卖盘
1578,10:56:54,23.41,-0.01,30,70230,卖盘
1579,10:56:45,23.42,--,24,56208,买盘
1580,10:56:36,23.42,--,11,25762,买盘
1581,10:56:27,23.42,--,19,44498,买盘
1582,10:56:21,23.42,--,4,9368,买盘
1583,10:56:18,23.42,--,39,91338,买盘
1584,10:56:12,23.42,-0.01,7,16394,卖盘
1585,10:56:09,23.43,0.01,4,9372,买盘
1586,10:56:06,23.42,0.01,13,30446,买盘
1587,10:56:03,23.41,-0.01,1,2341,卖盘
1588,10:55:45,23.42,--,20,46840,买盘
1589,10:55:36,23.42,--,12,28104,买盘
1590,10:55:27,23.42,--,19,44498,买盘
1591,10:55:15,23.42,--,2,4684,买盘
1592,10:55:06,23.42,--,26,60892,买盘
1593,10:54:48,23.42,--,30,70260,买盘
1594,10:54:45,23.42,--,20,46840,买盘
1595,10:54:36,23.42,--,11,25762,买盘
1596,10:54:30,23.42,--,32,74944,买盘
1597,10:54:27,23.42,--,21,49182,买盘
1598,10:54:15,23.42,--,7,16394,买盘
1599,10:54:09,23.42,-0.01,33,77286,卖盘
1600,10:54:06,23.43,--,21,49203,买盘
1601,10:53:45,23.43,--,20,46860,买盘
1602,10:53:36,23.43,--,11,25773,买盘
1603,10:53:27,23.43,0.01,20,46860,中性盘
1604,10:53:15,23.42,-0.01,5,11710,卖盘
1605,10:53:09,23.43,0.01,100,234300,买盘
1606,10:53:03,23.42,--,4,9368,卖盘
1607,10:53:00,23.42,--,15,35130,买盘
1608,10:52:48,23.42,0.01,80,187360,买盘
1609,10:52:45,23.41,--,23,53843,买盘
1610,10:52:39,23.41,-0.01,77,180257,卖盘
1611,10:52:36,23.42,0.01,11,25762,买盘
1612,10:52:33,23.41,--,5,11705,卖盘
1613,10:52:30,23.41,-0.01,100,234100,卖盘
1614,10:52:27,23.42,0.01,20,46840,买盘
1615,10:52:09,23.41,-0.01,7,16387,卖盘
1616,10:52:06,23.42,0.01,18,42156,买盘
1617,10:51:48,23.41,--,1,2341,卖盘
1618,10:51:45,23.41,--,47,110027,买盘
1619,10:51:42,23.41,0.01,2,4682,买盘
1620,10:51:39,23.4,-0.01,1,2340,卖盘
1621,10:51:36,23.41,--,17,39797,买盘
1622,10:51:33,23.41,--,134,313694,卖盘
1623,10:51:30,23.41,--,66,154506,买盘
1624,10:51:27,23.41,--,21,49161,买盘
1625,10:51:24,23.41,0.01,4,9364,买盘
1626,10:51:21,23.4,-0.01,1,2340,卖盘
1627,10:51:15,23.41,--,50,117050,买盘
1628,10:51:06,23.41,--,21,49161,买盘
1629,10:51:03,23.41,0.01,1,2341,买盘
1630,10:51:00,23.4,-0.01,1,2340,卖盘
1631,10:50:45,23.41,0.01,21,49161,买盘
1632,10:50:39,23.4,--,100,234000,卖盘
1633,10:50:36,23.4,--,232,542880,买盘
1634,10:50:27,23.4,0.01,19,44460,中性盘
1635,10:50:15,23.39,--,33,77187,卖盘
1636,10:50:03,23.39,--,1,2339,卖盘
1637,10:50:00,23.39,--,1,2339,卖盘
1638,10:49:51,23.39,-0.02,4,9356,卖盘
1639,10:49:48,23.41,0.02,500,1170500,买盘
1640,10:49:45,23.39,--,30,70170,卖盘
1641,10:49:42,23.39,--,45,106962,买盘
1642,10:49:36,23.39,0.01,11,25729,买盘
1643,10:49:30,23.38,-0.01,17,39746,卖盘
1644,10:49:27,23.39,--,20,46780,买盘
1645,10:49:21,23.39,--,2,4678,买盘
1646,10:49:12,23.39,--,23,54428,卖盘
1647,10:49:00,23.39,--,145,340862,买盘
1648,10:48:45,23.39,--,21,49119,买盘
1649,10:48:42,23.39,--,18,42102,买盘
1650,10:48:36,23.39,0.01,12,28068,买盘
1651,10:48:30,23.38,-0.01,10,23380,中性盘
1652,10:48:18,23.39,0.01,3,7017,买盘
1653,10:48:12,23.38,-0.01,7,16366,卖盘
1654,10:48:06,23.39,0.01,20,46780,买盘
1655,10:48:03,23.38,--,18,42715,卖盘
1656,10:47:57,23.38,--,100,233800,卖盘
1657,10:47:45,23.38,--,201,471644,买盘
1658,10:47:36,23.38,--,11,25718,买盘
1659,10:47:27,23.38,--,20,46760,买盘
1660,10:47:06,23.38,--,20,46760,买盘
1661,10:47:00,23.38,--,3,7014,买盘
1662,10:46:57,23.38,--,50,117531,卖盘
1663,10:46:54,23.38,--,100,233800,卖盘
1664,10:46:48,23.38,-0.01,1,2338,卖盘
1665,10:46:45,23.39,--,43,100577,买盘
1666,10:46:42,23.39,0.01,301,704039,买盘
1667,10:46:39,23.38,-0.01,35,81830,卖盘
1668,10:46:36,23.39,--,11,25729,买盘
1669,10:46:33,23.39,--,100,233900,买盘
1670,10:46:27,23.39,--,22,51458,买盘
1671,10:46:06,23.39,0.01,20,46780,买盘
1672,10:46:00,23.38,--,10,23380,卖盘
1673,10:45:57,23.38,--,1,2338,卖盘
1674,10:45:51,23.38,--,27,64832,买盘
1675,10:45:48,23.38,--,6,14028,买盘
1676,10:45:45,23.38,--,20,46760,买盘
1677,10:45:36,23.38,--,11,25718,买盘
1678,10:45:33,23.38,--,10,23380,买盘
1679,10:45:30,23.38,--,6,14028,买盘
1680,10:45:27,23.38,--,20,46760,买盘
1681,10:45:06,23.38,0.01,19,44422,买盘
1682,10:45:03,23.37,-0.01,1,2337,卖盘
1683,10:44:45,23.38,--,19,44422,买盘
1684,10:44:42,23.38,0.01,1,2338,买盘
1685,10:44:39,23.37,-0.01,50,116850,卖盘
1686,10:44:36,23.38,--,14,32732,买盘
1687,10:44:30,23.38,0.01,16,37408,买盘
1688,10:44:27,23.37,-0.01,24,56088,卖盘
1689,10:44:24,23.38,-0.01,77,181195,卖盘
1690,10:44:21,23.39,0.01,20,46780,买盘
1691,10:44:15,23.38,--,0,1169,卖盘
1692,10:44:12,23.38,--,3,7014,卖盘
1693,10:44:09,23.38,-0.01,4,9352,卖盘
1694,10:44:06,23.39,--,20,46780,买盘
1695,10:43:51,23.39,--,54,126306,卖盘
1696,10:43:42,23.39,--,67,156713,买盘
1697,10:43:36,23.39,--,11,25729,买盘
1698,10:43:33,23.39,--,4,9356,买盘
1699,10:43:27,23.39,--,39,91221,卖盘
1700,10:43:21,23.39,--,48,112272,卖盘
1701,10:43:18,23.39,--,2,4678,卖盘
1702,10:43:12,23.39,-0.01,1,2339,卖盘
1703,10:43:06,23.4,--,20,46800,买盘
1704,10:43:00,23.4,--,7,16379,买盘
1705,10:42:54,23.4,0.01,7,16379,买盘
1706,10:42:51,23.39,-0.01,1,2339,中性盘
1707,10:42:36,23.4,0.02,11,25740,买盘
1708,10:42:30,23.38,-0.02,18,42084,卖盘
1709,10:42:24,23.4,0.01,21,49140,买盘
1710,10:42:18,23.39,-0.01,7,16373,卖盘
1711,10:42:06,23.4,0.01,20,46800,买盘
1712,10:41:45,23.39,0.01,9,21051,买盘
1713,10:41:39,23.38,-0.01,11,25718,卖盘
1714,10:41:36,23.39,0.01,11,25729,买盘
1715,10:41:33,23.38,--,20,46760,卖盘
1716,10:41:30,23.38,--,1,2338,卖盘
1717,10:41:21,23.38,--,1,2338,买盘
1718,10:41:15,23.38,--,5,11690,买盘
1719,10:41:12,23.38,--,53,123914,买盘
1720,10:41:09,23.38,--,5,11690,买盘
1721,10:41:06,23.38,--,20,46760,买盘
1722,10:41:03,23.38,--,21,49098,买盘
1723,10:40:57,23.38,--,10,23380,买盘
1724,10:40:54,23.38,0.01,10,23380,买盘
1725,10:40:45,23.37,--,423,988551,买盘
1726,10:40:42,23.37,--,40,93480,买盘
1727,10:40:36,23.37,--,12,28044,买盘
1728,10:40:33,23.37,--,104,243048,买盘
1729,10:40:30,23.37,--,50,116850,买盘
1730,10:40:27,23.37,--,10,23370,买盘
1731,10:40:24,23.37,0.01,26,60762,买盘
1732,10:40:12,23.36,-0.01,8,18688,卖盘
1733,10:40:06,23.37,--,20,46740,买盘
1734,10:40:03,23.37,--,15,35055,买盘
1735,10:39:51,23.37,0.01,10,23370,买盘
1736,10:39:48,23.36,-0.01,1,2336,卖盘
1737,10:39:45,23.37,--,21,49077,买盘
1738,10:39:42,23.37,0.01,9,21033,买盘
1739,10:39:39,23.36,--,2,4672,卖盘
1740,10:39:36,23.36,--,22,51392,卖盘
1741,10:39:33,23.36,--,6,14016,卖盘
1742,10:39:27,23.36,-0.01,2,4695,卖盘
1743,10:39:24,23.37,0.01,20,46740,买盘
1744,10:39:15,23.36,--,5,11680,卖盘
1745,10:39:09,23.36,-0.01,2,4672,卖盘
1746,10:39:06,23.37,--,20,46740,买盘
1747,10:38:54,23.37,0.01,9,21033,买盘
1748,10:38:51,23.36,-0.01,18,42048,卖盘
1749,10:38:45,23.37,--,20,46740,买盘
1750,10:38:42,23.37,0.01,22,51414,买盘
1751,10:38:39,23.36,--,11,25696,卖盘
1752,10:38:36,23.36,--,5,11680,卖盘
1753,10:38:33,23.36,--,45,105120,买盘
1754,10:38:30,23.36,--,55,128480,卖盘
1755,10:38:27,23.36,-0.01,2,4672,卖盘
1756,10:38:24,23.37,0.01,20,46740,买盘
1757,10:38:15,23.36,--,140,327040,卖盘
1758,10:38:12,23.36,-0.01,10,23360,卖盘
1759,10:38:09,23.37,--,1,2337,买盘
1760,10:38:06,23.37,--,21,49077,买盘
1761,10:38:00,23.37,-0.02,39,91143,卖盘
1762,10:37:48,23.39,0.01,44,102916,买盘
1763,10:37:45,23.38,--,1,2338,买盘
1764,10:37:42,23.38,0.01,16,37408,买盘
1765,10:37:39,23.37,-0.01,22,51414,卖盘
1766,10:37:24,23.38,--,20,46760,买盘
1767,10:37:12,23.38,-0.01,18,42084,卖盘
1768,10:37:06,23.39,--,20,46780,买盘
1769,10:36:54,23.39,-0.01,57,133907,卖盘
1770,10:36:45,23.4,--,120,280800,卖盘
1771,10:36:33,23.4,0.01,3,7020,中性盘
1772,10:36:27,23.39,-0.02,300,701700,卖盘
1773,10:36:18,23.41,0.02,1,2341,买盘
1774,10:36:09,23.39,--,21,49119,卖盘
1775,10:36:03,23.39,--,264,619250,买盘
1776,10:36:00,23.39,--,2,4678,买盘
1777,10:35:57,23.39,--,7,16373,买盘
1778,10:35:51,23.39,-0.02,493,1153127,卖盘
1779,10:35:48,23.41,-0.01,3,7023,卖盘
1780,10:35:45,23.42,--,21,49182,买盘
1781,10:35:36,23.42,0.01,3,7026,买盘
1782,10:35:33,23.41,-0.01,9,21069,卖盘
1783,10:35:30,23.42,--,100,234200,买盘
1784,10:35:24,23.42,--,31,72602,买盘
1785,10:35:09,23.42,--,100,234200,买盘
1786,10:35:06,23.42,--,21,49182,买盘
1787,10:35:00,23.42,-0.01,20,46840,中性盘
1788,10:34:42,23.43,--,1,2343,买盘
1789,10:34:39,23.43,0.01,106,248358,买盘
1790,10:34:33,23.42,--,13,30446,卖盘
1791,10:34:27,23.42,0.01,10,23420,中性盘
1792,10:34:18,23.41,--,2,4682,卖盘
1793,10:34:15,23.41,0.02,91,213031,买盘
1794,10:34:12,23.39,-0.01,18,42102,卖盘
1795,10:34:06,23.4,--,20,46800,买盘
1796,10:34:03,23.4,--,5,11700,买盘
1797,10:33:54,23.4,--,3,7020,买盘
1798,10:33:45,23.4,--,20,46800,买盘
1799,10:33:36,23.4,--,9,21060,买盘
1800,10:33:24,23.4,--,20,46800,买盘
1801,10:33:21,23.4,-0.01,132,309745,卖盘
1802,10:33:18,23.41,--,202,472882,买盘
1803,10:33:06,23.41,--,21,49161,买盘
1804,10:33:03,23.41,--,1,2341,买盘
1805,10:32:57,23.41,-0.01,219,512679,卖盘
1806,10:32:39,23.42,--,14,32788,卖盘
1807,10:32:36,23.42,-0.02,6,14052,卖盘
1808,10:32:30,23.44,--,50,117200,买盘
1809,10:32:24,23.44,0.02,20,46880,买盘
1810,10:32:21,23.42,-0.02,8,18736,卖盘
1811,10:32:18,23.44,--,10,23440,卖盘
1812,10:32:09,23.44,-0.01,10,23440,卖盘
1813,10:32:06,23.45,--,32,75040,买盘
1814,10:32:03,23.45,--,19,44555,买盘
1815,10:32:00,23.45,0.01,8,18760,买盘
1816,10:31:45,23.44,--,10,23440,买盘
1817,10:31:39,23.44,0.04,10,23440,中性盘
1818,10:31:27,23.4,-0.03,10,23400,卖盘
1819,10:31:24,23.43,--,1,2343,卖盘
1820,10:31:18,23.43,0.03,196,460680,买盘
1821,10:31:12,23.4,-0.01,51,119363,卖盘
1822,10:31:09,23.41,--,1,2341,卖盘
1823,10:31:03,23.41,0.01,17,39797,买盘
1824,10:31:00,23.4,--,14,32759,卖盘
1825,10:30:54,23.4,--,1,2340,卖盘
1826,10:30:45,23.4,0.02,58,135720,买盘
1827,10:30:42,23.38,--,10,23380,卖盘
1828,10:30:39,23.38,-0.01,18,42084,卖盘
1829,10:30:33,23.39,--,50,116950,买盘
1830,10:30:27,23.39,--,2,4678,买盘
1831,10:30:18,23.39,-0.01,71,166069,卖盘
1832,10:30:12,23.4,--,4,9360,买盘
1833,10:30:09,23.4,--,200,468000,买盘
1834,10:30:00,23.4,--,284,664560,卖盘
1835,10:29:54,23.4,-0.01,310,725400,卖盘
1836,10:29:48,23.41,-0.01,4,9364,卖盘
1837,10:29:42,23.42,-0.01,1,2342,买盘
1838,10:29:33,23.43,0.03,3,7029,买盘
1839,10:29:30,23.4,-0.03,461,1078740,卖盘
1840,10:29:27,23.43,--,13,30459,买盘
1841,10:29:24,23.43,--,246,576378,买盘
1842,10:29:18,23.43,--,12,28116,买盘
1843,10:29:12,23.43,--,173,406229,卖盘
1844,10:28:57,23.43,-0.02,14,32802,卖盘
1845,10:28:54,23.45,0.01,2,4690,买盘
1846,10:28:51,23.44,-0.01,166,389104,卖盘
1847,10:28:48,23.45,--,3,7035,买盘
1848,10:28:42,23.45,-0.01,0,2321,卖盘
1849,10:28:39,23.46,0.01,2,4692,买盘
1850,10:28:36,23.45,-0.01,59,138355,卖盘
1851,10:28:33,23.46,0.01,10,23460,买盘
1852,10:28:30,23.45,--,5,11725,卖盘
1853,10:28:24,23.45,--,1,2345,卖盘
1854,10:28:21,23.45,--,11,25795,卖盘
1855,10:28:18,23.45,--,10,23450,卖盘
1856,10:28:15,23.45,--,10,23450,卖盘
1857,10:28:12,23.45,--,39,91455,卖盘
1858,10:28:09,23.45,-0.01,1,2345,卖盘
1859,10:27:57,23.46,0.01,6,14076,买盘
1860,10:27:54,23.45,-0.01,150,351750,卖盘
1861,10:27:45,23.46,--,19,44574,卖盘
1862,10:27:42,23.46,-0.01,5,11730,卖盘
1863,10:27:33,23.47,-0.02,4,9388,卖盘
1864,10:27:21,23.49,--,4,9396,买盘
1865,10:27:18,23.49,--,53,124496,卖盘
1866,10:27:12,23.49,0.03,167,392283,买盘
1867,10:27:03,23.46,-0.02,11,25806,卖盘
1868,10:27:00,23.48,0.02,200,469600,买盘
1869,10:26:51,23.46,0.01,13,30498,卖盘
1870,10:26:45,23.45,--,9,21105,卖盘
1871,10:26:30,23.45,-0.01,4,9380,卖盘
1872,10:26:27,23.46,--,2,4692,中性盘
1873,10:26:15,23.46,0.01,20,46920,中性盘
1874,10:26:03,23.45,--,1,2345,卖盘
1875,10:25:54,23.45,--,4,9380,卖盘
1876,10:25:39,23.45,-0.03,137,321265,卖盘
1877,10:25:36,23.48,--,100,234800,买盘
1878,10:25:24,23.48,0.02,200,469600,买盘
1879,10:25:03,23.46,0.01,10,23460,中性盘
1880,10:24:42,23.45,-0.01,50,117250,卖盘
1881,10:24:39,23.46,--,2,4692,卖盘
1882,10:24:30,23.46,-0.01,25,58650,卖盘
1883,10:24:27,23.47,--,12,28164,买盘
1884,10:23:57,23.47,0.01,2,4694,买盘
1885,10:23:48,23.46,--,0,23,卖盘
1886,10:23:45,23.46,-0.02,10,23460,卖盘
1887,10:23:39,23.48,0.02,1,2348,买盘
1888,10:23:30,23.46,--,19,44574,买盘
1889,10:23:27,23.46,--,1,2346,卖盘
1890,10:23:24,23.46,0.01,2,4692,中性盘
1891,10:23:15,23.45,-0.01,12,28140,卖盘
1892,10:23:03,23.46,-0.03,10,23460,卖盘
1893,10:22:54,23.49,0.03,100,234899,中性盘
1894,10:22:42,23.46,-0.02,24,56304,卖盘
1895,10:22:33,23.48,-0.02,50,117400,买盘
1896,10:22:06,23.5,0.04,200,470000,买盘
1897,10:22:03,23.46,--,10,23460,卖盘
1898,10:21:51,23.46,--,5,11730,卖盘
1899,10:21:33,23.46,-0.03,2,4692,卖盘
1900,10:21:24,23.49,0.03,15,35235,买盘
1901,10:21:21,23.46,--,26,60996,卖盘
1902,10:21:15,23.46,-0.02,1,2346,卖盘
1903,10:21:12,23.48,0.01,22,51656,买盘
1904,10:21:09,23.47,0.01,1,2347,中性盘
1905,10:21:00,23.46,--,0,609,卖盘
1906,10:20:57,23.46,-0.01,14,32844,卖盘
1907,10:20:54,23.47,--,16,39218,买盘
1908,10:20:51,23.47,0.01,65,152555,买盘
1909,10:20:42,23.46,-0.01,224,525504,卖盘
1910,10:20:39,23.47,--,200,469400,买盘
1911,10:20:33,23.47,--,21,49287,买盘
1912,10:20:30,23.47,-0.03,12,28164,中性盘
1913,10:20:24,23.5,0.01,200,470000,买盘
1914,10:20:15,23.49,0.04,100,234899,买盘
1915,10:20:09,23.45,--,18,42210,卖盘
1916,10:20:03,23.45,--,14,32830,卖盘
1917,10:19:57,23.45,--,13,30485,卖盘
1918,10:19:54,23.45,0.01,6,14070,买盘
1919,10:19:51,23.44,--,1,2344,卖盘
1920,10:19:33,23.44,--,15,35160,卖盘
1921,10:19:24,23.44,--,1,2344,卖盘
1922,10:19:21,23.44,-0.03,11,25784,卖盘
1923,10:19:18,23.47,0.02,3,7041,买盘
1924,10:19:15,23.45,0.01,2,4690,买盘
1925,10:19:12,23.44,-0.01,182,426608,卖盘
1926,10:19:06,23.45,--,123,288435,卖盘
1927,10:18:54,23.45,-0.03,4,9380,卖盘
1928,10:18:51,23.48,0.03,60,140880,买盘
1929,10:18:48,23.45,-0.01,30,70350,卖盘
1930,10:18:39,23.46,0.01,260,609960,买盘
1931,10:18:36,23.45,-0.01,65,152425,卖盘
1932,10:18:33,23.46,--,2,4692,买盘
1933,10:18:27,23.46,--,1,2346,买盘
1934,10:18:24,23.46,--,100,234600,买盘
1935,10:18:21,23.46,-0.01,65,152490,卖盘
1936,10:18:06,23.47,--,4,9388,买盘
1937,10:18:03,23.47,--,13,30511,买盘
1938,10:17:51,23.47,-0.01,6,14082,卖盘
1939,10:17:48,23.48,0.01,3,7044,买盘
1940,10:17:42,23.47,--,1,2347,买盘
1941,10:17:39,23.47,--,4,9388,卖盘
1942,10:17:24,23.47,0.01,6,14082,买盘
1943,10:17:12,23.46,-0.01,30,70380,卖盘
1944,10:17:09,23.47,0.01,100,234700,买盘
1945,10:17:06,23.46,-0.01,5,11730,卖盘
1946,10:17:03,23.47,0.01,2,4694,买盘
1947,10:17:00,23.46,--,34,79764,卖盘
1948,10:16:45,23.46,-0.01,6,14076,卖盘
1949,10:16:36,23.47,--,200,469400,买盘
1950,10:16:24,23.47,-0.02,151,354397,卖盘
1951,10:16:12,23.49,0.01,4,9396,买盘
1952,10:16:03,23.48,-0.01,11,25828,买盘
1953,10:15:57,23.49,0.01,37,86913,买盘
1954,10:15:48,23.48,--,2,4696,买盘
1955,10:15:39,23.48,-0.01,294,690312,卖盘
1956,10:15:30,23.49,--,1,2349,买盘
1957,10:15:21,23.49,--,4,9396,买盘
1958,10:15:18,23.49,--,11,25839,卖盘
1959,10:15:15,23.49,--,3,7046,卖盘
1960,10:15:03,23.49,-0.01,7,16443,卖盘
1961,10:14:54,23.5,0.01,26,61100,买盘
1962,10:14:48,23.49,0.01,10,23490,中性盘
1963,10:14:30,23.48,-0.02,3,7044,卖盘
1964,10:14:24,23.5,0.01,300,705000,买盘
1965,10:14:21,23.49,0.01,2,4698,买盘
1966,10:14:18,23.48,--,30,70440,卖盘
1967,10:14:06,23.48,--,5,11740,卖盘
1968,10:13:45,23.48,-0.02,7,16436,卖盘
1969,10:13:42,23.5,0.01,86,202100,买盘
1970,10:13:27,23.49,--,20,46980,买盘
1971,10:13:24,23.49,-0.01,21,49329,卖盘
1972,10:13:06,23.5,0.01,19,44650,买盘
1973,10:12:54,23.49,--,1,2349,卖盘
1974,10:12:48,23.49,-0.01,2,4698,中性盘
1975,10:12:42,23.5,0.02,20,47000,买盘
1976,10:12:39,23.48,--,14,32872,卖盘
1977,10:12:27,23.48,0.01,18,42264,买盘
1978,10:12:21,23.47,-0.01,2,4694,卖盘
1979,10:12:12,23.48,-0.01,532,1249136,卖盘
1980,10:12:09,23.49,--,5,11745,卖盘
1981,10:12:06,23.49,--,49,115100,买盘
1982,10:12:03,23.49,--,24,56375,买盘
1983,10:11:54,23.49,0.01,5,11745,买盘
1984,10:11:51,23.48,--,16,37568,卖盘
1985,10:11:48,23.48,-0.01,3,7044,卖盘
1986,10:11:45,23.49,0.01,21,49329,买盘
1987,10:11:36,23.48,-0.01,35,82180,卖盘
1988,10:11:33,23.49,--,7,16443,卖盘
1989,10:11:27,23.49,--,17,39933,买盘
1990,10:11:15,23.49,--,10,23490,买盘
1991,10:11:09,23.49,--,10,23490,买盘
1992,10:11:06,23.49,--,120,281880,买盘
1993,10:11:03,23.49,-0.01,41,96309,卖盘
1994,10:11:00,23.5,0.01,3,7050,买盘
1995,10:10:57,23.49,-0.01,100,234899,卖盘
1996,10:10:45,23.5,--,20,47000,买盘
1997,10:10:30,23.5,-0.01,20,47000,卖盘
1998,10:10:27,23.51,--,10,23510,买盘
1999,10:10:24,23.51,0.02,20,47020,买盘
2000,10:10:21,23.49,--,8,18792,卖盘
2001,10:10:15,23.49,-0.01,109,256040,卖盘
2002,10:10:12,23.5,--,10,23500,买盘
2003,10:10:06,23.5,0.01,40,94000,买盘
2004,10:09:48,23.49,0.01,2,4698,卖盘
2005,10:09:45,23.48,--,1,2348,卖盘
2006,10:09:36,23.48,--,19,44612,卖盘
2007,10:09:27,23.48,--,57,133836,买盘
2008,10:09:21,23.48,--,1,2348,买盘
2009,10:09:15,23.48,--,1018,2390264,卖盘
2010,10:09:06,23.48,0.01,2,4696,中性盘
2011,10:08:57,23.47,-0.02,200,469400,卖盘
2012,10:08:45,23.49,--,21,49329,买盘
2013,10:08:39,23.49,0.01,100,234899,买盘
2014,10:08:33,23.48,-0.01,1,2348,卖盘
2015,10:08:30,23.49,--,95,223154,买盘
2016,10:08:27,23.49,0.01,21,49329,买盘
2017,10:08:21,23.48,-0.01,100,234800,卖盘
2018,10:08:18,23.49,--,15,35235,买盘
2019,10:08:12,23.49,--,2,4698,买盘
2020,10:08:09,23.49,0.01,10,23490,买盘
2021,10:08:06,23.48,-0.01,131,307588,卖盘
2022,10:08:03,23.49,--,7,16443,买盘
2023,10:08:00,23.49,0.01,2,4698,买盘
2024,10:07:45,23.48,--,19,44612,买盘
2025,10:07:39,23.48,--,128,300544,买盘
2026,10:07:27,23.48,0.01,80,187840,买盘
2027,10:07:24,23.47,--,10,23470,卖盘
2028,10:07:21,23.47,--,23,53981,卖盘
2029,10:07:03,23.47,--,85,199495,买盘
2030,10:07:00,23.47,0.01,53,124391,买盘
2031,10:06:57,23.46,--,30,70380,卖盘
2032,10:06:51,23.46,--,1,2346,卖盘
2033,10:06:48,23.46,--,2,4692,卖盘
2034,10:06:45,23.46,--,16,37536,买盘
2035,10:06:33,23.46,-0.01,8,18768,卖盘
2036,10:06:27,23.47,--,20,46940,买盘
2037,10:06:24,23.47,0.01,8,18776,买盘
2038,10:06:21,23.46,--,28,65688,卖盘
2039,10:06:18,23.46,-0.01,16,37536,卖盘
2040,10:06:12,23.47,--,12,28164,买盘
2041,10:06:09,23.47,--,12,28164,买盘
2042,10:06:06,23.47,0.01,119,279293,买盘
2043,10:05:54,23.46,--,13,30498,卖盘
2044,10:05:51,23.46,--,10,23460,卖盘
2045,10:05:45,23.46,0.01,65,152490,买盘
2046,10:05:33,23.45,-0.01,58,136010,卖盘
2047,10:05:30,23.46,--,31,72726,买盘
2048,10:05:27,23.46,--,42,98532,买盘
2049,10:05:24,23.46,--,27,63342,卖盘
2050,10:05:09,23.46,--,29,68034,买盘
2051,10:05:06,23.46,0.01,21,49266,买盘
2052,10:05:00,23.45,-0.01,12,28140,卖盘
2053,10:04:45,23.46,--,21,49266,买盘
2054,10:04:39,23.46,--,10,23460,买盘
2055,10:04:36,23.46,-0.01,73,171258,卖盘
2056,10:04:27,23.47,--,22,51634,买盘
2057,10:04:18,23.47,--,3,7041,买盘
2058,10:04:15,23.47,--,23,53981,卖盘
2059,10:04:06,23.47,0.01,21,49287,中性盘
2060,10:03:57,23.46,--,2,4692,卖盘
2061,10:03:54,23.46,--,2,4692,卖盘
2062,10:03:51,23.46,--,51,119646,卖盘
2063,10:03:39,23.46,-0.02,20,46920,卖盘
2064,10:03:36,23.48,--,2,4696,买盘
2065,10:03:27,23.48,--,5,11740,买盘
2066,10:03:24,23.48,0.01,30,70440,买盘
2067,10:03:09,23.47,--,4,9388,买盘
2068,10:03:06,23.47,-0.01,21,49287,卖盘
2069,10:03:03,23.48,0.02,1,2348,买盘
2070,10:02:39,23.46,0.01,18,42228,买盘
2071,10:02:36,23.45,-0.01,10,23450,卖盘
2072,10:02:27,23.46,0.01,13,30498,买盘
2073,10:02:24,23.45,-0.01,210,492450,卖盘
2074,10:02:21,23.46,--,7,16422,买盘
2075,10:02:18,23.46,--,21,49266,买盘
2076,10:02:06,23.46,--,4,9384,买盘
2077,10:02:03,23.46,--,10,23460,买盘
2078,10:01:57,23.46,--,51,119646,买盘
2079,10:01:54,23.46,--,2,4692,买盘
2080,10:01:48,23.46,--,21,49266,卖盘
2081,10:01:45,23.46,-0.02,3,7038,卖盘
2082,10:01:42,23.48,0.03,5,11740,买盘
2083,10:01:36,23.45,--,1,2345,卖盘
2084,10:01:33,23.45,0.01,4,9380,中性盘
2085,10:01:24,23.44,-0.03,200,468800,卖盘
2086,10:01:21,23.47,0.02,51,121152,买盘
2087,10:01:18,23.45,0.01,40,93800,买盘
2088,10:01:15,23.44,-0.01,20,46880,卖盘
2089,10:01:12,23.45,0.01,5,11725,买盘
2090,10:01:06,23.44,-0.01,33,77352,卖盘
2091,10:01:03,23.45,--,6,14070,买盘
2092,10:00:57,23.45,--,22,51590,买盘
2093,10:00:54,23.45,-0.01,623,1461826,卖盘
2094,10:00:48,23.46,--,156,365976,卖盘
2095,10:00:42,23.46,--,60,140760,卖盘
2096,10:00:39,23.46,--,92,216793,买盘
2097,10:00:24,23.46,--,87,205486,卖盘
2098,10:00:21,23.46,-0.02,105,247291,卖盘
2099,10:00:18,23.48,-0.01,21,49308,买盘
2100,10:00:06,23.49,0.01,104,244295,买盘
2101,10:00:03,23.48,-0.01,18,42264,卖盘
2102,09:59:57,23.49,0.01,41,96309,买盘
2103,09:59:48,23.48,--,1,2348,卖盘
2104,09:59:39,23.48,0.01,4,9392,买盘
2105,09:59:27,23.47,--,28,65716,买盘
2106,09:59:24,23.47,0.01,10,23470,买盘
2107,09:59:18,23.46,-0.01,40,93840,卖盘
2108,09:59:15,23.47,--,14,32858,买盘
2109,09:59:12,23.47,--,2,4694,买盘
2110,09:59:03,23.47,--,12,28164,买盘
2111,09:59:00,23.47,--,5,11735,买盘
2112,09:58:57,23.47,0.01,20,46940,买盘
2113,09:58:51,23.46,-0.01,4,9384,卖盘
2114,09:58:45,23.47,--,106,248782,买盘
2115,09:58:42,23.47,0.01,8,18776,买盘
2116,09:58:39,23.46,--,219,513774,卖盘
2117,09:58:36,23.46,--,11,25806,卖盘
2118,09:58:30,23.46,-0.01,5,11730,卖盘
2119,09:58:27,23.47,--,15,35205,买盘
2120,09:58:24,23.47,--,6,14082,买盘
2121,09:58:18,23.47,--,49,115003,卖盘
2122,09:58:12,23.47,--,110,258170,卖盘
2123,09:58:03,23.47,-0.01,14,32858,卖盘
2124,09:58:00,23.48,0.01,14,32872,买盘
2125,09:57:57,23.47,--,24,56328,卖盘
2126,09:57:51,23.47,--,18,42246,卖盘
2127,09:57:45,23.47,--,1,2347,卖盘
2128,09:57:39,23.47,-0.01,54,126738,卖盘
2129,09:57:18,23.48,0.01,19,44612,买盘
2130,09:57:09,23.47,0.01,40,93880,买盘
2131,09:57:00,23.46,-0.01,3,7038,卖盘
2132,09:56:57,23.47,--,58,136126,买盘
2133,09:56:54,23.47,--,10,23470,买盘
2134,09:56:51,23.47,--,60,140820,买盘
2135,09:56:45,23.47,0.01,2,4694,买盘
2136,09:56:42,23.46,-0.01,12,28152,卖盘
2137,09:56:39,23.47,--,21,49287,买盘
2138,09:56:30,23.47,-0.01,40,93880,卖盘
2139,09:56:24,23.48,--,20,46960,买盘
2140,09:56:18,23.48,--,31,72788,买盘
2141,09:56:15,23.48,--,10,23480,买盘
2142,09:56:09,23.48,--,11,25828,买盘
2143,09:56:03,23.48,--,1,2348,买盘
2144,09:55:54,23.48,--,5,11740,买盘
2145,09:55:39,23.48,0.01,26,61048,买盘
2146,09:55:36,23.47,-0.01,10,23470,卖盘
2147,09:55:30,23.48,--,10,23480,买盘
2148,09:55:27,23.48,--,70,164360,买盘
2149,09:55:24,23.48,0.01,5,11740,买盘
2150,09:55:21,23.47,--,12,28164,卖盘
2151,09:55:18,23.47,0.01,6,14082,中性盘
2152,09:55:06,23.46,-0.01,55,129030,卖盘
2153,09:55:03,23.47,-0.01,9,21123,卖盘
2154,09:55:00,23.48,--,17,39916,卖盘
2155,09:54:57,23.48,0.01,3,7044,买盘
2156,09:54:54,23.47,--,3,7041,卖盘
2157,09:54:51,23.47,0.01,1,2347,中性盘
2158,09:54:39,23.46,-0.01,166,389436,卖盘
2159,09:54:36,23.47,--,4,9388,卖盘
2160,09:54:33,23.47,--,13,30511,买盘
2161,09:54:27,23.47,--,17,39899,买盘
2162,09:54:21,23.47,-0.01,22,51634,卖盘
2163,09:54:18,23.48,-0.01,5,11740,买盘
2164,09:54:06,23.49,--,9,21141,卖盘
2165,09:54:00,23.49,0.02,491,1153359,买盘
2166,09:53:57,23.47,-0.01,187,438889,卖盘
2167,09:53:54,23.48,0.01,13,30524,买盘
2168,09:53:45,23.47,-0.02,3,7041,卖盘
2169,09:53:39,23.49,0.01,20,46980,买盘
2170,09:53:33,23.48,0.01,6,14088,买盘
2171,09:53:30,23.47,-0.02,102,239394,卖盘
2172,09:53:24,23.49,--,30,70470,买盘
2173,09:53:21,23.49,0.01,95,223154,买盘
2174,09:53:18,23.48,--,28,65744,买盘
2175,09:53:12,23.48,--,70,164360,卖盘
2176,09:53:09,23.48,--,116,272368,卖盘
2177,09:53:06,23.48,--,10,23480,卖盘
2178,09:53:03,23.48,-0.01,13,30524,卖盘
2179,09:53:00,23.49,0.01,5,11745,买盘
2180,09:52:57,23.48,-0.01,68,159664,卖盘
2181,09:52:51,23.49,0.01,10,23490,买盘
2182,09:52:39,23.48,-0.01,2,4696,卖盘
2183,09:52:36,23.49,--,21,49329,买盘
2184,09:52:27,23.49,--,11,25839,买盘
2185,09:52:24,23.49,--,57,133893,买盘
2186,09:52:21,23.49,--,21,49329,买盘
2187,09:52:15,23.49,-0.01,41,96309,中性盘
2188,09:52:09,23.5,--,119,279650,买盘
2189,09:52:06,23.5,0.01,7,16450,买盘
2190,09:52:03,23.49,--,49,115100,卖盘
2191,09:52:00,23.49,-0.01,1,2349,卖盘
2192,09:51:57,23.5,--,23,54050,买盘
2193,09:51:42,23.5,--,8,18800,买盘
2194,09:51:39,23.5,--,10,23500,买盘
2195,09:51:36,23.5,0.01,21,49350,买盘
2196,09:51:33,23.49,--,2,4698,卖盘
2197,09:51:21,23.49,--,5,11745,卖盘
2198,09:51:18,23.49,--,5,11745,卖盘
2199,09:51:15,23.49,--,223,523826,买盘
2200,09:51:12,23.49,--,5,11745,买盘
2201,09:51:06,23.49,--,4,9396,买盘
2202,09:51:03,23.49,--,12,28187,买盘
2203,09:50:57,23.49,--,21,49329,买盘
2204,09:50:54,23.49,--,2,4698,买盘
2205,09:50:51,23.49,--,49,115100,卖盘
2206,09:50:45,23.49,--,4,9396,买盘
2207,09:50:42,23.49,0.01,18,42282,买盘
2208,09:50:24,23.48,-0.01,2,4696,卖盘
2209,09:50:21,23.49,--,2,4698,买盘
2210,09:50:18,23.49,--,35,82215,买盘
2211,09:50:12,23.49,--,16,37584,买盘
2212,09:50:09,23.49,-0.01,50,117449,卖盘
2213,09:50:06,23.5,--,3,7050,买盘
2214,09:50:03,23.5,0.01,1,2350,买盘
2215,09:49:57,23.49,-0.01,21,49329,卖盘
2216,09:49:54,23.5,--,2,4700,买盘
2217,09:49:42,23.5,0.01,30,70500,买盘
2218,09:49:39,23.49,-0.01,30,70470,卖盘
2219,09:49:33,23.5,--,36,84600,买盘
2220,09:49:30,23.5,--,1,2350,买盘
2221,09:49:24,23.5,--,11,25850,买盘
2222,09:49:21,23.5,--,9,21150,买盘
2223,09:49:18,23.5,--,33,77550,买盘
2224,09:49:09,23.5,--,2,4700,买盘
2225,09:49:06,23.5,0.01,500,1175000,买盘
2226,09:49:03,23.49,0.01,10,23490,买盘
2227,09:48:51,23.48,-0.01,50,117400,卖盘
2228,09:48:48,23.49,--,63,147987,买盘
2229,09:48:42,23.49,0.01,5,11745,买盘
2230,09:48:39,23.48,--,101,237148,买盘
2231,09:48:36,23.48,0.01,1,2348,买盘
2232,09:48:33,23.47,-0.01,5,11735,卖盘
2233,09:48:30,23.48,--,2,4696,买盘
2234,09:48:27,23.48,--,262,615176,买盘
2235,09:48:24,23.48,--,55,129140,买盘
2236,09:48:18,23.48,0.01,29,68092,买盘
2237,09:48:12,23.47,--,7,16429,卖盘
2238,09:48:09,23.47,-0.01,100,234700,卖盘
2239,09:48:06,23.48,--,5,11740,买盘
2240,09:48:03,23.48,0.01,1,2348,买盘
2241,09:47:54,23.47,--,77,180719,买盘
2242,09:47:51,23.47,--,5,11735,买盘
2243,09:47:48,23.47,0.01,56,131432,买盘
2244,09:47:45,23.46,-0.01,1,2346,卖盘
2245,09:47:39,23.47,0.01,22,51634,买盘
2246,09:47:30,23.46,--,5,11730,卖盘
2247,09:47:27,23.46,--,50,117300,卖盘
2248,09:47:18,23.46,0.01,18,42228,买盘
2249,09:47:15,23.45,--,88,206852,卖盘
2250,09:47:06,23.45,--,15,35175,卖盘
2251,09:46:57,23.45,-0.01,2,4690,卖盘
2252,09:46:54,23.46,0.01,8,18768,买盘
2253,09:46:45,23.45,-0.01,1,2345,中性盘
2254,09:46:39,23.46,0.01,200,469200,买盘
2255,09:46:36,23.45,--,30,70350,买盘
2256,09:46:33,23.45,--,1,2345,买盘
2257,09:46:30,23.45,--,10,23450,买盘
2258,09:46:27,23.45,--,3,7035,买盘
2259,09:46:24,23.45,--,28,67512,卖盘
2260,09:46:18,23.45,--,16,38012,买盘
2261,09:46:15,23.45,--,3,7035,买盘
2262,09:46:12,23.45,--,40,93800,买盘
2263,09:46:03,23.45,--,48,112560,买盘
2264,09:46:00,23.45,--,28,67512,卖盘
2265,09:45:57,23.45,--,7,16415,卖盘
2266,09:45:54,23.45,-0.01,19,44555,卖盘
2267,09:45:48,23.46,0.01,48,112608,买盘
2268,09:45:42,23.45,-0.01,1500,3517500,卖盘
2269,09:45:39,23.46,0.01,5,11730,买盘
2270,09:45:36,23.45,-0.01,5,11725,卖盘
2271,09:45:30,23.46,--,4,9384,买盘
2272,09:45:27,23.46,0.01,18,42228,买盘
2273,09:45:24,23.45,--,113,264985,卖盘
2274,09:45:21,23.45,-0.01,1,2345,卖盘
2275,09:45:18,23.46,0.01,68,159528,买盘
2276,09:45:15,23.45,--,20,46900,卖盘
2277,09:45:09,23.45,-0.01,17,39865,卖盘
2278,09:45:03,23.46,--,1,2346,买盘
2279,09:44:57,23.46,0.01,11,25806,买盘
2280,09:44:54,23.45,-0.01,424,994772,卖盘
2281,09:44:51,23.46,--,19,44574,买盘
2282,09:44:48,23.46,--,34,79764,买盘
2283,09:44:45,23.46,--,10,23460,买盘
2284,09:44:42,23.46,--,39,91494,买盘
2285,09:44:36,23.46,0.01,28,65688,买盘
2286,09:44:33,23.45,-0.01,9,21105,卖盘
2287,09:44:30,23.46,0.01,85,199410,买盘
2288,09:44:21,23.45,--,10,23450,买盘
2289,09:44:18,23.45,--,41,96145,买盘
2290,09:44:15,23.45,0.01,13,30485,买盘
2291,09:44:09,23.44,-0.01,1,2344,卖盘
2292,09:43:57,23.45,--,5,11725,买盘
2293,09:43:54,23.45,-0.01,59,138355,卖盘
2294,09:43:51,23.46,--,10,23460,买盘
2295,09:43:48,23.46,0.01,29,68034,买盘
2296,09:43:45,23.45,--,5,11725,卖盘
2297,09:43:42,23.45,--,1,2345,卖盘
2298,09:43:39,23.45,--,1,2345,卖盘
2299,09:43:36,23.45,-0.01,32,75040,卖盘
2300,09:43:33,23.46,0.01,1,2346,买盘
2301,09:43:30,23.45,--,14,32830,卖盘
2302,09:43:27,23.45,-0.01,2,4690,卖盘
2303,09:43:24,23.46,--,1,2346,买盘
2304,09:43:18,23.46,--,28,65688,买盘
2305,09:43:15,23.46,-0.02,307,720222,卖盘
2306,09:43:12,23.48,--,13,30524,买盘
2307,09:43:06,23.48,-0.01,55,129163,卖盘
2308,09:43:03,23.49,--,6,14093,买盘
2309,09:42:57,23.49,0.01,56,131544,买盘
2310,09:42:54,23.48,--,14,32872,卖盘
2311,09:42:48,23.48,0.01,7,18760,买盘
2312,09:42:39,23.47,--,142,333274,买盘
2313,09:42:33,23.47,--,24,56328,买盘
2314,09:42:30,23.47,--,145,340315,卖盘
2315,09:42:27,23.47,-0.01,1,2347,卖盘
2316,09:42:24,23.48,--,6,14088,买盘
2317,09:42:21,23.48,0.01,122,286456,买盘
2318,09:42:12,23.47,--,4,9388,买盘
2319,09:42:06,23.47,--,6,14082,卖盘
2320,09:42:03,23.47,0.01,5,11735,中性盘
2321,09:41:54,23.46,--,17,39882,卖盘
2322,09:41:51,23.46,-0.01,24,56304,卖盘
2323,09:41:48,23.47,0.01,30,70410,买盘
2324,09:41:42,23.46,--,6,14076,卖盘
2325,09:41:39,23.46,-0.01,27,63342,卖盘
2326,09:41:33,23.47,--,2,4694,买盘
2327,09:41:30,23.47,0.01,13,30511,买盘
2328,09:41:27,23.46,--,5,11730,卖盘
2329,09:41:21,23.46,--,10,23460,卖盘
2330,09:41:15,23.46,--,5,11730,卖盘
2331,09:41:12,23.46,0.01,61,143106,买盘
2332,09:41:09,23.45,-0.01,100,234500,卖盘
2333,09:41:03,23.46,--,2,4692,买盘
2334,09:41:00,23.46,-0.01,6,14076,卖盘
2335,09:40:54,23.47,--,8,18776,买盘
2336,09:40:51,23.47,--,25,58675,买盘
2337,09:40:48,23.47,--,29,68063,买盘
2338,09:40:42,23.47,0.01,1,2347,买盘
2339,09:40:33,23.46,--,1,2346,买盘
2340,09:40:30,23.46,0.01,11,25806,买盘
2341,09:40:24,23.45,0.01,1,2345,中性盘
2342,09:40:15,23.44,--,1,2344,卖盘
2343,09:40:09,23.44,0.01,20,46880,中性盘
2344,09:39:57,23.43,-0.04,2,4686,卖盘
2345,09:39:54,23.47,0.03,4,9388,买盘
2346,09:39:51,23.44,--,2,4688,买盘
2347,09:39:48,23.44,--,47,110168,买盘
2348,09:39:45,23.44,-0.03,149,349256,卖盘
2349,09:39:33,23.47,--,1,2347,买盘
2350,09:39:30,23.47,--,11,25817,卖盘
2351,09:39:27,23.47,-0.01,5,11735,卖盘
2352,09:39:24,23.48,--,5,11740,买盘
2353,09:39:21,23.48,--,13,30524,买盘
2354,09:39:18,23.48,--,28,65744,买盘
2355,09:39:12,23.48,--,122,286479,卖盘
2356,09:39:09,23.48,--,3,7044,卖盘
2357,09:39:06,23.48,--,35,82180,卖盘
2358,09:39:03,23.48,-0.01,21,49308,卖盘
2359,09:39:00,23.49,--,11,25839,买盘
2360,09:38:54,23.49,--,23,54027,卖盘
2361,09:38:51,23.49,--,3,7046,卖盘
2362,09:38:48,23.49,0.01,7,16443,中性盘
2363,09:38:45,23.48,-0.02,13,30524,卖盘
2364,09:38:42,23.5,--,10,23500,买盘
2365,09:38:39,23.5,0.01,10,23500,买盘
2366,09:38:36,23.49,--,14,32886,卖盘
2367,09:38:33,23.49,--,5,11745,卖盘
2368,09:38:30,23.49,--,15,35235,卖盘
2369,09:38:24,23.49,--,10,23490,卖盘
2370,09:38:21,23.49,-0.02,4,9396,卖盘
2371,09:38:18,23.51,--,6,14106,卖盘
2372,09:38:15,23.51,0.03,4,9404,买盘
2373,09:38:12,23.48,--,771,1810308,卖盘
2374,09:37:54,23.48,0.01,467,1098840,买盘
2375,09:37:51,23.47,-0.01,1,2347,卖盘
2376,09:37:48,23.48,--,29,68092,买盘
2377,09:37:42,23.48,--,4,9392,买盘
2378,09:37:39,23.48,-0.04,1998,4691327,卖盘
2379,09:37:36,23.52,--,51,119952,买盘
2380,09:37:33,23.52,0.01,1,2352,买盘
2381,09:37:30,23.51,--,5,11755,卖盘
2382,09:37:27,23.51,--,3,7053,卖盘
2383,09:37:18,23.51,0.01,10,23510,买盘
2384,09:37:15,23.5,-0.01,100,235000,卖盘
2385,09:37:12,23.51,--,5,11755,买盘
2386,09:37:06,23.51,-0.02,127,298577,卖盘
2387,09:37:03,23.53,--,1,2353,买盘
2388,09:36:57,23.53,-0.01,2,4706,中性盘
2389,09:36:54,23.54,0.01,129,303666,买盘
2390,09:36:51,23.53,-0.01,29,69178,卖盘
2391,09:36:48,23.54,--,29,68266,买盘
2392,09:36:45,23.54,0.01,5,11770,买盘
2393,09:36:42,23.53,-0.01,60,141180,卖盘
2394,09:36:39,23.54,--,15,35310,买盘
2395,09:36:36,23.54,--,14,32956,买盘
2396,09:36:33,23.54,--,25,58850,买盘
2397,09:36:30,23.54,0.01,20,47080,买盘
2398,09:36:24,23.53,--,5,11765,卖盘
2399,09:36:21,23.53,-0.01,3,7059,卖盘
2400,09:36:18,23.54,0.01,35,82390,卖盘
2401,09:36:15,23.53,-0.01,12,28236,卖盘
2402,09:36:06,23.54,--,62,145948,买盘
2403,09:36:03,23.54,0.01,4,9416,买盘
2404,09:36:00,23.53,--,1,2353,卖盘
2405,09:35:57,23.53,--,3,7059,卖盘
2406,09:35:54,23.53,-0.01,15,35295,卖盘
2407,09:35:51,23.54,0.01,8,18832,买盘
2408,09:35:45,23.53,--,9,22588,买盘
2409,09:35:42,23.53,-0.02,1,2353,买盘
2410,09:35:36,23.55,0.02,171,402705,买盘
2411,09:35:33,23.53,--,14,32942,卖盘
2412,09:35:27,23.53,0.01,3,7059,卖盘
2413,09:35:18,23.52,-0.01,203,477456,中性盘
2414,09:35:12,23.53,0.01,17,40001,买盘
2415,09:35:09,23.52,--,3,7056,卖盘
2416,09:35:06,23.52,--,14,32928,卖盘
2417,09:35:03,23.52,0.02,2,4704,买盘
2418,09:35:00,23.5,--,10,23500,卖盘
2419,09:34:57,23.5,--,10,23500,卖盘
2420,09:34:51,23.5,--,5,11750,买盘
2421,09:34:48,23.5,-0.02,96,225600,卖盘
2422,09:34:45,23.52,0.02,15,35280,买盘
2423,09:34:42,23.5,--,9,21150,卖盘
2424,09:34:39,23.5,--,4,9400,卖盘
2425,09:34:36,23.5,-0.03,17,39950,卖盘
2426,09:34:33,23.53,--,4,9412,买盘
2427,09:34:24,23.53,--,33,77649,买盘
2428,09:34:21,23.53,-0.02,55,129415,卖盘
2429,09:34:15,23.55,--,112,263760,买盘
2430,09:34:12,23.55,--,5,11775,买盘
2431,09:34:09,23.55,--,1178,2774872,卖盘
2432,09:34:06,23.55,--,107,251985,卖盘
2433,09:34:03,23.55,-0.01,21,49455,卖盘
2434,09:33:57,23.56,--,294,692664,买盘
2435,09:33:54,23.56,0.01,34,80104,买盘
2436,09:33:51,23.55,-0.01,35,82425,卖盘
2437,09:33:48,23.56,0.01,6,14136,买盘
2438,09:33:45,23.55,--,8,18840,卖盘
2439,09:33:42,23.55,--,21,49455,卖盘
2440,09:33:39,23.55,-0.01,154,364342,卖盘
2441,09:33:36,23.56,0.01,6,14136,买盘
2442,09:33:33,23.55,--,12,28260,卖盘
2443,09:33:30,23.55,-0.01,54,127170,卖盘
2444,09:33:24,23.56,0.01,46,108376,买盘
2445,09:33:21,23.55,-0.01,17,40035,卖盘
2446,09:33:18,23.56,--,30,70680,卖盘
2447,09:33:15,23.56,--,1,2356,卖盘
2448,09:33:12,23.56,-0.01,12,28272,卖盘
2449,09:33:09,23.57,--,10,23570,买盘
2450,09:33:06,23.57,--,12,28284,卖盘
2451,09:33:03,23.57,--,11,25927,卖盘
2452,09:32:57,23.57,0.02,136,320552,买盘
2453,09:32:54,23.55,-0.01,10,23550,卖盘
2454,09:32:51,23.56,0.01,4,9424,买盘
2455,09:32:45,23.55,0.02,236,555780,买盘
2456,09:32:42,23.53,0.03,12,28236,买盘
2457,09:32:39,23.5,--,19,44650,卖盘
2458,09:32:33,23.5,0.01,24,56400,买盘
2459,09:32:27,23.49,--,32,75168,卖盘
2460,09:32:21,23.49,-0.04,20,46980,卖盘
2461,09:32:18,23.53,-0.01,22,51766,买盘
2462,09:32:15,23.54,-0.01,5,11770,中性盘
2463,09:32:12,23.55,0.01,2026,4771230,买盘
2464,09:32:06,23.54,0.05,94,221276,买盘
2465,09:32:03,23.49,-0.05,27,63422,卖盘
2466,09:31:57,23.54,--,3,7062,买盘
2467,09:31:54,23.54,0.03,156,367224,买盘
2468,09:31:51,23.51,-0.04,16,37616,卖盘
2469,09:31:48,23.55,--,614,1445970,卖盘
2470,09:31:45,23.55,-0.01,529,1245795,卖盘
2471,09:31:42,23.56,0.01,15,35340,买盘
2472,09:31:36,23.55,--,76,178980,卖盘
2473,09:31:33,23.55,--,101,237855,卖盘
2474,09:31:27,23.55,0.05,733,1726215,买盘
2475,09:31:24,23.5,--,12,28200,买盘
2476,09:31:15,23.5,-0.01,10,23500,卖盘
2477,09:31:12,23.51,--,4,9404,买盘
2478,09:31:09,23.51,0.02,80,188080,买盘
2479,09:31:06,23.49,0.01,37,86913,买盘
2480,09:31:03,23.48,--,38,89224,卖盘
2481,09:31:00,23.48,--,12,28176,卖盘
2482,09:30:57,23.48,--,4,9392,卖盘
2483,09:30:54,23.48,0.01,118,279388,买盘
2484,09:30:51,23.47,0.01,24,58534,买盘
2485,09:30:45,23.46,-0.01,8,18768,卖盘
2486,09:30:42,23.47,--,14,32858,买盘
2487,09:30:39,23.47,-0.01,15,35205,买盘
2488,09:30:33,23.48,0.03,20,46960,买盘
2489,09:30:30,23.45,-0.01,35,82075,卖盘
2490,09:30:27,23.46,--,22,51612,买盘
2491,09:30:24,23.46,-0.02,25,58650,买盘
2492,09:30:21,23.48,--,4,9392,买盘
2493,09:30:18,23.48,0.01,20,46960,买盘
2494,09:30:12,23.47,0.04,12,28164,买盘
2495,09:30:09,23.43,-0.02,80,187440,卖盘
2496,09:30:06,23.45,--,21,49245,卖盘
2497,09:30:03,23.45,0.02,88,206360,买盘
2498,09:30:00,23.43,--,0,0,买盘
2499,09:25:03,23.43,23.43,369,864567,买盘
