,time,price,change,volume,amount,type
0,15:00:03,21.78,-0.01,1212,2639736,卖盘
1,14:57:00,21.79,--,7,15253,买盘
2,14:56:57,21.79,0.01,42,91518,买盘
3,14:56:54,21.78,--,5,10890,卖盘
4,14:56:51,21.78,--,13,28314,卖盘
5,14:56:48,21.78,--,2,4356,卖盘
6,14:56:45,21.78,--,24,52272,卖盘
7,14:56:42,21.78,-0.01,3,6534,卖盘
8,14:56:39,21.79,0.01,2,4358,买盘
9,14:56:36,21.78,--,210,457380,卖盘
10,14:56:33,21.78,-0.01,12,26136,卖盘
11,14:56:30,21.79,--,8,17432,买盘
12,14:56:27,21.79,--,42,91518,买盘
13,14:56:24,21.79,--,117,254943,买盘
14,14:56:21,21.79,--,14,31028,卖盘
15,14:56:18,21.79,--,10,21790,卖盘
16,14:56:15,21.79,--,6,13074,卖盘
17,14:56:12,21.79,--,28,61012,卖盘
18,14:56:09,21.79,--,10,23446,买盘
19,14:56:06,21.79,-0.01,47,102935,卖盘
20,14:56:03,21.8,0.01,14,31610,买盘
21,14:56:00,21.79,--,14,30506,卖盘
22,14:55:57,21.79,-0.01,16,34864,卖盘
23,14:55:54,21.8,--,73,161298,买盘
24,14:55:51,21.8,0.01,48,104640,买盘
25,14:55:48,21.79,-0.01,69,150351,卖盘
26,14:55:45,21.8,0.01,129,281220,买盘
27,14:55:42,21.79,-0.01,16,34864,卖盘
28,14:55:39,21.8,0.01,75,163500,买盘
29,14:55:33,21.79,-0.01,10,21790,卖盘
30,14:55:30,21.8,0.01,143,311740,买盘
31,14:55:27,21.79,--,42,91518,卖盘
32,14:55:24,21.79,-0.01,53,115487,卖盘
33,14:55:21,21.8,0.01,100,218000,买盘
34,14:55:18,21.79,-0.01,29,63191,卖盘
35,14:55:15,21.8,0.01,40,87200,买盘
36,14:55:12,21.79,--,11,23969,卖盘
37,14:55:09,21.79,--,10,21790,卖盘
38,14:55:06,21.79,-0.01,21,45759,卖盘
39,14:55:03,21.8,0.01,156,340080,买盘
40,14:55:00,21.79,--,13,28327,卖盘
41,14:54:57,21.79,--,108,235332,卖盘
42,14:54:54,21.79,-0.01,4,8716,卖盘
43,14:54:51,21.8,--,14,30520,买盘
44,14:54:48,21.8,--,266,579880,买盘
45,14:54:45,21.8,--,3,7630,买盘
46,14:54:42,21.8,0.01,4,8720,买盘
47,14:54:39,21.79,-0.01,15,32685,卖盘
48,14:54:36,21.8,--,18,39240,买盘
49,14:54:33,21.8,--,54,117720,买盘
50,14:54:30,21.8,0.01,4,8720,买盘
51,14:54:27,21.79,--,16,34864,卖盘
52,14:54:24,21.79,-0.01,174,379146,卖盘
53,14:54:18,21.8,--,35,76300,买盘
54,14:54:15,21.8,--,187,407660,买盘
55,14:54:09,21.8,0.01,3,6540,买盘
56,14:54:06,21.79,--,16,34864,卖盘
57,14:54:03,21.79,--,2,4358,卖盘
58,14:53:57,21.79,-0.01,184,400936,卖盘
59,14:53:54,21.8,--,2,4360,买盘
60,14:53:51,21.8,0.01,32,69760,买盘
61,14:53:48,21.79,-0.01,20,43580,卖盘
62,14:53:45,21.8,--,64,139520,买盘
63,14:53:42,21.8,--,49,106820,卖盘
64,14:53:39,21.8,--,54,117720,买盘
65,14:53:36,21.8,0.01,14,30520,买盘
66,14:53:33,21.79,--,11,23969,卖盘
67,14:53:30,21.79,-0.01,1,2179,卖盘
68,14:53:24,21.8,--,56,122080,买盘
69,14:53:21,21.8,0.01,6,13080,买盘
70,14:53:18,21.79,--,12,26148,卖盘
71,14:53:15,21.79,--,39,84981,卖盘
72,14:53:09,21.79,--,44,97553,卖盘
73,14:53:06,21.79,-0.01,123,268017,卖盘
74,14:53:03,21.8,0.01,58,126440,买盘
75,14:53:00,21.79,-0.01,61,132919,卖盘
76,14:52:57,21.8,--,10,21800,买盘
77,14:52:54,21.8,--,8,17440,买盘
78,14:52:51,21.8,0.01,34,74120,买盘
79,14:52:45,21.79,--,18,39222,卖盘
80,14:52:39,21.79,--,1,2179,卖盘
81,14:52:33,21.79,--,9,19611,卖盘
82,14:52:30,21.79,-0.01,8,17432,卖盘
83,14:52:21,21.8,--,52,113360,买盘
84,14:52:18,21.8,--,20,43600,买盘
85,14:52:15,21.8,--,17,37060,买盘
86,14:52:12,21.8,--,5,10900,买盘
87,14:52:09,21.8,--,130,283901,卖盘
88,14:52:06,21.8,-0.01,11,23980,卖盘
89,14:52:03,21.81,--,100,218100,买盘
90,14:52:00,21.81,--,24,52344,买盘
91,14:51:57,21.81,--,15,32714,买盘
92,14:51:54,21.81,0.01,23,50163,买盘
93,14:51:51,21.8,-0.01,34,74120,卖盘
94,14:51:48,21.81,--,20,43620,买盘
95,14:51:39,21.81,0.01,23,50163,买盘
96,14:51:36,21.8,-0.01,9,19620,卖盘
97,14:51:33,21.81,--,12,26172,买盘
98,14:51:27,21.81,--,56,122136,买盘
99,14:51:21,21.81,--,5,10905,买盘
100,14:51:18,21.81,0.01,19,41439,买盘
101,14:51:15,21.8,-0.01,3,6540,卖盘
102,14:51:12,21.81,0.01,4,8724,买盘
103,14:51:09,21.8,--,50,109000,卖盘
104,14:51:06,21.8,-0.01,10,21800,卖盘
105,14:51:03,21.81,--,170,370770,买盘
106,14:51:00,21.81,--,187,407847,买盘
107,14:50:57,21.81,0.01,24,52344,买盘
108,14:50:54,21.8,--,4,8720,卖盘
109,14:50:48,21.8,--,72,156960,卖盘
110,14:50:45,21.8,--,5,10900,卖盘
111,14:50:42,21.8,--,98,215318,买盘
112,14:50:39,21.8,--,5,10900,买盘
113,14:50:36,21.8,--,137,298660,买盘
114,14:50:33,21.8,--,10,21800,买盘
115,14:50:30,21.8,--,44,95920,买盘
116,14:50:18,21.8,--,2,4360,买盘
117,14:50:12,21.8,0.01,33,71940,买盘
118,14:50:09,21.79,--,61,132919,卖盘
119,14:50:06,21.79,--,52,113308,卖盘
120,14:50:03,21.79,--,15,32685,卖盘
121,14:49:57,21.79,--,37,80623,卖盘
122,14:49:51,21.79,--,1,2179,卖盘
123,14:49:48,21.79,--,10,21790,卖盘
124,14:49:45,21.79,--,15,32685,卖盘
125,14:49:42,21.79,--,7,15253,卖盘
126,14:49:39,21.79,--,8,17432,卖盘
127,14:49:36,21.79,-0.01,17,37043,卖盘
128,14:49:33,21.8,--,20,43600,买盘
129,14:49:30,21.8,0.01,22,47960,买盘
130,14:49:21,21.79,-0.01,1,2179,卖盘
131,14:49:18,21.8,--,2,4360,买盘
132,14:49:15,21.8,0.01,23,50140,买盘
133,14:49:12,21.79,-0.01,10,21790,卖盘
134,14:49:09,21.8,0.01,12,26160,买盘
135,14:49:06,21.79,--,1,2179,卖盘
136,14:49:03,21.79,-0.01,19,41401,卖盘
137,14:49:00,21.8,--,45,98100,买盘
138,14:48:57,21.8,0.01,5,10900,买盘
139,14:48:51,21.79,--,23,50117,卖盘
140,14:48:48,21.79,--,1,2179,卖盘
141,14:48:45,21.79,--,1,2179,卖盘
142,14:48:42,21.79,--,12,26148,卖盘
143,14:48:33,21.79,--,63,137277,买盘
144,14:48:30,21.79,--,5,10895,买盘
145,14:48:27,21.79,--,21,45759,买盘
146,14:48:24,21.79,-0.01,19,41401,卖盘
147,14:48:21,21.8,0.02,2,4360,买盘
148,14:48:12,21.78,-0.01,20,43560,卖盘
149,14:48:09,21.79,0.01,24,52361,卖盘
150,14:48:06,21.78,-0.02,19,41382,卖盘
151,14:48:03,21.8,0.01,188,409840,买盘
152,14:48:00,21.79,--,7,15253,买盘
153,14:47:57,21.79,0.01,13,28327,买盘
154,14:47:48,21.78,--,15,32670,卖盘
155,14:47:45,21.78,-0.01,21,45738,卖盘
156,14:47:42,21.79,--,12,26148,买盘
157,14:47:39,21.79,--,8,17432,买盘
158,14:47:36,21.79,--,2,4358,买盘
159,14:47:33,21.79,--,21,45759,买盘
160,14:47:27,21.79,--,10,21790,买盘
161,14:47:21,21.79,--,20,43580,买盘
162,14:47:18,21.79,--,84,184125,卖盘
163,14:47:15,21.79,--,12,26148,卖盘
164,14:47:12,21.79,-0.01,21,45759,卖盘
165,14:47:09,21.8,0.01,157,342260,买盘
166,14:47:06,21.79,--,47,102413,卖盘
167,14:47:03,21.79,-0.01,19,41401,卖盘
168,14:46:57,21.8,0.01,3,6540,买盘
169,14:46:54,21.79,-0.01,60,130740,卖盘
170,14:46:51,21.8,--,109,237620,买盘
171,14:46:48,21.8,0.01,44,95920,买盘
172,14:46:45,21.79,-0.01,5,10895,卖盘
173,14:46:42,21.8,--,98,213640,买盘
174,14:46:39,21.8,0.01,51,111180,买盘
175,14:46:36,21.79,-0.01,31,67549,卖盘
176,14:46:33,21.8,0.01,5,10900,买盘
177,14:46:30,21.79,-0.01,8,17432,卖盘
178,14:46:27,21.8,0.01,29,63220,买盘
179,14:46:21,21.79,--,15,32685,卖盘
180,14:46:15,21.79,--,9,19611,卖盘
181,14:46:12,21.79,--,110,240779,买盘
182,14:46:09,21.79,--,32,69728,买盘
183,14:46:06,21.79,0.01,52,113308,买盘
184,14:46:03,21.78,-0.01,1,2178,卖盘
185,14:46:00,21.79,--,514,1120006,买盘
186,14:45:57,21.79,--,67,145993,买盘
187,14:45:54,21.79,0.01,40,87160,买盘
188,14:45:51,21.78,--,3,6534,卖盘
189,14:45:48,21.78,--,5,10890,卖盘
190,14:45:42,21.78,-0.01,5,10890,卖盘
191,14:45:39,21.79,0.01,14,30506,买盘
192,14:45:30,21.78,-0.01,22,47916,卖盘
193,14:45:24,21.79,0.01,5,10895,买盘
194,14:45:21,21.78,--,11,23958,卖盘
195,14:45:18,21.78,-0.01,11,23958,卖盘
196,14:45:15,21.79,--,20,43580,买盘
197,14:45:12,21.79,0.01,4,8716,买盘
198,14:45:09,21.78,--,50,108900,卖盘
199,14:45:06,21.78,--,2,4356,卖盘
200,14:44:57,21.78,-0.01,3,6534,卖盘
201,14:44:54,21.79,--,10,21790,买盘
202,14:44:51,21.79,--,10,21790,买盘
203,14:44:48,21.79,--,2,4358,买盘
204,14:44:45,21.79,--,58,128495,卖盘
205,14:44:42,21.79,-0.01,50,108950,卖盘
206,14:44:39,21.8,0.01,23,50140,买盘
207,14:44:36,21.79,--,3,6537,卖盘
208,14:44:30,21.79,-0.01,19,41401,卖盘
209,14:44:27,21.8,0.01,39,85020,买盘
210,14:44:24,21.79,-0.01,10,21790,卖盘
211,14:44:09,21.8,0.01,3,6540,中性盘
212,14:44:06,21.79,-0.01,10,21790,卖盘
213,14:44:03,21.8,--,10,21800,卖盘
214,14:44:00,21.8,--,117,255060,卖盘
215,14:43:57,21.8,--,15,32700,卖盘
216,14:43:54,21.8,--,12,26160,卖盘
217,14:43:51,21.8,0.01,598,1303640,买盘
218,14:43:48,21.79,--,47,102413,卖盘
219,14:43:45,21.79,--,1,2179,卖盘
220,14:43:42,21.79,--,50,108950,卖盘
221,14:43:36,21.79,--,30,65370,卖盘
222,14:43:33,21.79,--,6,13074,卖盘
223,14:43:24,21.79,0.01,226,492519,买盘
224,14:43:21,21.78,-0.01,15,32670,卖盘
225,14:43:18,21.79,--,142,309418,买盘
226,14:43:15,21.79,--,32,69728,买盘
227,14:43:12,21.79,--,10,21790,买盘
228,14:43:09,21.79,0.01,12,26148,买盘
229,14:43:06,21.78,-0.01,31,67518,卖盘
230,14:43:03,21.79,--,15,32685,买盘
231,14:43:00,21.79,0.01,4,8716,买盘
232,14:42:57,21.78,-0.01,2,4356,卖盘
233,14:42:54,21.79,--,17,37043,买盘
234,14:42:51,21.79,0.01,83,180857,买盘
235,14:42:48,21.78,--,28,60984,卖盘
236,14:42:45,21.78,--,26,56628,卖盘
237,14:42:42,21.78,-0.01,20,43560,卖盘
238,14:42:36,21.79,0.01,13,28327,买盘
239,14:42:30,21.78,-0.01,10,21780,卖盘
240,14:42:27,21.79,--,1,4292,卖盘
241,14:42:24,21.79,-0.01,10,21855,卖盘
242,14:42:18,21.8,0.01,8,17440,买盘
243,14:42:15,21.79,--,13,28327,卖盘
244,14:42:12,21.79,--,15,32685,卖盘
245,14:42:09,21.79,-0.01,12,26148,卖盘
246,14:42:03,21.8,--,20,43600,卖盘
247,14:41:54,21.8,-0.01,75,163500,卖盘
248,14:41:48,21.81,--,15,32714,卖盘
249,14:41:45,21.81,-0.01,15,32714,卖盘
250,14:41:42,21.82,0.01,1,2182,买盘
251,14:41:39,21.81,--,75,163575,卖盘
252,14:41:33,21.81,--,1,2181,中性盘
253,14:41:30,21.81,-0.01,50,109050,卖盘
254,14:41:27,21.82,--,25,54986,卖盘
255,14:41:24,21.82,-0.01,60,130920,卖盘
256,14:41:21,21.83,0.01,21,45843,买盘
257,14:41:15,21.82,--,5,10910,卖盘
258,14:41:09,21.82,--,16,36657,买盘
259,14:41:03,21.82,-0.02,102,224309,卖盘
260,14:41:00,21.84,0.01,28,61152,买盘
261,14:40:57,21.83,--,17,37111,卖盘
262,14:40:54,21.83,--,2,4366,卖盘
263,14:40:51,21.83,--,208,454937,买盘
264,14:40:48,21.83,0.01,25,54574,买盘
265,14:40:45,21.82,-0.01,70,152740,卖盘
266,14:40:42,21.83,--,1,2183,买盘
267,14:40:39,21.83,--,61,133163,买盘
268,14:40:36,21.83,--,4,8732,买盘
269,14:40:30,21.83,-0.01,16,34928,卖盘
270,14:40:21,21.84,0.02,35,76440,买盘
271,14:40:18,21.82,-0.01,129,281478,卖盘
272,14:40:15,21.83,0.01,17,37111,买盘
273,14:40:12,21.82,--,139,303298,卖盘
274,14:40:09,21.82,--,43,93826,卖盘
275,14:40:06,21.82,--,15,32730,卖盘
276,14:40:00,21.82,0.01,114,250493,买盘
277,14:39:57,21.81,-0.01,83,181023,卖盘
278,14:39:54,21.82,--,25,54550,买盘
279,14:39:51,21.82,0.01,15,32730,买盘
280,14:39:48,21.81,--,5,10905,卖盘
281,14:39:45,21.81,--,5,10905,卖盘
282,14:39:39,21.81,--,23,50163,买盘
283,14:39:33,21.81,0.01,30,65429,买盘
284,14:39:30,21.8,--,20,43600,卖盘
285,14:39:27,21.8,--,7,15260,卖盘
286,14:39:21,21.8,--,16,34880,卖盘
287,14:39:18,21.8,--,5,10900,卖盘
288,14:39:15,21.8,--,38,82840,卖盘
289,14:39:06,21.8,--,20,43600,卖盘
290,14:39:03,21.8,0.01,129,281917,买盘
291,14:39:00,21.79,--,13,28327,卖盘
292,14:38:57,21.79,--,30,65370,卖盘
293,14:38:54,21.79,--,1,2179,卖盘
294,14:38:51,21.79,--,15,32685,卖盘
295,14:38:48,21.79,--,15,32685,卖盘
296,14:38:33,21.79,--,23,50117,买盘
297,14:38:27,21.79,--,19,41401,买盘
298,14:38:24,21.79,--,3,6537,买盘
299,14:38:21,21.79,--,20,43580,卖盘
300,14:38:18,21.79,-0.01,2,4358,买盘
301,14:38:15,21.8,0.01,47,102460,买盘
302,14:38:12,21.79,0.01,5,10895,买盘
303,14:38:09,21.78,--,51,111078,卖盘
304,14:38:06,21.78,--,25,54450,卖盘
305,14:38:00,21.78,--,10,21780,卖盘
306,14:37:57,21.78,--,10,21780,卖盘
307,14:37:54,21.78,--,11,23958,卖盘
308,14:37:51,21.78,--,63,137214,买盘
309,14:37:39,21.78,--,10,21780,买盘
310,14:37:36,21.78,--,58,126324,卖盘
311,14:37:33,21.78,--,11,23958,卖盘
312,14:37:30,21.78,-0.01,10,21780,卖盘
313,14:37:27,21.79,0.01,12,26148,买盘
314,14:37:24,21.78,-0.01,27,58806,卖盘
315,14:37:21,21.79,--,8,17432,买盘
316,14:37:09,21.79,--,4,8716,卖盘
317,14:37:06,21.79,-0.01,5,10895,卖盘
318,14:36:54,21.8,0.01,6,13080,买盘
319,14:36:51,21.79,-0.01,10,21790,卖盘
320,14:36:48,21.8,--,119,261055,卖盘
321,14:36:45,21.8,-0.02,3,6540,卖盘
322,14:36:39,21.82,--,20,43640,买盘
323,14:36:30,21.82,--,7,15274,卖盘
324,14:36:27,21.82,--,23,50186,卖盘
325,14:36:24,21.82,--,4,8728,卖盘
326,14:36:21,21.82,--,36,78552,卖盘
327,14:36:15,21.82,-0.01,3,6546,卖盘
328,14:36:09,21.83,0.01,14,30561,买盘
329,14:36:06,21.82,--,100,218200,卖盘
330,14:36:03,21.82,-0.01,1,2182,卖盘
331,14:35:57,21.83,-0.01,1,2183,卖盘
332,14:35:54,21.84,--,46,100464,买盘
333,14:35:51,21.84,--,10,21840,买盘
334,14:35:48,21.84,--,1,2184,买盘
335,14:35:45,21.84,--,4,8736,卖盘
336,14:35:42,21.84,--,22,48048,卖盘
337,14:35:39,21.84,--,34,74256,卖盘
338,14:35:33,21.84,-0.01,2,4368,卖盘
339,14:35:30,21.85,--,7,15295,买盘
340,14:35:27,21.85,-0.01,2,4370,中性盘
341,14:35:24,21.86,0.01,12,26232,买盘
342,14:35:21,21.85,-0.01,4,8740,卖盘
343,14:35:18,21.86,0.01,65,142090,买盘
344,14:35:15,21.85,--,33,72105,卖盘
345,14:35:12,21.85,--,3,6555,卖盘
346,14:35:09,21.85,--,14,30590,卖盘
347,14:35:06,21.85,-0.01,23,50255,卖盘
348,14:35:03,21.86,-0.01,8,17488,中性盘
349,14:35:00,21.87,0.02,19,41553,买盘
350,14:34:57,21.85,--,330,721050,卖盘
351,14:34:54,21.85,--,33,72105,卖盘
352,14:34:51,21.85,--,16,34960,卖盘
353,14:34:48,21.85,--,39,85215,卖盘
354,14:34:45,21.85,-0.01,143,312455,卖盘
355,14:34:42,21.86,0.01,46,100556,买盘
356,14:34:39,21.85,--,5,10925,卖盘
357,14:34:36,21.85,--,4,8740,卖盘
358,14:34:33,21.85,--,40,87400,卖盘
359,14:34:30,21.85,--,10,21850,卖盘
360,14:34:27,21.85,--,116,253460,买盘
361,14:34:24,21.85,--,9,19665,买盘
362,14:34:18,21.85,0.02,32,69920,买盘
363,14:34:15,21.83,-0.01,9,19647,卖盘
364,14:34:12,21.84,0.01,4,8736,买盘
365,14:34:09,21.83,0.01,9,19647,中性盘
366,14:34:00,21.82,0.02,62,135284,买盘
367,14:33:54,21.8,-0.03,72,156960,卖盘
368,14:33:51,21.83,0.01,11,24012,买盘
369,14:33:48,21.82,--,42,91644,卖盘
370,14:33:45,21.82,0.01,21,47458,买盘
371,14:33:42,21.81,--,20,43620,卖盘
372,14:33:39,21.81,--,3,6543,卖盘
373,14:33:36,21.81,--,13,28353,卖盘
374,14:33:33,21.81,0.01,5,10905,买盘
375,14:33:30,21.8,-0.01,10,21800,卖盘
376,14:33:27,21.81,0.01,4,8724,买盘
377,14:33:24,21.8,--,5,10900,卖盘
378,14:33:18,21.8,--,3,6540,卖盘
379,14:33:15,21.8,--,268,585330,买盘
380,14:33:12,21.8,--,68,148240,买盘
381,14:33:03,21.8,--,3,6540,买盘
382,14:33:00,21.8,0.01,10,21800,买盘
383,14:32:54,21.79,-0.01,2,4358,中性盘
384,14:32:51,21.8,--,37,80660,卖盘
385,14:32:48,21.8,--,130,283400,卖盘
386,14:32:45,21.8,-0.01,13,28340,卖盘
387,14:32:42,21.81,0.01,173,377313,买盘
388,14:32:39,21.8,--,20,43600,卖盘
389,14:32:36,21.8,-0.01,4,8720,卖盘
390,14:32:30,21.81,--,11,23991,买盘
391,14:32:24,21.81,-0.01,35,76335,卖盘
392,14:32:21,21.82,--,3,6546,买盘
393,14:32:12,21.82,-0.01,1,2182,买盘
394,14:32:09,21.83,--,154,336182,买盘
395,14:32:06,21.83,--,36,78588,卖盘
396,14:32:03,21.83,--,133,290339,卖盘
397,14:32:00,21.83,--,1,2183,卖盘
398,14:31:57,21.83,--,101,220482,卖盘
399,14:31:48,21.83,--,48,104783,卖盘
400,14:31:45,21.83,-0.01,20,43660,卖盘
401,14:31:42,21.84,0.01,14,30576,买盘
402,14:31:36,21.83,-0.01,20,43660,卖盘
403,14:31:33,21.84,--,3,6552,买盘
404,14:31:30,21.84,-0.01,165,360360,卖盘
405,14:31:24,21.85,0.01,9,19665,买盘
406,14:31:21,21.84,-0.01,15,32760,卖盘
407,14:31:18,21.85,--,1,2185,买盘
408,14:31:15,21.85,--,22,48070,买盘
409,14:31:12,21.85,--,30,66642,卖盘
410,14:31:09,21.85,--,80,174800,卖盘
411,14:31:06,21.85,-0.01,200,437000,卖盘
412,14:31:03,21.86,0.01,6,13116,买盘
413,14:30:54,21.85,-0.01,26,56810,卖盘
414,14:30:51,21.86,0.01,30,65580,买盘
415,14:30:48,21.85,--,146,319010,卖盘
416,14:30:45,21.85,-0.01,100,218500,卖盘
417,14:30:42,21.86,--,30,65580,买盘
418,14:30:36,21.86,--,5,10930,买盘
419,14:30:33,21.86,0.01,17,37162,买盘
420,14:30:30,21.85,-0.01,5,10925,卖盘
421,14:30:24,21.86,--,61,133346,卖盘
422,14:30:21,21.86,-0.01,6,13116,卖盘
423,14:30:15,21.87,0.01,87,190269,买盘
424,14:30:12,21.86,--,11,24046,卖盘
425,14:30:09,21.86,--,30,65580,卖盘
426,14:30:06,21.86,--,6,13116,卖盘
427,14:30:03,21.86,--,5,10930,卖盘
428,14:29:57,21.86,--,5,10930,卖盘
429,14:29:51,21.86,--,2,4372,卖盘
430,14:29:48,21.86,-0.02,13,28418,卖盘
431,14:29:42,21.88,--,50,109400,买盘
432,14:29:36,21.88,--,15,32820,买盘
433,14:29:33,21.88,--,10,21880,买盘
434,14:29:30,21.88,--,25,54700,买盘
435,14:29:27,21.88,--,17,37196,买盘
436,14:29:21,21.88,--,2,4376,买盘
437,14:29:18,21.88,0.02,88,192544,买盘
438,14:29:15,21.86,-0.02,39,85254,卖盘
439,14:29:12,21.88,--,17,37196,买盘
440,14:29:09,21.88,--,14,30632,买盘
441,14:29:03,21.88,--,103,225364,买盘
442,14:29:00,21.88,0.01,40,87520,买盘
443,14:28:57,21.87,-0.01,7,15309,卖盘
444,14:28:54,21.88,0.01,12,26256,买盘
445,14:28:51,21.87,--,5,10935,卖盘
446,14:28:48,21.87,-0.01,23,50301,卖盘
447,14:28:45,21.88,--,14,30632,卖盘
448,14:28:42,21.88,--,9,19692,买盘
449,14:28:39,21.88,--,89,194732,买盘
450,14:28:36,21.88,--,85,185980,卖盘
451,14:28:33,21.88,-0.01,101,220988,卖盘
452,14:28:30,21.89,0.01,52,113828,买盘
453,14:28:27,21.88,-0.01,43,94084,卖盘
454,14:28:24,21.89,0.01,57,124773,买盘
455,14:28:18,21.88,-0.01,30,65640,卖盘
456,14:28:15,21.89,0.01,77,168553,买盘
457,14:28:12,21.88,-0.02,78,170664,卖盘
458,14:28:09,21.9,0.01,26,56939,买盘
459,14:28:06,21.89,-0.01,55,120395,卖盘
460,14:28:03,21.9,0.02,22,48180,买盘
461,14:28:00,21.88,0.02,5,10940,中性盘
462,14:27:57,21.86,0.01,219,478734,卖盘
463,14:27:54,21.85,-0.01,16,34960,卖盘
464,14:27:51,21.86,-0.03,125,274583,卖盘
465,14:27:48,21.89,--,49,107261,卖盘
466,14:27:45,21.89,0.03,502,1100826,买盘
467,14:27:42,21.86,0.01,63,137718,买盘
468,14:27:39,21.85,0.01,110,240350,买盘
469,14:27:36,21.84,-0.01,86,187824,卖盘
470,14:27:33,21.85,--,35,76475,买盘
471,14:27:30,21.85,0.01,72,157320,买盘
472,14:27:27,21.84,-0.01,5,10920,卖盘
473,14:27:24,21.85,0.01,6,13110,买盘
474,14:27:21,21.84,-0.01,122,266448,卖盘
475,14:27:18,21.85,0.02,236,515660,买盘
476,14:27:15,21.83,--,104,227031,卖盘
477,14:27:12,21.83,-0.01,2,4366,卖盘
478,14:27:09,21.84,0.01,25,54600,买盘
479,14:27:06,21.83,--,5,10915,卖盘
480,14:27:03,21.83,--,5,10915,卖盘
481,14:27:00,21.83,0.01,53,115698,买盘
482,14:26:57,21.82,-0.01,17,37094,卖盘
483,14:26:51,21.83,--,3,6548,买盘
484,14:26:48,21.83,--,18,39294,买盘
485,14:26:45,21.83,-0.02,92,200835,卖盘
486,14:26:42,21.85,0.01,2,4370,买盘
487,14:26:39,21.84,--,10,21840,卖盘
488,14:26:36,21.84,-0.02,4,8736,卖盘
489,14:26:30,21.86,--,6,13116,买盘
490,14:26:27,21.86,--,10,21860,买盘
491,14:26:24,21.86,0.01,31,67766,买盘
492,14:26:21,21.85,--,14,30590,买盘
493,14:26:18,21.85,-0.01,91,198835,卖盘
494,14:26:15,21.86,--,25,54650,买盘
495,14:26:12,21.86,-0.01,7,15302,卖盘
496,14:26:09,21.87,-0.01,39,87370,卖盘
497,14:26:06,21.88,--,15,32820,卖盘
498,14:26:03,21.88,0.02,146,319557,买盘
499,14:26:00,21.86,-0.01,24,52464,卖盘
500,14:25:57,21.87,--,53,115911,买盘
501,14:25:54,21.87,0.01,16,34992,买盘
502,14:25:51,21.86,--,12,26232,卖盘
503,14:25:48,21.86,0.02,5,10930,中性盘
504,14:25:45,21.84,--,62,135408,卖盘
505,14:25:42,21.84,-0.02,20,43680,卖盘
506,14:25:39,21.86,--,26,56836,买盘
507,14:25:36,21.86,--,70,153020,买盘
508,14:25:33,21.86,--,47,102742,买盘
509,14:25:30,21.86,0.01,73,159578,买盘
510,14:25:27,21.85,--,52,113620,卖盘
511,14:25:24,21.85,--,34,74290,卖盘
512,14:25:21,21.85,-0.01,137,299345,买盘
513,14:25:18,21.86,0.01,65,142090,买盘
514,14:25:15,21.85,-0.01,97,211945,卖盘
515,14:25:12,21.86,0.01,28,61208,买盘
516,14:25:09,21.85,-0.01,14,30590,卖盘
517,14:25:06,21.86,0.01,45,98370,买盘
518,14:25:03,21.85,--,48,104880,卖盘
519,14:25:00,21.85,0.02,95,207575,买盘
520,14:24:57,21.83,-0.01,15,32744,卖盘
521,14:24:54,21.84,-0.01,3,6552,买盘
522,14:24:51,21.85,--,8,17480,买盘
523,14:24:48,21.85,--,12,26220,买盘
524,14:24:45,21.85,--,102,222870,卖盘
525,14:24:42,21.85,-0.02,36,79752,卖盘
526,14:24:39,21.87,--,50,109350,买盘
527,14:24:36,21.87,0.01,13,28431,买盘
528,14:24:33,21.86,--,47,102742,卖盘
529,14:24:30,21.86,--,16,34976,卖盘
530,14:24:27,21.86,-0.01,10,21860,卖盘
531,14:24:24,21.87,-0.01,38,84090,卖盘
532,14:24:21,21.88,--,153,334764,买盘
533,14:24:18,21.88,0.01,23,50324,买盘
534,14:24:15,21.87,-0.03,7,15309,卖盘
535,14:24:12,21.9,--,35,76650,买盘
536,14:24:09,21.9,0.01,91,199290,买盘
537,14:24:06,21.89,-0.01,33,72237,中性盘
538,14:24:03,21.9,-0.01,411,900089,卖盘
539,14:24:00,21.91,0.01,642,1406622,买盘
540,14:23:57,21.9,--,155,339450,卖盘
541,14:23:54,21.9,--,504,1103760,卖盘
542,14:23:51,21.9,--,176,385440,买盘
543,14:23:48,21.9,--,15,32850,买盘
544,14:23:45,21.9,-0.02,34,74460,卖盘
545,14:23:42,21.92,0.01,125,274000,买盘
546,14:23:39,21.91,-0.02,127,278257,卖盘
547,14:23:36,21.93,-0.02,80,175440,中性盘
548,14:23:33,21.95,--,136,298520,买盘
549,14:23:30,21.95,--,135,296325,买盘
550,14:23:27,21.95,-0.01,133,291935,中性盘
551,14:23:24,21.96,0.02,165,362340,买盘
552,14:23:21,21.94,--,138,302772,买盘
553,14:23:18,21.94,-0.03,18,39492,中性盘
554,14:23:15,21.97,0.03,561,1233615,买盘
555,14:23:12,21.94,--,144,315936,买盘
556,14:23:09,21.94,--,89,195266,卖盘
557,14:23:06,21.94,-0.01,143,314839,卖盘
558,14:23:03,21.95,0.02,74,162430,买盘
559,14:23:00,21.93,0.01,354,776322,买盘
560,14:22:57,21.92,0.02,253,554576,买盘
561,14:22:54,21.9,-0.02,4,9964,中性盘
562,14:22:51,21.92,--,120,263040,买盘
563,14:22:48,21.92,0.02,61,133712,买盘
564,14:22:45,21.9,--,83,182865,买盘
565,14:22:42,21.9,0.04,827,1811129,买盘
566,14:22:39,21.86,0.02,491,1074746,买盘
567,14:22:36,21.84,0.01,364,794976,买盘
568,14:22:33,21.83,--,155,338365,卖盘
569,14:22:30,21.83,--,389,849186,买盘
570,14:22:27,21.83,0.02,206,449697,买盘
571,14:22:24,21.81,-0.02,13,28353,卖盘
572,14:22:21,21.83,0.01,66,144078,买盘
573,14:22:18,21.82,-0.01,45,98190,卖盘
574,14:22:12,21.83,--,55,120829,卖盘
575,14:22:09,21.83,--,25,54574,卖盘
576,14:22:06,21.83,--,66,144078,卖盘
577,14:22:03,21.83,--,95,207384,卖盘
578,14:22:00,21.83,--,209,456246,卖盘
579,14:21:57,21.83,--,47,104260,卖盘
580,14:21:54,21.83,--,25,54574,卖盘
581,14:21:51,21.83,--,87,189920,卖盘
582,14:21:48,21.83,--,5,10915,卖盘
583,14:21:45,21.83,--,54,119824,中性盘
584,14:21:42,21.83,--,134,292522,买盘
585,14:21:39,21.83,--,14,30561,买盘
586,14:21:36,21.83,-0.01,52,113515,卖盘
587,14:21:33,21.84,--,63,137592,买盘
588,14:21:30,21.84,-0.01,15,32760,中性盘
589,14:21:27,21.85,--,405,884925,买盘
590,14:21:24,21.85,--,58,126730,买盘
591,14:21:21,21.85,--,81,176985,买盘
592,14:21:18,21.85,--,87,190095,买盘
593,14:21:15,21.85,--,151,329935,买盘
594,14:21:12,21.85,-0.01,20,43700,卖盘
595,14:21:09,21.86,0.01,163,356318,买盘
596,14:21:06,21.85,--,23,50255,卖盘
597,14:21:03,21.85,--,26,58536,卖盘
598,14:21:00,21.85,0.02,133,290605,买盘
599,14:20:57,21.83,--,94,205201,卖盘
600,14:20:54,21.83,-0.03,187,408220,卖盘
601,14:20:51,21.86,--,60,131160,卖盘
602,14:20:48,21.86,0.03,226,494036,买盘
603,14:20:45,21.83,--,24,52391,卖盘
604,14:20:42,21.83,0.02,101,220482,中性盘
605,14:20:39,21.81,-0.05,13,28353,卖盘
606,14:20:36,21.86,0.03,27,59022,买盘
607,14:20:33,21.83,-0.01,2,4366,中性盘
608,14:20:30,21.84,-0.04,11,24024,中性盘
609,14:20:27,21.88,-0.01,43,94084,中性盘
610,14:20:24,21.89,--,73,159797,买盘
611,14:20:21,21.89,--,11,24079,买盘
612,14:20:18,21.89,0.03,67,146663,买盘
613,14:20:15,21.86,0.01,423,924678,买盘
614,14:20:12,21.85,-0.05,24,52440,中性盘
615,14:20:09,21.9,--,586,1283340,买盘
616,14:20:06,21.9,0.03,599,1311810,买盘
617,14:20:03,21.87,0.01,313,684531,买盘
618,14:20:00,21.86,-0.05,339,741054,卖盘
619,14:19:57,21.91,-0.01,250,547750,中性盘
620,14:19:54,21.92,0.04,125,274000,买盘
621,14:19:51,21.88,-0.01,182,398216,卖盘
622,14:19:48,21.89,0.04,318,696102,买盘
623,14:19:45,21.85,-0.02,130,284050,卖盘
624,14:19:42,21.87,0.02,334,730458,买盘
625,14:19:39,21.85,--,57,126664,买盘
626,14:19:36,21.85,0.05,1487,3249095,买盘
627,14:19:33,21.8,--,406,885080,买盘
628,14:19:30,21.8,0.07,568,1238240,买盘
629,14:19:27,21.73,--,56,121688,买盘
630,14:19:24,21.73,0.03,179,390705,买盘
631,14:19:21,21.7,0.1,1300,2821000,买盘
632,14:19:18,21.6,0.05,299,646380,买盘
633,14:19:15,21.55,-0.04,10,21550,卖盘
634,14:19:12,21.59,0.03,87,187833,买盘
635,14:19:09,21.56,--,22,47432,买盘
636,14:19:06,21.56,0.01,30,64679,买盘
637,14:19:00,21.55,-0.01,5,10775,卖盘
638,14:18:48,21.56,--,3,6468,买盘
639,14:18:42,21.56,--,2,4312,买盘
640,14:18:36,21.56,--,5,10780,卖盘
641,14:18:15,21.56,-0.02,16,34496,卖盘
642,14:18:06,21.58,0.01,23,49633,买盘
643,14:18:03,21.57,-0.01,1,2157,中性盘
644,14:17:48,21.58,0.02,11,23737,买盘
645,14:17:42,21.56,-0.02,8,17248,卖盘
646,14:17:33,21.58,--,5,10790,买盘
647,14:17:30,21.58,-0.01,2,4316,中性盘
648,14:17:21,21.59,--,11,23749,买盘
649,14:17:18,21.59,0.03,20,43180,买盘
650,14:17:09,21.56,--,1,2156,卖盘
651,14:17:06,21.56,-0.03,7,15092,卖盘
652,14:17:00,21.59,-0.01,4,8636,中性盘
653,14:16:48,21.6,0.05,274,591840,买盘
654,14:16:39,21.55,--,2,4310,卖盘
655,14:16:36,21.55,0.02,7,15085,买盘
656,14:16:33,21.53,-0.02,2,4306,卖盘
657,14:16:24,21.55,--,10,21550,买盘
658,14:16:12,21.55,--,3,6465,买盘
659,14:16:09,21.55,--,5,10775,买盘
660,14:16:06,21.55,-0.05,27,58185,卖盘
661,14:15:57,21.6,--,188,406080,买盘
662,14:15:36,21.6,0.06,1,2160,买盘
663,14:15:27,21.54,0.03,5,10770,买盘
664,14:15:24,21.51,-0.09,4,8604,卖盘
665,14:15:12,21.6,0.08,300,648000,买盘
666,14:15:09,21.52,-0.02,2,4304,中性盘
667,14:15:00,21.54,--,1,2154,买盘
668,14:14:54,21.54,--,94,202476,买盘
669,14:14:51,21.54,--,4,8616,买盘
670,14:14:48,21.54,--,20,43080,买盘
671,14:14:36,21.54,0.05,1,2154,买盘
672,14:14:30,21.49,-0.01,10,21490,卖盘
673,14:14:24,21.5,0.01,1,2150,买盘
674,14:14:15,21.49,--,57,122492,买盘
675,14:14:12,21.49,--,14,30085,买盘
676,14:14:06,21.49,--,20,42980,买盘
677,14:13:54,21.49,0.02,29,62320,买盘
678,14:13:42,21.47,--,18,38646,买盘
679,14:13:39,21.47,--,13,27911,买盘
680,14:13:33,21.47,--,2,4294,买盘
681,14:13:30,21.47,0.01,10,21470,买盘
682,14:13:24,21.46,--,74,158804,买盘
683,14:13:21,21.46,--,3,6438,买盘
684,14:13:18,21.46,0.01,102,218892,买盘
685,14:13:09,21.45,--,1,2145,卖盘
686,14:13:06,21.45,--,9,19305,买盘
687,14:12:57,21.45,--,41,87945,买盘
688,14:12:54,21.45,0.02,4,8580,买盘
689,14:12:51,21.43,-0.02,50,107150,卖盘
690,14:12:48,21.45,0.01,10,21450,买盘
691,14:12:30,21.44,--,5,10720,买盘
692,14:12:24,21.44,--,20,42880,买盘
693,14:12:18,21.44,--,1,2144,买盘
694,14:12:15,21.44,--,10,21440,买盘
695,14:12:12,21.44,--,14,30016,卖盘
696,14:12:09,21.44,--,13,27872,卖盘
697,14:12:03,21.44,--,1,2144,卖盘
698,14:12:00,21.44,--,3,6432,卖盘
699,14:11:54,21.44,-0.01,25,53600,卖盘
700,14:11:36,21.45,--,53,113685,买盘
701,14:11:33,21.45,--,5,10725,买盘
702,14:11:30,21.45,--,10,21450,买盘
703,14:11:27,21.45,--,10,21450,买盘
704,14:11:24,21.45,--,11,23595,买盘
705,14:11:18,21.45,--,5,10725,买盘
706,14:11:15,21.45,0.01,85,182325,买盘
707,14:11:03,21.44,--,55,117920,买盘
708,14:11:00,21.44,-0.01,95,203680,卖盘
709,14:10:57,21.45,0.01,30,64350,买盘
710,14:10:54,21.44,--,5,10720,卖盘
711,14:10:51,21.44,-0.01,5,10720,卖盘
712,14:10:48,21.45,0.01,4,8580,买盘
713,14:10:45,21.44,--,1,2144,卖盘
714,14:10:24,21.44,-0.01,2,4288,卖盘
715,14:10:15,21.45,--,4,8580,买盘
716,14:10:09,21.45,0.01,10,21450,买盘
717,14:10:06,21.44,-0.01,1,2144,卖盘
718,14:09:57,21.45,--,5,10725,买盘
719,14:09:51,21.45,--,5,10725,卖盘
720,14:09:42,21.45,--,5,10725,卖盘
721,14:09:39,21.45,--,30,64350,买盘
722,14:09:36,21.45,--,2,4290,买盘
723,14:09:33,21.45,--,3,6435,买盘
724,14:09:27,21.45,0.01,2,4290,买盘
725,14:09:24,21.44,-0.01,2,4288,卖盘
726,14:09:12,21.45,0.01,6,12870,买盘
727,14:09:06,21.44,-0.01,27,57888,卖盘
728,14:09:03,21.45,--,1,2145,买盘
729,14:08:57,21.45,--,19,40755,买盘
730,14:08:39,21.45,--,3,6435,卖盘
731,14:08:36,21.45,--,40,85800,卖盘
732,14:08:27,21.45,--,20,42900,卖盘
733,14:08:24,21.45,--,5,10725,卖盘
734,14:08:15,21.45,--,10,21450,卖盘
735,14:08:06,21.45,--,19,40755,买盘
736,14:07:57,21.45,--,33,70785,卖盘
737,14:07:51,21.45,--,31,66495,卖盘
738,14:07:45,21.45,-0.01,18,38610,卖盘
739,14:07:42,21.46,--,2,4292,卖盘
740,14:07:30,21.46,-0.01,1,2146,卖盘
741,14:07:24,21.47,--,16,34352,卖盘
742,14:07:21,21.47,--,7,15029,卖盘
743,14:07:15,21.47,--,6,12882,卖盘
744,14:07:09,21.47,--,9,19323,卖盘
745,14:06:54,21.47,--,20,42940,卖盘
746,14:06:51,21.47,-0.01,1,2147,卖盘
747,14:06:45,21.48,--,5,10740,买盘
748,14:06:42,21.48,--,6,12888,买盘
749,14:06:39,21.48,--,6,12888,买盘
750,14:06:36,21.48,0.01,1,2148,买盘
751,14:06:33,21.47,-0.01,5,10735,卖盘
752,14:06:24,21.48,--,18,38664,卖盘
753,14:06:15,21.48,0.01,27,57996,买盘
754,14:06:09,21.47,--,17,36499,买盘
755,14:06:00,21.47,--,20,42940,买盘
756,14:05:57,21.47,--,5,10735,卖盘
757,14:05:51,21.47,--,1,2147,卖盘
758,14:05:45,21.47,0.02,6,12882,买盘
759,14:05:33,21.45,-0.01,7,15015,卖盘
760,14:05:27,21.46,--,2,4292,买盘
761,14:05:18,21.46,0.01,1,2146,买盘
762,14:05:15,21.45,--,5,10725,卖盘
763,14:05:12,21.45,--,2,4290,买盘
764,14:05:09,21.45,0.02,35,75075,买盘
765,14:04:57,21.43,--,1,2143,卖盘
766,14:04:51,21.43,--,15,32145,买盘
767,14:04:48,21.43,0.01,10,21430,买盘
768,14:04:39,21.42,0.02,15,32130,买盘
769,14:04:24,21.4,-0.02,9,19260,卖盘
770,14:04:21,21.42,0.01,7,14994,买盘
771,14:04:18,21.41,--,3,6423,买盘
772,14:04:12,21.41,--,5,10705,买盘
773,14:04:09,21.41,0.01,21,44961,中性盘
774,14:03:54,21.4,--,37,79180,买盘
775,14:03:51,21.4,0.01,65,139100,买盘
776,14:03:48,21.39,0.01,10,21390,买盘
777,14:03:45,21.38,-0.01,6,12828,卖盘
778,14:03:42,21.39,--,5,10695,买盘
779,14:03:39,21.39,0.01,1,2139,买盘
780,14:03:36,21.38,--,35,74830,买盘
781,14:03:33,21.38,--,10,21380,买盘
782,14:03:30,21.38,0.01,11,23518,买盘
783,14:03:27,21.37,-0.01,8,17096,卖盘
784,14:03:24,21.38,--,4,8552,买盘
785,14:03:21,21.38,--,5,10690,买盘
786,14:03:15,21.38,-0.01,90,192420,卖盘
787,14:03:09,21.39,0.01,11,23529,买盘
788,14:03:06,21.38,-0.01,24,51312,卖盘
789,14:03:03,21.39,--,28,59892,买盘
790,14:03:00,21.39,-0.03,20,42780,买盘
791,14:02:57,21.42,-0.01,13,27846,卖盘
792,14:02:54,21.43,0.01,55,117865,买盘
793,14:02:48,21.42,0.03,5,10710,买盘
794,14:02:45,21.39,-0.03,13,27807,卖盘
795,14:02:42,21.42,-0.01,5,10710,卖盘
796,14:02:33,21.43,0.01,3,6429,买盘
797,14:02:27,21.42,0.03,91,194922,买盘
798,14:02:21,21.39,-0.04,424,906936,卖盘
799,14:02:15,21.43,-0.02,20,42860,卖盘
800,14:02:12,21.45,--,6,12870,买盘
801,14:02:03,21.45,--,50,107250,买盘
802,14:02:00,21.45,--,19,40755,买盘
803,14:01:54,21.45,0.02,10,21450,买盘
804,14:01:48,21.43,-0.02,1,2143,卖盘
805,14:01:45,21.45,0.04,56,120120,买盘
806,14:01:39,21.41,--,30,64230,卖盘
807,14:01:36,21.41,-0.01,30,64230,卖盘
808,14:01:33,21.42,--,10,21420,卖盘
809,14:01:30,21.42,--,9,19278,买盘
810,14:01:27,21.42,0.01,2,4284,买盘
811,14:01:18,21.41,--,60,128460,买盘
812,14:01:12,21.41,0.01,27,57807,买盘
813,14:01:09,21.4,--,5,10700,卖盘
814,14:01:06,21.4,-0.01,32,68480,卖盘
815,14:01:03,21.41,--,7,14987,买盘
816,14:01:00,21.41,0.01,5,10705,买盘
817,14:00:54,21.4,-0.01,10,21400,卖盘
818,14:00:51,21.41,-0.02,38,81358,卖盘
819,14:00:45,21.43,0.02,3,6429,买盘
820,14:00:42,21.41,--,4,8564,卖盘
821,14:00:36,21.41,0.01,1,2141,卖盘
822,14:00:30,21.4,--,20,42800,卖盘
823,14:00:27,21.4,-0.03,3,6420,卖盘
824,14:00:18,21.43,0.03,5,10715,买盘
825,14:00:12,21.4,-0.04,303,648420,卖盘
826,14:00:09,21.44,0.01,2,4288,买盘
827,14:00:06,21.43,-0.01,10,21430,卖盘
828,14:00:03,21.44,0.01,30,64320,买盘
829,14:00:00,21.43,-0.02,15,32145,中性盘
830,13:59:57,21.45,0.03,10,21450,买盘
831,13:59:54,21.42,-0.02,150,321300,卖盘
832,13:59:51,21.44,-0.01,5,10720,卖盘
833,13:59:48,21.45,--,24,51480,卖盘
834,13:59:45,21.45,--,6,12870,卖盘
835,13:59:42,21.45,-0.01,15,32175,卖盘
836,13:59:33,21.46,--,19,40774,卖盘
837,13:59:30,21.46,-0.01,16,34336,卖盘
838,13:59:18,21.47,--,8,17176,买盘
839,13:59:12,21.47,--,15,32205,卖盘
840,13:59:09,21.47,--,3,6441,卖盘
841,13:59:06,21.47,-0.01,16,34352,卖盘
842,13:58:54,21.48,--,77,165396,卖盘
843,13:58:48,21.48,--,30,64440,卖盘
844,13:58:45,21.48,--,6,12888,卖盘
845,13:58:33,21.48,-0.01,20,42960,卖盘
846,13:58:24,21.49,-0.01,22,47278,卖盘
847,13:58:15,21.5,--,2,4300,买盘
848,13:58:12,21.5,--,5,10750,买盘
849,13:58:09,21.5,-0.02,1,2150,买盘
850,13:57:54,21.52,0.02,12,25824,卖盘
851,13:57:45,21.5,--,1,2150,买盘
852,13:57:42,21.5,--,4,8600,买盘
853,13:57:39,21.5,--,5,10750,买盘
854,13:57:36,21.5,-0.04,32,68800,卖盘
855,13:57:27,21.54,0.03,2,4308,买盘
856,13:57:09,21.51,-0.02,11,23661,卖盘
857,13:57:06,21.53,0.03,17,36601,买盘
858,13:57:03,21.5,-0.04,20,43000,卖盘
859,13:56:45,21.54,-0.01,1,2154,中性盘
860,13:56:33,21.55,0.01,3,6465,买盘
861,13:56:27,21.54,--,1,2154,卖盘
862,13:56:24,21.54,0.04,13,28002,买盘
863,13:56:21,21.5,--,9,19350,卖盘
864,13:56:18,21.5,-0.02,5,10750,卖盘
865,13:55:57,21.52,0.02,1,2152,中性盘
866,13:55:54,21.5,--,102,219300,卖盘
867,13:55:51,21.5,--,5,10750,卖盘
868,13:55:45,21.5,--,10,21500,卖盘
869,13:55:39,21.5,--,20,43000,卖盘
870,13:55:36,21.5,--,10,21500,卖盘
871,13:55:30,21.5,-0.01,1,2150,卖盘
872,13:55:21,21.51,0.01,1,2151,中性盘
873,13:55:06,21.5,-0.01,6,12900,卖盘
874,13:54:57,21.51,--,2,4302,买盘
875,13:54:51,21.51,--,2,4302,买盘
876,13:54:27,21.51,--,1,2151,卖盘
877,13:54:24,21.51,--,1,2151,买盘
878,13:54:00,21.51,--,2,4302,买盘
879,13:53:48,21.51,--,23,49473,卖盘
880,13:53:45,21.51,--,29,62379,卖盘
881,13:53:36,21.51,-0.05,9,19359,卖盘
882,13:53:12,21.56,--,5,10780,买盘
883,13:53:03,21.56,-0.01,8,18865,卖盘
884,13:52:51,21.57,0.01,2,4314,卖盘
885,13:52:39,21.56,-0.01,16,34496,卖盘
886,13:52:33,21.57,0.01,4,8628,买盘
887,13:52:27,21.56,--,9,19404,卖盘
888,13:52:24,21.56,-0.01,1,2156,卖盘
889,13:52:21,21.57,0.01,6,12942,买盘
890,13:52:18,21.56,--,7,15092,卖盘
891,13:52:15,21.56,--,50,107800,卖盘
892,13:52:06,21.56,--,36,78155,卖盘
893,13:52:00,21.56,--,20,43120,卖盘
894,13:51:54,21.56,--,20,43120,买盘
895,13:51:48,21.56,0.05,4,8624,中性盘
896,13:51:33,21.51,--,34,73134,买盘
897,13:51:21,21.51,0.01,5,10755,买盘
898,13:51:18,21.5,--,8,17200,卖盘
899,13:51:12,21.5,--,17,36550,卖盘
900,13:51:06,21.5,0.01,72,154800,买盘
901,13:51:00,21.49,--,5,10745,卖盘
902,13:50:45,21.49,-0.01,3,6446,买盘
903,13:50:39,21.5,0.01,40,86000,买盘
904,13:50:36,21.49,--,7,15042,买盘
905,13:50:30,21.49,--,8,17192,中性盘
906,13:50:09,21.49,--,1,2149,买盘
907,13:50:03,21.49,-0.01,5,10745,中性盘
908,13:49:54,21.5,0.02,20,43000,买盘
909,13:49:45,21.48,--,1,2148,卖盘
910,13:49:42,21.48,-0.02,1,2148,中性盘
911,13:49:36,21.5,0.03,1,2150,买盘
912,13:49:30,21.47,0.01,2,4294,卖盘
913,13:49:24,21.46,--,3,6438,买盘
914,13:49:18,21.46,--,5,10730,中性盘
915,13:49:15,21.46,--,16,34336,卖盘
916,13:49:12,21.46,-0.02,5,10730,卖盘
917,13:49:06,21.48,0.02,43,92364,买盘
918,13:49:03,21.46,--,3,6438,卖盘
919,13:49:00,21.46,--,5,10730,卖盘
920,13:48:54,21.46,0.01,3,6438,卖盘
921,13:48:51,21.45,--,20,42900,卖盘
922,13:48:45,21.45,--,24,51480,卖盘
923,13:48:42,21.45,--,2,4290,卖盘
924,13:48:39,21.45,--,1,3582,卖盘
925,13:48:27,21.45,--,9,19305,买盘
926,13:48:24,21.45,--,16,34320,买盘
927,13:48:18,21.45,--,19,41462,卖盘
928,13:48:09,21.45,--,0,1437,买盘
929,13:48:06,21.45,--,10,21450,买盘
930,13:48:03,21.45,--,6,12870,买盘
931,13:48:00,21.45,--,10,22157,卖盘
932,13:47:57,21.45,-0.01,5,10725,卖盘
933,13:47:54,21.46,--,2,4292,卖盘
934,13:47:51,21.46,0.01,6,12876,买盘
935,13:47:48,21.45,--,1,2145,卖盘
936,13:47:45,21.45,--,36,78657,买盘
937,13:47:39,21.45,--,35,75075,买盘
938,13:47:36,21.45,--,4,8580,买盘
939,13:47:33,21.45,0.02,5,10725,买盘
940,13:47:30,21.43,-0.01,206,441458,卖盘
941,13:47:27,21.44,-0.01,20,42880,卖盘
942,13:47:24,21.45,0.01,12,25740,买盘
943,13:47:21,21.44,--,19,40736,卖盘
944,13:47:18,21.44,--,5,10720,卖盘
945,13:47:15,21.44,--,30,64320,卖盘
946,13:47:12,21.44,0.01,69,147936,中性盘
947,13:47:09,21.43,--,32,68576,卖盘
948,13:47:06,21.43,-0.01,15,32145,卖盘
949,13:47:00,21.44,--,8,17152,卖盘
950,13:46:57,21.44,0.01,42,90048,买盘
951,13:46:54,21.43,-0.01,10,21430,卖盘
952,13:46:51,21.44,-0.01,26,55744,卖盘
953,13:46:42,21.45,--,5,10725,买盘
954,13:46:39,21.45,-0.03,91,195195,卖盘
955,13:46:36,21.48,--,2,4296,买盘
956,13:46:27,21.48,-0.03,97,208356,卖盘
957,13:46:24,21.51,0.01,5,10755,中性盘
958,13:46:18,21.5,--,500,1075000,卖盘
959,13:46:15,21.5,-0.02,128,275200,卖盘
960,13:46:12,21.52,0.01,33,71016,买盘
961,13:46:03,21.51,-0.04,30,64530,卖盘
962,13:46:00,21.55,--,19,40945,卖盘
963,13:45:57,21.55,0.03,90,193950,买盘
964,13:45:54,21.52,-0.01,100,215200,卖盘
965,13:45:51,21.53,--,16,34448,卖盘
966,13:45:48,21.53,--,13,27989,卖盘
967,13:45:42,21.53,--,107,230371,卖盘
968,13:45:39,21.53,--,15,32295,卖盘
969,13:45:36,21.53,--,4,8612,卖盘
970,13:45:33,21.53,-0.02,5,10765,卖盘
971,13:45:30,21.55,0.02,10,21550,买盘
972,13:45:27,21.53,--,15,32295,卖盘
973,13:45:24,21.53,--,12,25836,卖盘
974,13:45:15,21.53,-0.01,3,6459,卖盘
975,13:45:12,21.54,--,16,34464,卖盘
976,13:45:06,21.54,-0.01,2,4308,卖盘
977,13:44:57,21.55,-0.03,10,21550,卖盘
978,13:44:51,21.58,--,5,10790,买盘
979,13:44:39,21.58,-0.01,5,10790,买盘
980,13:44:33,21.59,0.01,35,75565,买盘
981,13:44:24,21.58,0.05,30,64739,卖盘
982,13:44:15,21.53,-0.01,8,17224,卖盘
983,13:44:06,21.54,--,4,8616,买盘
984,13:44:00,21.54,-0.05,4,8616,中性盘
985,13:43:54,21.59,0.05,300,647700,买盘
986,13:43:51,21.54,--,5,10770,买盘
987,13:43:45,21.54,--,5,10770,买盘
988,13:43:42,21.54,--,29,62466,卖盘
989,13:43:27,21.54,-0.02,130,280020,卖盘
990,13:43:24,21.56,--,6,12936,卖盘
991,13:43:12,21.56,--,5,10780,卖盘
992,13:43:09,21.56,-0.01,11,23716,卖盘
993,13:43:03,21.57,0.01,10,21570,买盘
994,13:42:57,21.56,-0.01,5,10780,卖盘
995,13:42:30,21.57,--,3,6471,买盘
996,13:42:18,21.57,-0.01,5,10785,中性盘
997,13:42:09,21.58,--,4,8632,买盘
998,13:42:03,21.58,0.02,1,2158,买盘
999,13:41:54,21.56,--,18,38808,卖盘
1000,13:41:45,21.56,--,3,6468,卖盘
1001,13:41:30,21.56,0.01,3,6468,买盘
1002,13:41:24,21.55,--,10,21550,卖盘
1003,13:41:21,21.55,--,10,21550,卖盘
1004,13:41:15,21.55,--,5,10775,卖盘
1005,13:41:06,21.55,0.01,7,15085,买盘
1006,13:40:57,21.54,-0.01,16,34464,中性盘
1007,13:40:54,21.55,0.01,14,30170,买盘
1008,13:40:45,21.54,--,5,10770,买盘
1009,13:40:42,21.54,-0.01,105,226170,中性盘
1010,13:40:30,21.55,--,5,10775,买盘
1011,13:40:27,21.55,0.01,17,36635,买盘
1012,13:40:24,21.54,--,2,4308,买盘
1013,13:40:21,21.54,--,16,34464,卖盘
1014,13:40:06,21.54,-0.01,10,21540,卖盘
1015,13:40:03,21.55,--,10,21550,买盘
1016,13:39:48,21.55,-0.01,32,68960,卖盘
1017,13:39:39,21.56,--,4,8624,买盘
1018,13:39:33,21.56,0.01,6,12936,买盘
1019,13:39:18,21.55,--,1,2155,卖盘
1020,13:39:03,21.55,--,10,21550,卖盘
1021,13:38:30,21.55,-0.03,86,185330,卖盘
1022,13:38:27,21.58,--,5,10790,买盘
1023,13:38:24,21.58,0.01,52,112215,买盘
1024,13:38:21,21.57,-0.01,0,1617,卖盘
1025,13:38:18,21.58,--,5,10790,买盘
1026,13:38:15,21.58,--,23,49633,卖盘
1027,13:38:12,21.58,--,4,8632,买盘
1028,13:38:03,21.58,-0.01,31,66898,卖盘
1029,13:37:54,21.59,-0.01,10,21590,卖盘
1030,13:37:45,21.6,-0.01,1,2160,中性盘
1031,13:37:27,21.61,0.01,32,69152,买盘
1032,13:37:24,21.6,--,32,69120,卖盘
1033,13:37:18,21.6,-0.01,4,8640,卖盘
1034,13:37:09,21.61,--,15,32415,买盘
1035,13:37:06,21.61,--,6,12966,卖盘
1036,13:37:03,21.61,--,10,21610,卖盘
1037,13:37:00,21.61,--,4,8644,卖盘
1038,13:36:57,21.61,-0.01,10,21610,卖盘
1039,13:36:51,21.62,0.01,3,6486,买盘
1040,13:36:48,21.61,--,5,10805,卖盘
1041,13:36:45,21.61,--,4,8644,卖盘
1042,13:36:42,21.61,-0.03,10,21610,卖盘
1043,13:36:36,21.64,0.01,43,93052,买盘
1044,13:36:24,21.63,--,5,10815,买盘
1045,13:36:18,21.63,-0.01,5,10815,卖盘
1046,13:36:12,21.64,0.01,8,17312,买盘
1047,13:35:57,21.63,--,22,47586,买盘
1048,13:35:42,21.63,--,6,12978,卖盘
1049,13:35:30,21.63,--,5,10815,买盘
1050,13:35:18,21.63,0.02,5,10815,买盘
1051,13:35:03,21.61,-0.03,28,60508,卖盘
1052,13:34:54,21.64,--,20,43280,买盘
1053,13:34:51,21.64,0.01,17,36788,中性盘
1054,13:34:48,21.63,--,5,10815,卖盘
1055,13:34:45,21.63,-0.02,20,43260,卖盘
1056,13:34:36,21.65,--,2,4330,买盘
1057,13:34:33,21.65,--,3,6495,买盘
1058,13:34:18,21.65,--,10,21650,买盘
1059,13:34:15,21.65,0.01,10,21650,买盘
1060,13:34:12,21.64,-0.01,6,12984,卖盘
1061,13:34:06,21.65,--,54,116909,卖盘
1062,13:33:54,21.65,0.01,22,47630,卖盘
1063,13:33:48,21.64,-0.01,29,62756,买盘
1064,13:33:42,21.65,0.02,6,12990,买盘
1065,13:33:27,21.63,-0.01,5,10815,卖盘
1066,13:33:24,21.64,--,3,6492,买盘
1067,13:33:21,21.64,--,3,6492,买盘
1068,13:33:18,21.64,0.01,10,21640,买盘
1069,13:33:09,21.63,-0.01,32,69216,卖盘
1070,13:33:06,21.64,0.01,4,8656,买盘
1071,13:33:03,21.63,-0.01,14,30282,卖盘
1072,13:33:00,21.64,--,1,2164,买盘
1073,13:32:48,21.64,--,10,21640,买盘
1074,13:32:45,21.64,0.01,15,32460,买盘
1075,13:32:39,21.63,--,1,2163,买盘
1076,13:32:33,21.63,-0.02,2,4326,卖盘
1077,13:32:24,21.65,-0.04,1,2165,卖盘
1078,13:32:21,21.69,0.04,2,4338,买盘
1079,13:32:18,21.65,-0.04,9,19485,卖盘
1080,13:32:15,21.69,--,1,2169,买盘
1081,13:32:12,21.69,--,89,193041,卖盘
1082,13:32:09,21.69,--,10,21690,卖盘
1083,13:32:06,21.69,--,23,49887,卖盘
1084,13:32:03,21.69,--,59,127971,卖盘
1085,13:32:00,21.69,--,11,23859,卖盘
1086,13:31:57,21.69,-0.01,27,58563,卖盘
1087,13:31:54,21.7,0.01,14,30380,买盘
1088,13:31:51,21.69,--,3,6507,卖盘
1089,13:31:48,21.69,--,35,75915,卖盘
1090,13:31:45,21.69,--,42,91098,买盘
1091,13:31:39,21.69,--,10,21690,买盘
1092,13:31:33,21.69,-0.01,27,58563,中性盘
1093,13:31:18,21.7,0.08,9,19530,买盘
1094,13:31:12,21.62,-0.08,2,4324,卖盘
1095,13:31:06,21.7,0.09,304,659680,买盘
1096,13:31:03,21.61,--,281,607241,买盘
1097,13:31:00,21.61,-0.01,10,21610,中性盘
1098,13:30:48,21.62,--,6,12972,买盘
1099,13:30:45,21.62,0.01,5,10810,买盘
1100,13:30:39,21.61,-0.01,31,68071,卖盘
1101,13:30:36,21.62,0.01,8,17296,买盘
1102,13:30:30,21.61,--,10,21610,卖盘
1103,13:30:27,21.61,--,15,33495,买盘
1104,13:30:24,21.61,--,25,54025,买盘
1105,13:30:21,21.61,--,20,43220,买盘
1106,13:30:18,21.61,0.01,4,8644,买盘
1107,13:30:15,21.6,--,27,58320,卖盘
1108,13:29:54,21.6,--,4,8640,卖盘
1109,13:29:48,21.6,--,19,41040,买盘
1110,13:29:33,21.6,--,25,54000,买盘
1111,13:29:30,21.6,0.01,20,43200,买盘
1112,13:29:24,21.59,-0.01,30,64770,卖盘
1113,13:29:09,21.6,0.01,1,2160,买盘
1114,13:29:06,21.59,--,12,25908,卖盘
1115,13:29:00,21.59,--,10,21590,卖盘
1116,13:28:57,21.59,--,4,8636,卖盘
1117,13:28:54,21.59,0.02,1,2159,卖盘
1118,13:28:42,21.57,-0.02,17,36669,卖盘
1119,13:28:39,21.59,0.02,53,114966,买盘
1120,13:28:33,21.57,-0.01,12,25884,卖盘
1121,13:28:27,21.58,--,5,10790,买盘
1122,13:28:24,21.58,-0.01,13,28053,卖盘
1123,13:28:18,21.59,0.01,10,21590,买盘
1124,13:27:57,21.58,--,17,36686,买盘
1125,13:27:48,21.58,--,1,2158,买盘
1126,13:27:45,21.58,0.01,20,43160,买盘
1127,13:27:39,21.57,-0.01,1,2157,卖盘
1128,13:27:30,21.58,--,1,2158,买盘
1129,13:27:27,21.58,--,1,2158,买盘
1130,13:27:15,21.58,0.02,3,6473,买盘
1131,13:27:09,21.56,-0.02,28,60368,卖盘
1132,13:26:48,21.58,--,4,8632,买盘
1133,13:26:39,21.58,--,2,4316,买盘
1134,13:26:33,21.58,--,2,4316,买盘
1135,13:26:30,21.58,--,10,21580,买盘
1136,13:26:24,21.58,--,5,10790,买盘
1137,13:26:21,21.58,--,2,4316,买盘
1138,13:26:12,21.58,0.05,3,6473,买盘
1139,13:26:09,21.53,--,1,2153,卖盘
1140,13:26:06,21.53,0.01,15,32295,中性盘
1141,13:25:48,21.52,--,1,3314,卖盘
1142,13:25:45,21.52,-0.01,146,315892,卖盘
1143,13:25:42,21.53,--,3,6459,买盘
1144,13:25:39,21.53,0.01,5,10765,买盘
1145,13:25:36,21.52,--,36,79580,卖盘
1146,13:25:33,21.52,-0.01,30,64560,卖盘
1147,13:25:27,21.53,--,41,88402,卖盘
1148,13:25:24,21.53,--,4,8612,卖盘
1149,13:25:18,21.53,0.01,4,10635,中性盘
1150,13:25:15,21.52,-0.01,145,314170,卖盘
1151,13:25:09,21.53,--,10,21960,卖盘
1152,13:25:06,21.53,--,16,34684,卖盘
1153,13:24:57,21.53,--,37,80694,卖盘
1154,13:24:51,21.53,--,15,32596,买盘
1155,13:24:45,21.53,0.01,15,32295,中性盘
1156,13:24:42,21.52,-0.01,39,83928,卖盘
1157,13:24:39,21.53,--,8,19312,卖盘
1158,13:24:36,21.53,--,22,47925,买盘
1159,13:24:33,21.53,--,5,10765,买盘
1160,13:24:30,21.53,--,9,19377,买盘
1161,13:24:27,21.53,-0.01,22,48377,卖盘
1162,13:24:18,21.54,0.02,16,34464,卖盘
1163,13:24:09,21.52,--,51,110892,买盘
1164,13:24:06,21.52,--,2,4304,买盘
1165,13:24:03,21.52,--,92,199554,卖盘
1166,13:23:57,21.52,-0.02,31,67831,卖盘
1167,13:23:51,21.54,0.02,1,2154,买盘
1168,13:23:48,21.52,-0.02,9,20982,卖盘
1169,13:23:42,21.54,0.01,23,49542,买盘
1170,13:23:39,21.53,-0.01,48,103344,卖盘
1171,13:23:27,21.54,-0.01,110,236940,卖盘
1172,13:23:21,21.55,--,15,32325,买盘
1173,13:23:18,21.55,-0.01,49,106672,卖盘
1174,13:23:15,21.56,0.01,3,6468,卖盘
1175,13:23:09,21.55,-0.02,2,5387,卖盘
1176,13:23:06,21.57,0.02,50,107850,买盘
1177,13:23:03,21.55,-0.01,150,323250,卖盘
1178,13:23:00,21.56,--,12,25872,买盘
1179,13:22:57,21.56,-0.01,5,10780,卖盘
1180,13:22:48,21.57,--,19,40983,买盘
1181,13:22:45,21.57,-0.01,56,121870,卖盘
1182,13:22:42,21.58,0.01,12,25895,买盘
1183,13:22:39,21.57,--,30,64710,卖盘
1184,13:22:36,21.57,--,38,83044,卖盘
1185,13:22:30,21.57,--,22,47454,卖盘
1186,13:22:27,21.57,-0.01,4,8628,卖盘
1187,13:22:21,21.58,0.01,53,114373,买盘
1188,13:22:18,21.57,-0.01,5,10785,卖盘
1189,13:22:15,21.58,--,3,6473,买盘
1190,13:22:09,21.58,-0.01,62,134033,卖盘
1191,13:22:00,21.59,0.01,1,2159,买盘
1192,13:21:57,21.58,--,21,46785,卖盘
1193,13:21:48,21.58,-0.01,14,30665,卖盘
1194,13:21:45,21.59,--,10,21590,买盘
1195,13:21:39,21.59,--,57,124682,卖盘
1196,13:21:36,21.59,-0.01,3,7016,卖盘
1197,13:21:33,21.6,--,5,10800,买盘
1198,13:21:27,21.6,--,6,14040,卖盘
1199,13:21:18,21.6,--,0,1231,卖盘
1200,13:21:15,21.6,--,0,928,卖盘
1201,13:21:12,21.6,--,42,91800,买盘
1202,13:21:00,21.6,--,2,4320,买盘
1203,13:20:33,21.6,--,65,141480,卖盘
1204,13:20:24,21.6,--,1,2181,卖盘
1205,13:20:21,21.6,--,17,36720,卖盘
1206,13:20:15,21.6,--,2,4363,卖盘
1207,13:20:06,21.6,--,4,8704,卖盘
1208,13:19:54,21.6,--,3,6609,卖盘
1209,13:19:51,21.6,--,5,10800,卖盘
1210,13:19:45,21.6,--,6,13240,卖盘
1211,13:19:36,21.6,-0.01,10,22140,卖盘
1212,13:19:30,21.61,--,2,4322,买盘
1213,13:19:27,21.61,--,9,19449,买盘
1214,13:19:24,21.61,--,9,19449,买盘
1215,13:19:18,21.61,--,2,5402,卖盘
1216,13:19:15,21.61,-0.01,6,14046,卖盘
1217,13:19:12,21.62,0.01,14,30268,买盘
1218,13:19:09,21.61,--,5,10805,卖盘
1219,13:19:03,21.61,--,7,15127,卖盘
1220,13:18:54,21.61,--,5,10805,卖盘
1221,13:18:51,21.61,--,2,4322,卖盘
1222,13:18:48,21.61,--,5,10805,卖盘
1223,13:18:45,21.61,-0.01,5,10805,卖盘
1224,13:18:39,21.62,--,18,38916,买盘
1225,13:18:33,21.62,0.01,4,8648,买盘
1226,13:18:27,21.61,-0.01,1,2161,卖盘
1227,13:18:24,21.62,0.01,6,12972,买盘
1228,13:18:21,21.61,-0.01,39,84279,卖盘
1229,13:18:18,21.62,0.01,143,309166,买盘
1230,13:18:15,21.61,-0.01,10,21610,卖盘
1231,13:18:06,21.62,--,35,75670,买盘
1232,13:17:57,21.62,-0.02,32,69184,中性盘
1233,13:17:54,21.64,0.02,3,6492,买盘
1234,13:17:51,21.62,-0.02,3,6486,中性盘
1235,13:17:33,21.64,0.03,3,6492,买盘
1236,13:17:30,21.61,-0.03,12,25932,卖盘
1237,13:17:21,21.64,0.03,21,45444,买盘
1238,13:17:15,21.61,0.01,6,12966,买盘
1239,13:17:12,21.6,--,5,10800,卖盘
1240,13:17:09,21.6,--,13,28080,卖盘
1241,13:16:51,21.6,--,5,10800,卖盘
1242,13:16:45,21.6,--,7,15120,买盘
1243,13:16:42,21.6,--,11,23760,卖盘
1244,13:16:36,21.6,--,15,32400,卖盘
1245,13:16:30,21.6,0.01,90,194400,买盘
1246,13:15:54,21.59,--,18,38862,买盘
1247,13:15:51,21.59,0.01,1,2159,买盘
1248,13:15:48,21.58,--,1,2158,卖盘
1249,13:15:45,21.58,--,15,32369,卖盘
1250,13:15:36,21.58,0.01,4,8632,买盘
1251,13:15:30,21.57,--,8,17256,卖盘
1252,13:15:27,21.57,--,10,21570,卖盘
1253,13:15:24,21.57,0.01,5,10785,中性盘
1254,13:15:21,21.56,--,18,38808,买盘
1255,13:15:15,21.56,-0.01,52,112112,卖盘
1256,13:15:12,21.57,--,3,6471,卖盘
1257,13:15:09,21.57,--,5,10785,卖盘
1258,13:15:06,21.57,--,3,6471,买盘
1259,13:15:00,21.57,0.01,5,10785,买盘
1260,13:14:54,21.56,--,11,23716,卖盘
1261,13:14:48,21.56,--,7,15092,卖盘
1262,13:14:45,21.56,--,8,17248,卖盘
1263,13:14:42,21.56,--,6,12936,卖盘
1264,13:14:39,21.56,--,14,30184,买盘
1265,13:14:27,21.56,0.01,6,12936,买盘
1266,13:14:24,21.55,-0.02,96,206880,卖盘
1267,13:14:12,21.57,--,5,10785,卖盘
1268,13:14:09,21.57,--,2,4314,卖盘
1269,13:13:51,21.57,--,25,53925,卖盘
1270,13:13:45,21.57,--,20,43140,卖盘
1271,13:13:42,21.57,-0.01,5,10785,卖盘
1272,13:13:18,21.58,--,2,4316,卖盘
1273,13:13:15,21.58,--,1,2158,卖盘
1274,13:13:12,21.58,--,10,21580,卖盘
1275,13:13:03,21.58,--,6,12947,卖盘
1276,13:13:00,21.58,-0.01,5,10790,卖盘
1277,13:12:39,21.59,--,1,2159,卖盘
1278,13:12:36,21.59,--,5,10795,卖盘
1279,13:12:33,21.59,--,10,21590,卖盘
1280,13:12:27,21.59,--,11,23749,卖盘
1281,13:12:15,21.59,-0.01,24,51816,卖盘
1282,13:12:00,21.6,--,8,17280,买盘
1283,13:11:54,21.6,0.01,33,71280,买盘
1284,13:11:51,21.59,-0.01,6,12954,卖盘
1285,13:11:42,21.6,--,22,47520,卖盘
1286,13:11:27,21.6,-0.01,55,118800,卖盘
1287,13:11:18,21.61,--,7,15127,卖盘
1288,13:11:09,21.61,--,1,2161,卖盘
1289,13:11:06,21.61,--,10,21610,卖盘
1290,13:10:57,21.61,--,13,28093,卖盘
1291,13:10:54,21.61,--,3,6483,买盘
1292,13:10:42,21.61,--,8,17288,卖盘
1293,13:10:33,21.61,0.01,2,4322,买盘
1294,13:10:30,21.6,--,13,28080,卖盘
1295,13:10:18,21.6,--,10,21600,卖盘
1296,13:10:12,21.6,--,8,17280,卖盘
1297,13:10:09,21.6,-0.02,10,21600,卖盘
1298,13:10:00,21.62,-0.02,13,28106,中性盘
1299,13:09:57,21.64,0.02,90,194760,买盘
1300,13:09:54,21.62,--,2,5707,卖盘
1301,13:09:51,21.62,--,5,10810,卖盘
1302,13:09:27,21.62,--,4,9426,买盘
1303,13:09:24,21.62,0.01,3,6486,买盘
1304,13:09:21,21.61,0.01,1,2161,中性盘
1305,13:08:54,21.6,-0.02,1,2160,卖盘
1306,13:08:48,21.62,0.02,15,32430,买盘
1307,13:08:45,21.6,-0.01,16,34560,卖盘
1308,13:08:42,21.61,-0.01,18,40281,卖盘
1309,13:08:33,21.62,--,3,6486,买盘
1310,13:08:30,21.62,--,26,56212,卖盘
1311,13:08:24,21.62,--,24,51888,卖盘
1312,13:08:18,21.62,--,3,6486,卖盘
1313,13:08:12,21.62,-0.02,50,108100,卖盘
1314,13:08:09,21.64,0.02,1,2164,买盘
1315,13:07:18,21.62,--,30,64860,卖盘
1316,13:06:51,21.62,--,1,2162,买盘
1317,13:06:45,21.62,0.01,8,17296,买盘
1318,13:06:42,21.61,-0.01,70,151270,卖盘
1319,13:06:39,21.62,--,9,19458,买盘
1320,13:06:21,21.62,0.01,10,21620,买盘
1321,13:06:06,21.61,-0.01,5,10805,卖盘
1322,13:06:03,21.62,0.01,16,34592,买盘
1323,13:05:54,21.61,--,1,2161,卖盘
1324,13:05:42,21.61,--,58,126115,买盘
1325,13:05:33,21.61,--,4,8644,买盘
1326,13:05:27,21.61,0.01,5,10805,买盘
1327,13:05:21,21.6,-0.01,6,12960,卖盘
1328,13:05:12,21.61,--,9,19449,买盘
1329,13:05:00,21.61,--,73,159136,卖盘
1330,13:04:57,21.61,-0.01,5,10805,卖盘
1331,13:04:54,21.62,--,5,10810,买盘
1332,13:04:36,21.62,--,4,8648,买盘
1333,13:04:30,21.62,--,3,6486,买盘
1334,13:04:27,21.62,--,39,84318,卖盘
1335,13:04:24,21.62,--,2,4324,卖盘
1336,13:04:03,21.62,--,1,2162,卖盘
1337,13:03:57,21.62,--,3,6486,卖盘
1338,13:03:51,21.62,-0.02,36,77832,卖盘
1339,13:03:18,21.64,--,5,10820,卖盘
1340,13:03:06,21.64,0.02,5,10820,卖盘
1341,13:03:00,21.62,-0.02,3,6486,卖盘
1342,13:02:51,21.64,-0.01,17,36788,卖盘
1343,13:02:45,21.65,0.01,5,10825,买盘
1344,13:02:42,21.64,--,10,21640,卖盘
1345,13:02:36,21.64,-0.01,21,45444,卖盘
1346,13:02:33,21.65,-0.02,46,99590,买盘
1347,13:02:18,21.67,0.02,50,108350,买盘
1348,13:02:06,21.65,--,2,4330,卖盘
1349,13:02:03,21.65,--,13,28144,卖盘
1350,13:02:00,21.65,--,32,69280,卖盘
1351,13:01:54,21.65,0.01,3,6495,中性盘
1352,13:01:48,21.64,--,29,62756,卖盘
1353,13:01:45,21.64,--,20,43280,卖盘
1354,13:01:30,21.64,-0.04,1,2164,卖盘
1355,13:01:03,21.68,-0.01,1,2168,中性盘
1356,13:00:39,21.69,0.01,79,171351,买盘
1357,13:00:36,21.68,--,20,43360,买盘
1358,13:00:24,21.68,--,14,30352,买盘
1359,13:00:12,21.68,0.03,7,15176,买盘
1360,13:00:09,21.65,--,9,19485,卖盘
1361,13:00:06,21.65,--,60,129899,卖盘
1362,13:00:03,21.65,0.04,288,623520,买盘
1363,13:00:00,21.61,--,0,0,卖盘
1364,11:30:00,21.61,--,0,0,卖盘
1365,11:29:45,21.61,--,2,5099,买盘
1366,11:29:27,21.61,--,3,7866,卖盘
1367,11:28:45,21.61,0.01,13,28870,买盘
1368,11:28:42,21.6,--,10,21600,卖盘
1369,11:28:36,21.6,-0.01,1,2160,卖盘
1370,11:28:33,21.61,0.01,19,41059,买盘
1371,11:28:12,21.6,--,3,6480,卖盘
1372,11:28:09,21.6,--,1,2160,卖盘
1373,11:28:06,21.6,-0.01,4,8640,卖盘
1374,11:27:42,21.61,-0.03,5,12188,卖盘
1375,11:27:36,21.64,--,1,2164,买盘
1376,11:27:21,21.64,0.03,3,6492,买盘
1377,11:27:18,21.61,--,0,777,卖盘
1378,11:27:15,21.61,0.01,11,23771,中性盘
1379,11:27:09,21.6,--,10,21600,卖盘
1380,11:26:48,21.6,--,1,2160,卖盘
1381,11:26:45,21.6,-0.01,43,92880,卖盘
1382,11:26:42,21.61,0.01,3,6483,中性盘
1383,11:26:18,21.6,--,10,21600,卖盘
1384,11:26:03,21.6,-0.01,34,73440,卖盘
1385,11:26:00,21.61,--,2,4322,买盘
1386,11:25:57,21.61,0.01,2,4322,买盘
1387,11:25:54,21.6,--,1,2160,卖盘
1388,11:25:51,21.6,-0.01,2,4320,卖盘
1389,11:25:48,21.61,0.01,10,21610,买盘
1390,11:25:24,21.6,--,1,2160,卖盘
1391,11:25:21,21.6,-0.01,2,4320,卖盘
1392,11:25:18,21.61,0.01,26,56186,中性盘
1393,11:24:36,21.6,--,1,2160,卖盘
1394,11:24:30,21.6,--,4,8640,卖盘
1395,11:24:15,21.6,-0.05,100,216000,卖盘
1396,11:24:09,21.65,0.03,10,21650,买盘
1397,11:23:57,21.62,0.01,3,6486,买盘
1398,11:23:51,21.61,-0.01,1,2161,卖盘
1399,11:23:45,21.62,-0.02,2,4324,中性盘
1400,11:23:27,21.64,0.04,1,2164,买盘
1401,11:23:12,21.6,--,1,2160,卖盘
1402,11:23:06,21.6,-0.01,58,125280,卖盘
1403,11:22:57,21.61,0.01,5,10805,中性盘
1404,11:22:45,21.6,-0.02,1,2160,卖盘
1405,11:22:42,21.62,0.02,9,19458,买盘
1406,11:22:39,21.6,-0.01,85,183600,卖盘
1407,11:22:21,21.61,--,2,4322,卖盘
1408,11:22:12,21.61,--,1,2161,卖盘
1409,11:22:06,21.61,0.01,2,4322,中性盘
1410,11:21:39,21.6,--,10,21600,卖盘
1411,11:21:24,21.6,--,1,2160,卖盘
1412,11:21:18,21.6,-0.03,30,64800,卖盘
1413,11:20:57,21.63,--,4,8652,买盘
1414,11:20:42,21.63,0.01,10,21630,买盘
1415,11:20:30,21.62,0.02,3,6486,买盘
1416,11:20:24,21.6,--,22,47520,买盘
1417,11:20:18,21.6,--,36,77760,卖盘
1418,11:20:09,21.6,--,198,427680,买盘
1419,11:19:54,21.6,0.01,25,54000,买盘
1420,11:19:51,21.59,--,4,8636,卖盘
1421,11:19:48,21.59,--,1,2871,买盘
1422,11:19:45,21.59,--,16,35968,卖盘
1423,11:19:36,21.59,--,5,10795,卖盘
1424,11:19:33,21.59,0.01,8,18006,买盘
1425,11:19:27,21.58,--,14,30211,卖盘
1426,11:19:24,21.58,-0.01,10,21580,卖盘
1427,11:19:18,21.59,0.01,4,8636,买盘
1428,11:19:12,21.58,--,7,15105,卖盘
1429,11:19:09,21.58,-0.01,1,2158,卖盘
1430,11:19:06,21.59,0.01,1,2159,中性盘
1431,11:19:03,21.58,--,1,3798,卖盘
1432,11:18:48,21.58,--,59,127321,卖盘
1433,11:18:45,21.58,--,25,53949,卖盘
1434,11:18:39,21.58,--,3,6473,卖盘
1435,11:18:33,21.58,--,1,2697,卖盘
1436,11:18:09,21.58,-0.02,22,47475,卖盘
1437,11:18:06,21.6,--,187,403920,卖盘
1438,11:17:57,21.6,--,37,79920,卖盘
1439,11:17:51,21.6,--,13,28080,卖盘
1440,11:17:48,21.6,-0.01,4,8640,卖盘
1441,11:17:42,21.61,--,5,10805,买盘
1442,11:17:30,21.61,0.01,2,4322,买盘
1443,11:17:15,21.6,--,16,34560,卖盘
1444,11:17:09,21.6,--,1,2160,卖盘
1445,11:17:03,21.6,--,5,10800,卖盘
1446,11:16:51,21.6,--,1,2160,卖盘
1447,11:16:48,21.6,--,2,4320,卖盘
1448,11:16:45,21.6,-0.01,8,17280,卖盘
1449,11:16:18,21.61,--,6,14586,卖盘
1450,11:16:15,21.61,--,50,108050,卖盘
1451,11:16:09,21.61,--,5,10805,卖盘
1452,11:16:06,21.61,--,4,8644,卖盘
1453,11:16:00,21.61,--,8,17288,卖盘
1454,11:15:33,21.61,--,10,21610,卖盘
1455,11:15:15,21.61,--,2,4322,卖盘
1456,11:15:12,21.61,--,1,2161,卖盘
1457,11:15:06,21.61,--,5,10805,卖盘
1458,11:15:00,21.61,-0.01,20,43220,卖盘
1459,11:14:45,21.62,--,8,17296,卖盘
1460,11:14:27,21.62,--,1,2162,卖盘
1461,11:14:21,21.62,-0.01,90,194580,卖盘
1462,11:14:18,21.63,--,54,116802,卖盘
1463,11:13:57,21.63,-0.04,1,2163,卖盘
1464,11:13:51,21.67,0.01,88,190696,买盘
1465,11:13:15,21.66,0.03,67,145122,买盘
1466,11:13:09,21.63,--,37,80031,卖盘
1467,11:12:33,21.63,--,1,2163,卖盘
1468,11:12:27,21.63,--,1,2163,卖盘
1469,11:12:21,21.63,--,5,10815,卖盘
1470,11:12:18,21.63,--,1,2163,卖盘
1471,11:11:06,21.63,0.01,1,2163,中性盘
1472,11:11:00,21.62,--,19,41078,卖盘
1473,11:10:54,21.62,-0.03,6,12972,卖盘
1474,11:10:51,21.65,0.03,9,19485,买盘
1475,11:10:48,21.62,0.01,17,36754,买盘
1476,11:10:42,21.61,--,1,2161,卖盘
1477,11:10:39,21.61,-0.01,1,2161,卖盘
1478,11:10:36,21.62,0.01,12,25944,买盘
1479,11:10:18,21.61,-0.01,3,6483,卖盘
1480,11:10:12,21.62,0.01,2,4324,买盘
1481,11:10:09,21.61,--,4,8644,卖盘
1482,11:10:06,21.61,--,1,2161,卖盘
1483,11:09:57,21.61,-0.01,3,6483,卖盘
1484,11:09:54,21.62,0.01,5,10810,买盘
1485,11:09:51,21.61,-0.01,31,66991,卖盘
1486,11:09:45,21.62,0.01,55,118910,买盘
1487,11:09:18,21.61,--,1,2701,卖盘
1488,11:09:15,21.61,-0.01,1,2161,卖盘
1489,11:09:12,21.62,-0.03,152,328624,卖盘
1490,11:09:09,21.65,0.01,1,2165,买盘
1491,11:08:57,21.64,--,8,17312,卖盘
1492,11:08:48,21.64,--,2,4328,中性盘
1493,11:08:33,21.64,--,2,4328,卖盘
1494,11:08:27,21.64,-0.01,1,2164,卖盘
1495,11:08:24,21.65,--,37,80624,卖盘
1496,11:08:21,21.65,--,3,6495,卖盘
1497,11:08:15,21.65,-0.01,1,3810,卖盘
1498,11:08:12,21.66,0.01,10,21660,买盘
1499,11:08:00,21.65,-0.01,2,4330,卖盘
1500,11:07:57,21.66,--,6,14165,卖盘
1501,11:07:48,21.66,0.01,43,94134,买盘
1502,11:07:45,21.65,-0.01,1,2165,卖盘
1503,11:07:39,21.66,0.01,6,12996,买盘
1504,11:07:33,21.65,--,10,21650,卖盘
1505,11:07:21,21.65,--,20,43300,卖盘
1506,11:07:12,21.65,--,10,21650,卖盘
1507,11:07:09,21.65,0.02,7,15154,买盘
1508,11:07:03,21.63,-0.02,1,2163,卖盘
1509,11:06:57,21.65,--,3,6495,买盘
1510,11:06:42,21.65,--,28,60619,买盘
1511,11:06:39,21.65,--,19,41135,买盘
1512,11:06:33,21.65,0.01,5,10825,买盘
1513,11:06:30,21.64,0.01,8,17312,中性盘
1514,11:06:27,21.63,-0.01,30,64890,卖盘
1515,11:06:24,21.64,--,11,23804,卖盘
1516,11:06:18,21.64,0.02,23,49772,买盘
1517,11:06:03,21.62,--,82,177284,买盘
1518,11:06:00,21.62,0.01,87,188094,买盘
1519,11:05:57,21.61,--,6,12966,卖盘
1520,11:05:54,21.61,0.01,5,11021,买盘
1521,11:05:48,21.6,--,3,6480,卖盘
1522,11:05:45,21.6,-0.01,2,4320,卖盘
1523,11:05:42,21.61,--,3,8427,卖盘
1524,11:05:39,21.61,--,1,2377,买盘
1525,11:05:36,21.61,--,10,21610,买盘
1526,11:05:33,21.61,--,103,222583,买盘
1527,11:05:30,21.61,--,4,8644,买盘
1528,11:05:27,21.61,--,6,12966,买盘
1529,11:05:12,21.61,--,220,477364,卖盘
1530,11:05:03,21.61,-0.01,1,2161,卖盘
1531,11:05:00,21.62,--,5,10810,买盘
1532,11:04:57,21.62,--,1,2162,买盘
1533,11:04:51,21.62,--,7,15134,买盘
1534,11:04:48,21.62,0.01,5,10810,买盘
1535,11:04:42,21.61,-0.01,8,17288,卖盘
1536,11:04:39,21.62,--,5,10810,买盘
1537,11:04:30,21.62,0.01,30,64860,买盘
1538,11:04:27,21.61,--,28,60508,卖盘
1539,11:04:21,21.61,--,110,237710,卖盘
1540,11:04:15,21.61,--,12,25932,卖盘
1541,11:04:12,21.61,--,2,4322,卖盘
1542,11:04:06,21.61,-0.01,9,19449,卖盘
1543,11:04:03,21.62,--,10,21620,买盘
1544,11:04:00,21.62,--,153,330786,卖盘
1545,11:03:30,21.62,--,5,10810,卖盘
1546,11:03:27,21.62,-0.03,14,30268,卖盘
1547,11:03:15,21.65,--,1,2165,买盘
1548,11:03:06,21.65,0.03,19,41135,买盘
1549,11:03:03,21.62,-0.02,1,2162,卖盘
1550,11:02:57,21.64,-0.01,5,10820,卖盘
1551,11:02:45,21.65,0.03,49,106085,买盘
1552,11:02:30,21.62,--,3,6486,卖盘
1553,11:02:24,21.62,-0.02,16,34592,卖盘
1554,11:02:18,21.64,--,10,21640,买盘
1555,11:02:06,21.64,--,5,10820,买盘
1556,11:02:00,21.64,0.02,21,45444,买盘
1557,11:01:57,21.62,--,1,2162,卖盘
1558,11:01:54,21.62,-0.02,3,6486,卖盘
1559,11:01:48,21.64,0.02,26,56264,买盘
1560,11:01:45,21.62,--,31,67022,卖盘
1561,11:01:42,21.62,--,5,10810,卖盘
1562,11:01:39,21.62,--,10,21620,卖盘
1563,11:01:30,21.62,--,7,15134,买盘
1564,11:01:24,21.62,--,5,10810,中性盘
1565,11:01:21,21.62,--,10,21620,卖盘
1566,11:01:18,21.62,0.01,10,21620,买盘
1567,11:01:15,21.61,-0.01,30,65046,卖盘
1568,11:01:09,21.62,0.01,18,38916,买盘
1569,11:01:06,21.61,-0.01,1,2161,卖盘
1570,11:01:00,21.62,--,3,6486,买盘
1571,11:00:51,21.62,--,18,38916,卖盘
1572,11:00:45,21.62,--,69,149178,买盘
1573,11:00:42,21.62,0.01,5,10810,买盘
1574,11:00:39,21.61,-0.01,15,32415,卖盘
1575,11:00:30,21.62,--,11,23782,买盘
1576,11:00:24,21.62,-0.01,15,32430,卖盘
1577,11:00:12,21.63,0.01,1,2163,买盘
1578,11:00:09,21.62,--,40,86480,卖盘
1579,11:00:00,21.62,-0.01,3,6486,卖盘
1580,10:59:48,21.63,0.01,21,45423,买盘
1581,10:59:42,21.62,-0.01,87,188094,卖盘
1582,10:59:30,21.63,--,5,10815,卖盘
1583,10:59:15,21.63,--,12,25956,卖盘
1584,10:59:06,21.63,-0.01,1,2163,卖盘
1585,10:59:00,21.64,0.01,6,12984,买盘
1586,10:58:39,21.63,--,3,6489,卖盘
1587,10:58:36,21.63,--,16,34608,卖盘
1588,10:58:30,21.63,--,10,21630,卖盘
1589,10:58:21,21.63,--,1,2163,卖盘
1590,10:58:18,21.63,--,35,75705,卖盘
1591,10:58:15,21.63,--,20,43260,卖盘
1592,10:58:09,21.63,-0.01,23,49749,卖盘
1593,10:58:00,21.64,--,22,47608,卖盘
1594,10:57:54,21.64,--,10,21640,卖盘
1595,10:57:45,21.64,-0.01,5,10820,卖盘
1596,10:57:42,21.65,--,24,51960,买盘
1597,10:57:39,21.65,--,3,6495,买盘
1598,10:57:36,21.65,0.01,3,6495,买盘
1599,10:57:33,21.64,-0.01,65,140660,卖盘
1600,10:57:30,21.65,--,2,4330,卖盘
1601,10:57:12,21.65,--,2,4330,卖盘
1602,10:57:00,21.65,-0.01,1,2165,卖盘
1603,10:56:57,21.66,0.01,7,15162,买盘
1604,10:56:54,21.65,--,1,2165,卖盘
1605,10:56:48,21.65,-0.01,1,2165,卖盘
1606,10:56:42,21.66,--,4,8664,买盘
1607,10:56:12,21.66,--,5,10830,买盘
1608,10:56:09,21.66,--,3,6498,买盘
1609,10:55:57,21.66,--,3,6498,买盘
1610,10:55:54,21.66,--,3,6498,买盘
1611,10:55:48,21.66,--,5,10830,卖盘
1612,10:55:45,21.66,--,2,4332,卖盘
1613,10:55:42,21.66,-0.01,1,2166,卖盘
1614,10:55:36,21.67,0.01,39,84513,买盘
1615,10:55:24,21.66,--,43,93138,卖盘
1616,10:55:18,21.66,-0.01,3,6498,卖盘
1617,10:55:06,21.67,0.01,9,19503,买盘
1618,10:55:00,21.66,-0.01,1,2166,卖盘
1619,10:54:54,21.67,--,19,41173,卖盘
1620,10:54:42,21.67,--,1,2167,卖盘
1621,10:54:36,21.67,-0.01,12,26004,卖盘
1622,10:54:06,21.68,--,5,10840,买盘
1623,10:54:03,21.68,--,5,10840,买盘
1624,10:53:48,21.68,0.01,3,6504,买盘
1625,10:53:39,21.67,-0.01,1,2167,卖盘
1626,10:53:33,21.68,--,55,121017,卖盘
1627,10:53:30,21.68,-0.01,1,2168,卖盘
1628,10:53:27,21.69,0.01,13,28197,买盘
1629,10:53:09,21.68,-0.01,2,4336,卖盘
1630,10:53:03,21.69,--,30,65070,买盘
1631,10:52:48,21.69,0.01,1,2169,买盘
1632,10:52:39,21.68,--,1,2168,卖盘
1633,10:52:33,21.68,--,8,17734,买盘
1634,10:52:09,21.68,0.01,3,6504,买盘
1635,10:52:06,21.67,-0.01,11,23837,卖盘
1636,10:51:51,21.68,0.01,1,2168,买盘
1637,10:51:42,21.67,-0.01,1,2167,卖盘
1638,10:51:36,21.68,--,5,10840,买盘
1639,10:51:24,21.68,--,20,43360,买盘
1640,10:51:21,21.68,-0.01,31,68985,卖盘
1641,10:51:18,21.69,0.01,30,65070,买盘
1642,10:51:09,21.68,-0.01,10,21680,卖盘
1643,10:51:06,21.69,0.01,10,21690,买盘
1644,10:51:00,21.68,--,1,2168,卖盘
1645,10:50:54,21.68,--,10,21680,卖盘
1646,10:50:48,21.68,-0.01,2,4336,卖盘
1647,10:50:36,21.69,--,10,21690,买盘
1648,10:50:27,21.69,0.01,10,21690,买盘
1649,10:50:24,21.68,--,7,15176,卖盘
1650,10:50:18,21.68,--,1,2168,卖盘
1651,10:50:12,21.68,--,89,193342,买盘
1652,10:50:09,21.68,--,5,10840,买盘
1653,10:50:06,21.68,--,10,21680,买盘
1654,10:50:03,21.68,--,1,2168,买盘
1655,10:49:57,21.68,0.02,1,2168,买盘
1656,10:49:45,21.66,-0.02,1,2166,卖盘
1657,10:49:39,21.68,--,60,130080,买盘
1658,10:49:27,21.68,--,22,47696,卖盘
1659,10:49:00,21.68,--,1,2168,卖盘
1660,10:48:57,21.68,0.02,77,166936,买盘
1661,10:48:54,21.66,-0.01,79,171114,卖盘
1662,10:48:30,21.67,--,3,6501,卖盘
1663,10:48:27,21.67,0.01,2,4334,买盘
1664,10:48:24,21.66,--,1,2166,卖盘
1665,10:48:21,21.66,--,10,21660,卖盘
1666,10:48:18,21.66,--,10,21660,卖盘
1667,10:48:06,21.66,-0.02,2,4332,卖盘
1668,10:48:03,21.68,0.01,24,52032,买盘
1669,10:47:54,21.67,--,34,73678,卖盘
1670,10:47:51,21.67,--,25,54175,卖盘
1671,10:47:48,21.67,--,2,4334,卖盘
1672,10:47:36,21.67,--,1,2167,卖盘
1673,10:47:33,21.67,--,14,30338,卖盘
1674,10:47:30,21.67,-0.01,15,32505,卖盘
1675,10:47:18,21.68,--,10,21680,卖盘
1676,10:47:12,21.68,-0.01,23,49864,卖盘
1677,10:47:06,21.69,0.01,87,188703,买盘
1678,10:47:00,21.68,--,3,6504,买盘
1679,10:46:45,21.68,--,16,34688,卖盘
1680,10:46:30,21.68,--,1,2168,买盘
1681,10:46:27,21.68,--,3,6504,卖盘
1682,10:46:18,21.68,-0.01,1,2168,卖盘
1683,10:46:12,21.69,--,2,4338,卖盘
1684,10:46:03,21.69,-0.01,1,2169,卖盘
1685,10:46:00,21.7,0.02,5,10850,买盘
1686,10:45:48,21.68,-0.02,1,2168,卖盘
1687,10:45:42,21.7,--,2,4340,买盘
1688,10:45:12,21.7,0.02,25,54250,买盘
1689,10:45:06,21.68,--,4,9842,卖盘
1690,10:45:03,21.68,0.01,0,997,买盘
1691,10:44:57,21.67,-0.01,1,2167,卖盘
1692,10:44:51,21.68,-0.02,24,53202,卖盘
1693,10:44:36,21.7,0.02,3,6510,买盘
1694,10:44:33,21.68,--,25,54200,卖盘
1695,10:44:27,21.68,--,100,216800,卖盘
1696,10:44:21,21.68,--,11,23848,卖盘
1697,10:44:15,21.68,-0.02,14,31349,卖盘
1698,10:43:57,21.7,--,17,36890,买盘
1699,10:43:54,21.7,0.02,3,6510,买盘
1700,10:43:45,21.68,--,2,4336,卖盘
1701,10:43:42,21.68,--,5,10840,卖盘
1702,10:43:39,21.68,-0.02,5,10840,卖盘
1703,10:43:36,21.7,--,5,10850,买盘
1704,10:43:33,21.7,--,12,26040,买盘
1705,10:43:24,21.7,0.02,36,78120,买盘
1706,10:43:21,21.68,--,2,4336,卖盘
1707,10:43:18,21.68,--,1,2168,卖盘
1708,10:43:15,21.68,--,4,8672,卖盘
1709,10:43:12,21.68,--,2,4336,卖盘
1710,10:42:57,21.68,--,4,8672,卖盘
1711,10:42:51,21.68,0.01,5,10840,卖盘
1712,10:42:36,21.67,--,1,2167,卖盘
1713,10:42:30,21.67,-0.01,2,4334,卖盘
1714,10:42:24,21.68,-0.01,3,6504,卖盘
1715,10:42:15,21.69,--,6,13014,卖盘
1716,10:42:09,21.69,0.01,15,32535,买盘
1717,10:42:03,21.68,--,18,39024,卖盘
1718,10:41:57,21.68,0.01,6,13008,买盘
1719,10:41:51,21.67,--,4,8668,买盘
1720,10:41:45,21.67,--,2,4334,买盘
1721,10:41:39,21.67,--,2,4334,卖盘
1722,10:41:36,21.67,--,54,117018,卖盘
1723,10:41:33,21.67,-0.01,11,23837,卖盘
1724,10:41:27,21.68,0.01,3,6504,买盘
1725,10:41:21,21.67,--,10,21670,卖盘
1726,10:41:18,21.67,-0.01,1,2167,卖盘
1727,10:41:09,21.68,--,4,8672,买盘
1728,10:41:00,21.68,0.01,48,104064,买盘
1729,10:40:57,21.67,-0.01,1,2167,卖盘
1730,10:40:54,21.68,--,24,52032,买盘
1731,10:40:51,21.68,--,50,108400,买盘
1732,10:40:45,21.68,0.01,2,4336,买盘
1733,10:40:36,21.67,--,3,6501,买盘
1734,10:40:30,21.67,0.01,2,4334,买盘
1735,10:40:27,21.66,--,3,6498,卖盘
1736,10:40:18,21.66,-0.01,1,2166,卖盘
1737,10:40:15,21.67,--,3,6501,买盘
1738,10:40:12,21.67,0.01,20,43340,买盘
1739,10:40:03,21.66,--,4,8664,卖盘
1740,10:40:00,21.66,0.01,10,21660,买盘
1741,10:39:48,21.65,--,1,2165,卖盘
1742,10:39:42,21.65,0.01,33,71445,买盘
1743,10:39:24,21.64,--,1,2164,买盘
1744,10:39:09,21.64,-0.01,5,10820,卖盘
1745,10:39:03,21.65,0.02,16,34640,买盘
1746,10:38:57,21.63,-0.02,22,47586,卖盘
1747,10:38:54,21.65,0.02,2,4330,买盘
1748,10:38:48,21.63,--,4,8652,卖盘
1749,10:38:36,21.63,--,96,207648,卖盘
1750,10:38:24,21.63,-0.01,30,64890,卖盘
1751,10:38:18,21.64,0.01,17,36788,买盘
1752,10:38:12,21.63,-0.01,21,45423,卖盘
1753,10:38:06,21.64,--,23,49772,卖盘
1754,10:38:00,21.64,-0.01,8,17312,卖盘
1755,10:37:57,21.65,--,36,77940,卖盘
1756,10:37:45,21.65,-0.01,5,10825,卖盘
1757,10:37:42,21.66,--,9,19494,卖盘
1758,10:37:39,21.66,--,10,21660,卖盘
1759,10:37:36,21.66,-0.01,2,4332,卖盘
1760,10:37:30,21.67,--,63,136521,卖盘
1761,10:37:21,21.67,--,10,21670,卖盘
1762,10:37:18,21.67,--,12,26004,卖盘
1763,10:37:15,21.67,--,10,21670,卖盘
1764,10:37:06,21.67,--,4,8668,卖盘
1765,10:37:03,21.67,-0.01,1,2167,卖盘
1766,10:36:57,21.68,--,1,2168,买盘
1767,10:36:36,21.68,--,23,49864,卖盘
1768,10:36:24,21.68,0.01,20,43360,买盘
1769,10:36:21,21.67,-0.01,1,2167,卖盘
1770,10:36:15,21.68,--,47,101896,卖盘
1771,10:36:03,21.68,--,29,62872,卖盘
1772,10:35:54,21.68,--,50,108400,卖盘
1773,10:35:42,21.68,--,6,13008,卖盘
1774,10:35:39,21.68,0.01,37,80216,买盘
1775,10:35:36,21.67,--,10,21670,卖盘
1776,10:35:33,21.67,-0.01,1,2167,卖盘
1777,10:35:30,21.68,0.01,3,6504,买盘
1778,10:35:27,21.67,--,20,43340,卖盘
1779,10:35:21,21.67,-0.01,3,6501,卖盘
1780,10:35:00,21.68,0.01,78,169104,买盘
1781,10:34:57,21.67,--,1,2167,卖盘
1782,10:34:51,21.67,-0.02,30,65010,卖盘
1783,10:34:39,21.69,0.01,5,10845,买盘
1784,10:34:33,21.68,-0.01,29,62872,卖盘
1785,10:34:30,21.69,--,5,10845,买盘
1786,10:34:24,21.69,0.01,5,10845,买盘
1787,10:34:09,21.68,--,1,2168,卖盘
1788,10:34:06,21.68,--,13,28184,卖盘
1789,10:34:03,21.68,--,6,13008,卖盘
1790,10:34:00,21.68,--,10,21680,卖盘
1791,10:33:54,21.68,--,55,119240,买盘
1792,10:33:51,21.68,0.01,6,13008,买盘
1793,10:33:48,21.67,--,10,21670,卖盘
1794,10:33:39,21.67,-0.01,6,13002,卖盘
1795,10:33:36,21.68,--,7,15176,卖盘
1796,10:33:33,21.68,--,3,6504,买盘
1797,10:33:18,21.68,0.01,3,6504,买盘
1798,10:33:15,21.67,--,19,41173,卖盘
1799,10:32:57,21.67,-0.01,1,2167,卖盘
1800,10:32:51,21.68,0.01,5,10840,买盘
1801,10:32:39,21.67,-0.01,21,45507,卖盘
1802,10:32:30,21.68,0.01,12,26016,买盘
1803,10:32:24,21.67,--,1,2167,卖盘
1804,10:32:18,21.67,--,30,65010,卖盘
1805,10:32:00,21.67,-0.01,1,2167,卖盘
1806,10:31:57,21.68,--,27,58536,买盘
1807,10:31:54,21.68,--,9,19512,卖盘
1808,10:31:42,21.68,--,2,4336,卖盘
1809,10:31:39,21.68,--,1,2168,卖盘
1810,10:31:33,21.68,--,17,36856,买盘
1811,10:31:21,21.68,--,29,62872,买盘
1812,10:31:09,21.68,--,1,2168,买盘
1813,10:31:06,21.68,0.02,4,8672,买盘
1814,10:30:54,21.66,-0.01,53,114798,卖盘
1815,10:30:51,21.67,0.01,21,45507,买盘
1816,10:30:48,21.66,--,1,2166,卖盘
1817,10:30:42,21.66,-0.02,3,7797,卖盘
1818,10:30:36,21.68,0.01,56,121408,买盘
1819,10:30:33,21.67,-0.01,1,2167,卖盘
1820,10:30:30,21.68,0.02,5,10840,买盘
1821,10:30:09,21.66,--,3,6498,卖盘
1822,10:30:06,21.66,-0.02,3,6498,卖盘
1823,10:30:03,21.68,0.04,18,39024,买盘
1824,10:30:00,21.64,--,10,21640,卖盘
1825,10:29:48,21.64,--,20,43280,卖盘
1826,10:29:45,21.64,0.01,22,47608,买盘
1827,10:29:42,21.63,-0.01,1,2163,卖盘
1828,10:29:39,21.64,--,7,15148,买盘
1829,10:29:36,21.64,0.01,10,21640,买盘
1830,10:29:27,21.63,-0.01,6,12978,卖盘
1831,10:29:24,21.64,--,5,10820,买盘
1832,10:29:21,21.64,-0.02,32,69248,卖盘
1833,10:29:18,21.66,0.02,8,17328,买盘
1834,10:29:15,21.64,--,2,4328,卖盘
1835,10:29:06,21.64,-0.02,20,43280,卖盘
1836,10:29:00,21.66,--,18,38988,买盘
1837,10:28:54,21.66,0.02,20,43320,买盘
1838,10:28:39,21.64,--,10,21640,卖盘
1839,10:28:36,21.64,-0.02,9,19476,卖盘
1840,10:28:24,21.66,0.02,3,6498,买盘
1841,10:28:21,21.64,--,10,21640,卖盘
1842,10:28:18,21.64,-0.01,79,170956,卖盘
1843,10:28:15,21.65,0.01,114,246809,买盘
1844,10:28:12,21.64,--,10,21640,卖盘
1845,10:28:00,21.64,--,36,77904,卖盘
1846,10:27:57,21.64,-0.01,10,21640,卖盘
1847,10:27:54,21.65,0.01,16,34640,买盘
1848,10:27:48,21.64,-0.01,15,32460,卖盘
1849,10:27:42,21.65,--,3,6495,买盘
1850,10:27:30,21.65,--,21,45465,卖盘
1851,10:27:27,21.65,--,2,4330,卖盘
1852,10:27:24,21.65,--,8,17320,卖盘
1853,10:27:21,21.65,--,13,28144,卖盘
1854,10:27:15,21.65,--,1,2165,卖盘
1855,10:27:09,21.65,-0.01,4,8660,卖盘
1856,10:27:06,21.66,--,12,25992,买盘
1857,10:27:03,21.66,0.01,50,108300,买盘
1858,10:26:57,21.65,-0.01,49,106085,卖盘
1859,10:26:54,21.66,--,149,322734,卖盘
1860,10:26:51,21.66,-0.01,35,75810,卖盘
1861,10:26:48,21.67,-0.01,1,2167,卖盘
1862,10:26:45,21.68,--,1,2168,卖盘
1863,10:26:42,21.68,--,10,21680,卖盘
1864,10:26:39,21.68,--,24,52032,卖盘
1865,10:26:36,21.68,--,18,39024,卖盘
1866,10:26:33,21.68,--,5,10840,卖盘
1867,10:26:30,21.68,--,30,65040,卖盘
1868,10:26:27,21.68,--,21,45528,卖盘
1869,10:26:21,21.68,-0.01,10,21680,卖盘
1870,10:26:12,21.69,--,33,71577,卖盘
1871,10:26:09,21.69,--,11,23859,卖盘
1872,10:26:06,21.69,-0.01,1,2169,卖盘
1873,10:26:03,21.7,--,66,143220,卖盘
1874,10:26:00,21.7,--,27,58590,卖盘
1875,10:25:54,21.7,--,10,21700,卖盘
1876,10:25:45,21.7,-0.01,26,56420,卖盘
1877,10:25:39,21.71,--,12,26052,卖盘
1878,10:25:18,21.71,--,2,4342,卖盘
1879,10:25:03,21.71,--,1,2171,卖盘
1880,10:24:54,21.71,0.01,21,45591,买盘
1881,10:24:48,21.7,--,1,2170,卖盘
1882,10:24:45,21.7,--,9,19530,卖盘
1883,10:24:42,21.7,0.01,74,160580,买盘
1884,10:24:36,21.69,--,5,10845,卖盘
1885,10:24:12,21.69,-0.01,1,2169,卖盘
1886,10:24:09,21.7,--,10,21700,买盘
1887,10:24:06,21.7,0.01,22,47740,买盘
1888,10:23:51,21.69,0.01,5,10845,买盘
1889,10:23:42,21.68,--,12,26016,卖盘
1890,10:23:39,21.68,--,13,28184,卖盘
1891,10:23:36,21.68,--,8,17344,卖盘
1892,10:23:33,21.68,--,3,6504,卖盘
1893,10:23:27,21.68,--,7,15176,卖盘
1894,10:23:09,21.68,-0.01,194,420592,卖盘
1895,10:23:06,21.69,--,20,43380,卖盘
1896,10:23:00,21.69,--,2,4338,卖盘
1897,10:22:51,21.69,--,10,21690,卖盘
1898,10:22:45,21.69,-0.01,1,2169,卖盘
1899,10:22:42,21.7,--,26,56420,卖盘
1900,10:22:39,21.7,--,20,43400,卖盘
1901,10:22:36,21.7,--,14,30380,卖盘
1902,10:22:33,21.7,--,5,10850,卖盘
1903,10:22:30,21.7,--,10,21700,卖盘
1904,10:22:27,21.7,--,92,199640,卖盘
1905,10:22:24,21.7,--,74,160580,卖盘
1906,10:22:18,21.7,--,59,128030,卖盘
1907,10:22:15,21.7,--,4,8680,卖盘
1908,10:22:12,21.7,--,1,2170,卖盘
1909,10:22:09,21.7,--,8,17360,卖盘
1910,10:22:03,21.7,--,28,60760,卖盘
1911,10:21:54,21.7,-0.01,5,10850,卖盘
1912,10:21:42,21.71,--,10,21710,卖盘
1913,10:21:39,21.71,-0.01,5,10855,卖盘
1914,10:21:36,21.72,--,50,108600,买盘
1915,10:21:30,21.72,0.01,1,2172,买盘
1916,10:21:24,21.71,--,1,2171,卖盘
1917,10:21:18,21.71,--,5,10855,卖盘
1918,10:20:54,21.71,0.01,40,86840,买盘
1919,10:20:48,21.7,--,1,2170,卖盘
1920,10:20:45,21.7,--,10,21700,卖盘
1921,10:20:42,21.7,-0.01,5,10850,卖盘
1922,10:20:33,21.71,0.01,5,10855,买盘
1923,10:20:30,21.7,-0.01,3,6510,卖盘
1924,10:20:27,21.71,0.01,12,26052,买盘
1925,10:20:24,21.7,--,1,2170,卖盘
1926,10:20:15,21.7,-0.01,2,4340,卖盘
1927,10:20:09,21.71,--,4,8684,买盘
1928,10:19:54,21.71,-0.01,4,8684,卖盘
1929,10:19:48,21.72,0.01,6,13032,买盘
1930,10:19:45,21.71,-0.01,7,15197,卖盘
1931,10:19:42,21.72,0.01,2,4344,买盘
1932,10:19:30,21.71,--,1,2171,卖盘
1933,10:19:24,21.71,--,1,2171,卖盘
1934,10:19:18,21.71,--,11,23881,买盘
1935,10:19:12,21.71,0.01,17,36907,买盘
1936,10:19:09,21.7,--,4,8680,卖盘
1937,10:19:00,21.7,0.01,14,30380,买盘
1938,10:18:57,21.69,-0.01,21,45549,卖盘
1939,10:18:54,21.7,0.01,62,134540,买盘
1940,10:18:48,21.69,--,5,10845,卖盘
1941,10:18:30,21.69,-0.01,4,8676,卖盘
1942,10:18:27,21.7,--,4,8680,买盘
1943,10:18:24,21.7,--,31,67270,卖盘
1944,10:18:18,21.7,-0.01,10,21700,卖盘
1945,10:18:15,21.71,--,3,6513,买盘
1946,10:18:12,21.71,0.01,9,19539,买盘
1947,10:18:09,21.7,--,5,10850,卖盘
1948,10:18:03,21.7,--,22,47740,卖盘
1949,10:18:00,21.7,--,10,21700,卖盘
1950,10:17:57,21.7,-0.01,4,8680,卖盘
1951,10:17:51,21.71,0.01,10,21710,买盘
1952,10:17:48,21.7,--,5,10850,卖盘
1953,10:17:42,21.7,-0.01,1,2170,卖盘
1954,10:17:39,21.71,-0.01,41,89011,卖盘
1955,10:17:36,21.72,0.01,1,2172,买盘
1956,10:17:15,21.71,--,11,23881,卖盘
1957,10:17:06,21.71,--,15,32565,卖盘
1958,10:17:00,21.71,-0.01,10,21710,卖盘
1959,10:16:57,21.72,--,1,2172,买盘
1960,10:16:54,21.72,--,26,56971,卖盘
1961,10:16:48,21.72,--,12,27736,卖盘
1962,10:16:45,21.72,--,21,45612,卖盘
1963,10:16:42,21.72,--,2,4344,卖盘
1964,10:16:39,21.72,--,4,8688,中性盘
1965,10:16:27,21.72,0.01,5,10860,买盘
1966,10:16:15,21.71,-0.01,2,4342,中性盘
1967,10:16:09,21.72,--,10,21720,买盘
1968,10:16:06,21.72,0.02,1,2172,买盘
1969,10:16:03,21.7,--,1,2170,卖盘
1970,10:15:57,21.7,-0.02,2,4340,卖盘
1971,10:15:51,21.72,0.02,1,2172,买盘
1972,10:15:48,21.7,--,20,43400,卖盘
1973,10:15:45,21.7,--,375,813750,卖盘
1974,10:15:39,21.7,--,10,21700,卖盘
1975,10:15:36,21.7,-0.02,329,713930,卖盘
1976,10:15:21,21.72,-0.01,3,6516,卖盘
1977,10:15:18,21.73,-0.02,92,199916,卖盘
1978,10:15:15,21.75,--,34,73950,卖盘
1979,10:15:09,21.75,--,10,21750,卖盘
1980,10:15:03,21.75,-0.02,49,106575,卖盘
1981,10:15:00,21.77,0.02,43,93611,买盘
1982,10:14:57,21.75,--,93,202275,卖盘
1983,10:14:51,21.75,--,3,6525,卖盘
1984,10:14:42,21.75,--,16,34800,卖盘
1985,10:14:39,21.75,-0.02,10,21750,卖盘
1986,10:14:36,21.77,0.01,12,26124,买盘
1987,10:14:33,21.76,--,2,4352,买盘
1988,10:14:30,21.76,-0.01,40,87040,卖盘
1989,10:14:21,21.77,--,3,6531,卖盘
1990,10:14:18,21.77,--,13,28301,卖盘
1991,10:14:06,21.77,--,17,37009,卖盘
1992,10:14:03,21.77,0.01,19,41363,买盘
1993,10:14:00,21.76,--,1,2176,卖盘
1994,10:13:54,21.76,--,4,8704,卖盘
1995,10:13:51,21.76,--,9,19584,卖盘
1996,10:13:48,21.76,-0.01,5,10880,卖盘
1997,10:13:42,21.77,0.01,30,65310,买盘
1998,10:13:36,21.76,0.01,12,26112,买盘
1999,10:13:33,21.75,--,6,13050,卖盘
2000,10:13:21,21.75,-0.01,1,2175,卖盘
2001,10:13:15,21.76,--,11,23936,买盘
2002,10:13:12,21.76,0.01,34,73984,买盘
2003,10:13:03,21.75,--,1,2175,卖盘
2004,10:12:51,21.75,--,6,13050,卖盘
2005,10:12:45,21.75,--,1,2175,卖盘
2006,10:12:39,21.75,-0.02,50,108750,卖盘
2007,10:12:30,21.77,--,11,23947,卖盘
2008,10:12:27,21.77,--,45,97965,卖盘
2009,10:12:21,21.77,--,7,15239,卖盘
2010,10:12:15,21.77,--,5,10885,卖盘
2011,10:12:06,21.77,0.01,12,26124,买盘
2012,10:12:03,21.76,-0.01,6,13056,卖盘
2013,10:12:00,21.77,0.01,10,21770,买盘
2014,10:11:57,21.76,-0.01,10,21760,卖盘
2015,10:11:51,21.77,--,12,26124,卖盘
2016,10:11:48,21.77,--,3,6531,卖盘
2017,10:11:39,21.77,--,2,4354,买盘
2018,10:11:30,21.77,--,6,13062,中性盘
2019,10:11:24,21.77,0.01,2,4354,买盘
2020,10:11:21,21.76,--,1,2176,卖盘
2021,10:11:15,21.76,-0.01,7,15232,卖盘
2022,10:11:12,21.77,0.01,8,17416,买盘
2023,10:11:06,21.76,0.01,2,4352,买盘
2024,10:10:51,21.75,-0.01,26,56550,卖盘
2025,10:10:48,21.76,0.01,2,4352,买盘
2026,10:10:39,21.75,-0.01,1,2175,卖盘
2027,10:10:36,21.76,-0.02,22,47872,卖盘
2028,10:10:33,21.78,0.02,37,80586,买盘
2029,10:10:27,21.76,--,29,63104,卖盘
2030,10:10:18,21.76,-0.02,10,21760,卖盘
2031,10:10:15,21.78,-0.01,2,4356,卖盘
2032,10:10:12,21.79,--,148,322557,卖盘
2033,10:10:09,21.79,-0.01,85,185215,卖盘
2034,10:10:06,21.8,--,55,119900,买盘
2035,10:10:03,21.8,0.01,25,54500,买盘
2036,10:10:00,21.79,-0.01,1,2179,卖盘
2037,10:09:57,21.8,0.01,20,43600,买盘
2038,10:09:54,21.79,--,32,69728,卖盘
2039,10:09:48,21.79,-0.01,59,128561,卖盘
2040,10:09:45,21.8,0.01,35,76300,买盘
2041,10:09:39,21.79,-0.01,15,32685,卖盘
2042,10:09:36,21.8,0.01,7,15260,买盘
2043,10:09:33,21.79,--,6,13074,卖盘
2044,10:09:27,21.79,--,21,45759,卖盘
2045,10:09:24,21.79,-0.01,3,6537,卖盘
2046,10:09:21,21.8,--,4,8720,买盘
2047,10:09:09,21.8,0.01,65,141700,买盘
2048,10:09:06,21.79,-0.01,16,34864,卖盘
2049,10:09:03,21.8,0.01,18,39240,买盘
2050,10:08:51,21.79,--,4,8716,卖盘
2051,10:08:48,21.79,--,27,58833,卖盘
2052,10:08:45,21.79,--,28,63125,买盘
2053,10:08:42,21.79,--,105,228795,买盘
2054,10:08:39,21.79,--,12,26148,买盘
2055,10:08:33,21.79,--,2,4358,买盘
2056,10:08:30,21.79,0.01,13,28327,买盘
2057,10:08:27,21.78,-0.01,3,6534,卖盘
2058,10:08:24,21.79,--,21,45759,买盘
2059,10:08:18,21.79,--,20,43580,买盘
2060,10:08:15,21.79,--,7,15253,买盘
2061,10:08:12,21.79,-0.01,32,70708,卖盘
2062,10:08:09,21.8,0.01,2,5559,买盘
2063,10:08:06,21.79,--,5,10895,卖盘
2064,10:08:00,21.79,--,49,106771,卖盘
2065,10:07:54,21.79,--,20,43580,买盘
2066,10:07:51,21.79,0.01,14,30506,买盘
2067,10:07:48,21.78,--,2,4356,卖盘
2068,10:07:45,21.78,-0.01,10,21780,卖盘
2069,10:07:42,21.79,0.01,100,217900,买盘
2070,10:07:36,21.78,0.02,176,383328,买盘
2071,10:07:33,21.76,-0.01,23,50048,中性盘
2072,10:07:27,21.77,0.02,56,121912,买盘
2073,10:07:24,21.75,-0.02,1,2175,卖盘
2074,10:07:18,21.77,0.01,10,21770,买盘
2075,10:07:09,21.76,--,2,4352,买盘
2076,10:07:03,21.76,--,1,2176,买盘
2077,10:06:54,21.76,--,17,36992,卖盘
2078,10:06:51,21.76,--,9,19584,卖盘
2079,10:06:48,21.76,--,3,6528,卖盘
2080,10:06:42,21.76,--,1,2176,卖盘
2081,10:06:36,21.76,0.01,16,34816,中性盘
2082,10:06:24,21.75,-0.01,100,217500,卖盘
2083,10:06:21,21.76,--,7,15232,买盘
2084,10:06:18,21.76,0.01,17,36992,买盘
2085,10:06:15,21.75,--,9,19575,卖盘
2086,10:06:06,21.75,-0.01,1,2175,卖盘
2087,10:06:00,21.76,--,2,4352,中性盘
2088,10:05:48,21.76,0.01,8,17408,中性盘
2089,10:05:45,21.75,--,5,10875,卖盘
2090,10:05:42,21.75,--,1,2175,卖盘
2091,10:05:39,21.75,--,5,10875,卖盘
2092,10:05:36,21.75,-0.02,23,50025,卖盘
2093,10:05:33,21.77,0.02,7,15239,买盘
2094,10:05:21,21.75,-0.01,10,21750,卖盘
2095,10:05:18,21.76,--,1,2176,卖盘
2096,10:05:15,21.76,0.01,6,13056,买盘
2097,10:05:12,21.75,-0.01,3,6525,卖盘
2098,10:04:51,21.76,0.01,35,76160,买盘
2099,10:04:45,21.75,0.01,65,141375,买盘
2100,10:04:42,21.74,--,30,65219,卖盘
2101,10:04:36,21.74,-0.01,15,32609,卖盘
2102,10:04:30,21.75,--,15,32625,买盘
2103,10:04:27,21.75,0.01,2,4350,中性盘
2104,10:04:21,21.74,-0.01,20,43480,卖盘
2105,10:04:18,21.75,-0.01,1,2175,中性盘
2106,10:04:15,21.76,0.02,6,13056,买盘
2107,10:04:09,21.74,--,28,60871,卖盘
2108,10:04:06,21.74,--,1,2174,卖盘
2109,10:03:57,21.74,--,1,2174,卖盘
2110,10:03:51,21.74,-0.02,35,76090,卖盘
2111,10:03:48,21.76,0.02,125,272000,买盘
2112,10:03:42,21.74,--,8,17392,买盘
2113,10:03:39,21.74,--,2,4348,买盘
2114,10:03:36,21.74,--,20,43480,买盘
2115,10:03:21,21.74,0.01,10,21740,买盘
2116,10:03:18,21.73,--,1,2173,卖盘
2117,10:03:12,21.73,--,2,4346,卖盘
2118,10:03:09,21.73,0.01,24,52152,买盘
2119,10:02:57,21.72,--,2,4344,卖盘
2120,10:02:42,21.72,--,50,108600,卖盘
2121,10:02:39,21.72,--,5,10860,卖盘
2122,10:02:36,21.72,0.01,1,2172,中性盘
2123,10:02:30,21.71,-0.02,5,10855,卖盘
2124,10:02:27,21.73,0.02,4,8692,买盘
2125,10:02:18,21.71,-0.02,31,67301,卖盘
2126,10:02:09,21.73,0.02,2,4346,买盘
2127,10:02:00,21.71,-0.01,23,49933,卖盘
2128,10:01:57,21.72,--,101,219372,卖盘
2129,10:01:54,21.72,--,9,19548,买盘
2130,10:01:51,21.72,0.01,3,6516,买盘
2131,10:01:48,21.71,-0.01,6,13026,卖盘
2132,10:01:45,21.72,--,8,17376,买盘
2133,10:01:42,21.72,--,20,43440,买盘
2134,10:01:39,21.72,0.01,1,2172,中性盘
2135,10:01:15,21.71,--,1,2171,卖盘
2136,10:01:12,21.71,-0.02,35,75985,卖盘
2137,10:01:09,21.73,0.01,5,10865,买盘
2138,10:01:06,21.72,-0.01,2,4344,中性盘
2139,10:00:57,21.73,0.01,27,58671,买盘
2140,10:00:54,21.72,--,1,2172,买盘
2141,10:00:48,21.72,--,4,8688,中性盘
2142,10:00:45,21.72,--,1,2172,买盘
2143,10:00:42,21.72,--,24,52128,卖盘
2144,10:00:36,21.72,--,7,15204,卖盘
2145,10:00:33,21.72,--,4,8688,卖盘
2146,10:00:30,21.72,-0.01,3,6516,卖盘
2147,10:00:27,21.73,--,13,28249,中性盘
2148,10:00:15,21.73,0.01,5,10865,买盘
2149,10:00:09,21.72,-0.01,28,60816,卖盘
2150,10:00:06,21.73,0.02,1,2173,买盘
2151,10:00:00,21.71,--,1,2171,卖盘
2152,09:59:57,21.71,-0.01,20,43420,卖盘
2153,09:59:54,21.72,0.01,1,2172,买盘
2154,09:59:45,21.71,--,3,6513,卖盘
2155,09:59:36,21.71,--,6,13026,卖盘
2156,09:59:33,21.71,--,2,4342,卖盘
2157,09:59:30,21.71,--,4,8684,卖盘
2158,09:59:18,21.71,0.01,29,62959,买盘
2159,09:59:15,21.7,--,1,2170,卖盘
2160,09:59:09,21.7,--,3,6510,卖盘
2161,09:59:03,21.7,--,3,6510,卖盘
2162,09:59:00,21.7,--,50,108500,卖盘
2163,09:58:51,21.7,--,1,2170,卖盘
2164,09:58:48,21.7,-0.03,10,21700,卖盘
2165,09:58:45,21.73,0.03,7,15211,买盘
2166,09:58:27,21.7,-0.03,36,78120,卖盘
2167,09:58:24,21.73,0.01,104,225992,买盘
2168,09:58:18,21.72,--,23,49956,卖盘
2169,09:58:15,21.72,--,9,19548,买盘
2170,09:58:06,21.72,0.01,1,2172,买盘
2171,09:58:03,21.71,--,5,10855,卖盘
2172,09:58:00,21.71,--,21,45591,卖盘
2173,09:57:54,21.71,-0.02,1,2171,卖盘
2174,09:57:51,21.73,0.01,5,10865,买盘
2175,09:57:48,21.72,0.01,1,2172,卖盘
2176,09:57:45,21.71,--,2,4342,卖盘
2177,09:57:42,21.71,-0.02,1,2171,卖盘
2178,09:57:36,21.73,--,4,8692,买盘
2179,09:57:33,21.73,--,12,26076,买盘
2180,09:57:18,21.73,0.03,2,4346,买盘
2181,09:57:15,21.7,-0.03,15,32550,卖盘
2182,09:57:09,21.73,0.03,1,2173,买盘
2183,09:56:57,21.7,--,2,4340,卖盘
2184,09:56:54,21.7,-0.03,39,84630,卖盘
2185,09:56:42,21.73,--,1,2173,买盘
2186,09:56:39,21.73,-0.01,12,26076,卖盘
2187,09:56:36,21.74,0.04,2,4348,买盘
2188,09:56:33,21.7,-0.04,20,43400,卖盘
2189,09:56:30,21.74,-0.01,3,6521,买盘
2190,09:56:24,21.75,0.01,12,26100,卖盘
2191,09:56:18,21.74,--,1,2174,买盘
2192,09:56:15,21.74,--,6,13043,买盘
2193,09:56:09,21.74,0.03,3,6521,买盘
2194,09:56:06,21.71,-0.03,115,249665,卖盘
2195,09:56:03,21.74,--,2,4348,卖盘
2196,09:56:00,21.74,--,10,21740,卖盘
2197,09:55:54,21.74,--,26,56523,卖盘
2198,09:55:48,21.74,-0.01,19,41306,卖盘
2199,09:55:45,21.75,0.01,26,56550,买盘
2200,09:55:42,21.74,-0.01,7,15217,卖盘
2201,09:55:39,21.75,--,5,10875,买盘
2202,09:55:36,21.75,--,1,2175,买盘
2203,09:55:33,21.75,--,10,21750,买盘
2204,09:55:30,21.75,--,2,4350,买盘
2205,09:55:21,21.75,0.01,22,47850,买盘
2206,09:55:18,21.74,-0.01,1,2174,卖盘
2207,09:55:15,21.75,--,120,261000,买盘
2208,09:55:09,21.75,0.01,25,54375,买盘
2209,09:55:06,21.74,--,1,2174,卖盘
2210,09:54:57,21.74,--,10,21740,卖盘
2211,09:54:54,21.74,-0.01,13,28261,卖盘
2212,09:54:51,21.75,0.01,29,63075,买盘
2213,09:54:48,21.74,--,23,50002,卖盘
2214,09:54:42,21.74,--,1,2174,卖盘
2215,09:54:39,21.74,-0.01,5,10870,卖盘
2216,09:54:36,21.75,0.01,4,8700,买盘
2217,09:54:33,21.74,--,15,32609,卖盘
2218,09:54:30,21.74,--,62,134788,卖盘
2219,09:54:27,21.74,--,28,60871,卖盘
2220,09:54:24,21.74,-0.01,11,23914,卖盘
2221,09:54:18,21.75,0.01,9,19575,买盘
2222,09:54:15,21.74,-0.01,1,2174,卖盘
2223,09:54:09,21.75,0.01,3,6525,买盘
2224,09:54:06,21.74,-0.01,25,54349,卖盘
2225,09:54:03,21.75,--,12,26100,卖盘
2226,09:54:00,21.75,--,13,28275,卖盘
2227,09:53:57,21.75,--,12,26100,卖盘
2228,09:53:54,21.75,--,176,382800,卖盘
2229,09:53:51,21.75,--,10,21750,卖盘
2230,09:53:48,21.75,-0.01,6,13050,卖盘
2231,09:53:45,21.76,0.01,10,21760,买盘
2232,09:53:42,21.75,--,3,6525,卖盘
2233,09:53:39,21.75,-0.01,41,89175,卖盘
2234,09:53:36,21.76,0.01,1,2176,中性盘
2235,09:53:24,21.75,-0.01,100,217500,卖盘
2236,09:53:15,21.76,--,16,34816,卖盘
2237,09:53:12,21.76,--,3,6528,卖盘
2238,09:53:06,21.76,--,5,10880,买盘
2239,09:53:03,21.76,-0.02,19,41344,中性盘
2240,09:52:57,21.78,--,58,126324,买盘
2241,09:52:48,21.78,0.03,153,333234,买盘
2242,09:52:45,21.75,--,18,39150,买盘
2243,09:52:42,21.75,-0.02,7,15225,卖盘
2244,09:52:39,21.77,0.01,25,54425,买盘
2245,09:52:33,21.76,-0.01,1,2176,卖盘
2246,09:52:27,21.77,0.02,6,13062,买盘
2247,09:52:21,21.75,-0.02,6,13050,买盘
2248,09:52:18,21.77,0.02,70,152390,买盘
2249,09:52:12,21.75,-0.01,104,226200,卖盘
2250,09:52:09,21.76,0.01,85,184960,买盘
2251,09:52:06,21.75,--,1,2175,卖盘
2252,09:52:00,21.75,--,6,13050,卖盘
2253,09:51:57,21.75,--,16,34800,卖盘
2254,09:51:51,21.75,-0.01,39,84825,卖盘
2255,09:51:48,21.76,-0.01,14,30464,卖盘
2256,09:51:45,21.77,0.01,10,21770,买盘
2257,09:51:42,21.76,-0.01,12,26112,卖盘
2258,09:51:36,21.77,-0.01,7,15239,买盘
2259,09:51:33,21.78,-0.01,70,152460,买盘
2260,09:51:24,21.79,0.01,80,174320,买盘
2261,09:51:21,21.78,--,4,8712,买盘
2262,09:51:18,21.78,--,29,63162,卖盘
2263,09:51:15,21.78,--,5,10890,卖盘
2264,09:51:12,21.78,-0.01,32,69696,卖盘
2265,09:51:09,21.79,--,6,13074,买盘
2266,09:51:03,21.79,0.01,30,65370,买盘
2267,09:51:00,21.78,-0.01,3,6534,中性盘
2268,09:50:57,21.79,--,11,23969,买盘
2269,09:50:54,21.79,0.01,88,191752,买盘
2270,09:50:51,21.78,-0.01,1,2178,卖盘
2271,09:50:48,21.79,0.01,20,43580,买盘
2272,09:50:42,21.78,0.02,15,32670,中性盘
2273,09:50:39,21.76,-0.03,3,6528,卖盘
2274,09:50:36,21.79,0.03,30,65370,买盘
2275,09:50:33,21.76,--,11,23936,卖盘
2276,09:50:30,21.76,0.02,30,65280,买盘
2277,09:50:27,21.74,-0.01,15,32609,卖盘
2278,09:50:24,21.75,--,10,21750,买盘
2279,09:50:21,21.75,--,12,26100,买盘
2280,09:50:18,21.75,0.01,10,21750,买盘
2281,09:50:15,21.74,-0.01,19,41306,卖盘
2282,09:50:12,21.75,--,11,23925,买盘
2283,09:50:09,21.75,--,103,224025,买盘
2284,09:50:06,21.75,0.01,5,10875,买盘
2285,09:50:03,21.74,--,10,21740,卖盘
2286,09:50:00,21.74,--,2,4348,卖盘
2287,09:49:57,21.74,--,2,4348,买盘
2288,09:49:54,21.74,0.01,20,43480,买盘
2289,09:49:51,21.73,--,1,2173,卖盘
2290,09:49:45,21.73,-0.01,23,49979,买盘
2291,09:49:42,21.74,0.01,94,204355,买盘
2292,09:49:39,21.73,-0.01,5,10865,买盘
2293,09:49:36,21.74,0.01,8,17392,买盘
2294,09:49:33,21.73,-0.01,5,10865,卖盘
2295,09:49:27,21.74,0.01,14,30435,买盘
2296,09:49:24,21.73,--,1,2173,卖盘
2297,09:49:18,21.73,-0.01,1,2173,卖盘
2298,09:49:15,21.74,0.06,3,6521,买盘
2299,09:49:12,21.68,-0.06,1,2168,卖盘
2300,09:49:09,21.74,0.04,150,326100,买盘
2301,09:49:06,21.7,-0.03,222,481740,卖盘
2302,09:49:03,21.73,0.03,20,43460,买盘
2303,09:49:00,21.7,-0.04,10,21700,卖盘
2304,09:48:57,21.74,0.02,12,26087,买盘
2305,09:48:54,21.72,-0.02,64,139008,卖盘
2306,09:48:51,21.74,--,20,43480,买盘
2307,09:48:48,21.74,0.04,14,30435,买盘
2308,09:48:45,21.7,-0.03,57,123690,卖盘
2309,09:48:42,21.73,0.01,20,43460,买盘
2310,09:48:39,21.72,--,31,67332,买盘
2311,09:48:36,21.72,--,49,106428,卖盘
2312,09:48:33,21.72,0.04,1,2172,中性盘
2313,09:48:27,21.68,-0.04,56,121408,卖盘
2314,09:48:21,21.72,0.04,248,538656,买盘
2315,09:48:15,21.68,--,10,21680,买盘
2316,09:48:06,21.68,0.02,7,15176,卖盘
2317,09:48:03,21.66,-0.04,10,21660,买盘
2318,09:47:57,21.7,0.05,50,108500,买盘
2319,09:47:54,21.65,-0.01,9,19485,卖盘
2320,09:47:51,21.66,--,1,2166,卖盘
2321,09:47:48,21.66,--,3,6498,买盘
2322,09:47:45,21.66,0.01,7,15162,买盘
2323,09:47:42,21.65,-0.01,30,64949,卖盘
2324,09:47:39,21.66,--,50,108300,买盘
2325,09:47:33,21.66,0.01,21,45486,买盘
2326,09:47:30,21.65,-0.01,5,10825,卖盘
2327,09:47:27,21.66,-0.01,103,223098,卖盘
2328,09:47:21,21.67,-0.02,3,6501,卖盘
2329,09:47:18,21.69,0.02,30,65070,买盘
2330,09:47:09,21.67,0.01,3,6501,买盘
2331,09:47:03,21.66,--,3,6498,卖盘
2332,09:46:57,21.66,--,34,73644,买盘
2333,09:46:51,21.66,0.01,1,2166,买盘
2334,09:46:45,21.65,0.01,93,201345,买盘
2335,09:46:42,21.64,-0.01,7,15148,买盘
2336,09:46:39,21.65,0.01,1,2165,买盘
2337,09:46:36,21.64,--,1,2164,卖盘
2338,09:46:33,21.64,--,10,21640,卖盘
2339,09:46:30,21.64,-0.01,16,34624,卖盘
2340,09:46:21,21.65,0.01,10,21650,买盘
2341,09:46:18,21.64,-0.01,5,10820,卖盘
2342,09:46:15,21.65,--,11,23815,买盘
2343,09:46:06,21.65,-0.01,15,32474,卖盘
2344,09:46:03,21.66,--,1,2166,卖盘
2345,09:46:00,21.66,--,5,10830,买盘
2346,09:45:57,21.66,--,1,2166,买盘
2347,09:45:51,21.66,--,6,12996,卖盘
2348,09:45:48,21.66,-0.01,20,43320,卖盘
2349,09:45:45,21.67,0.01,8,17336,中性盘
2350,09:45:33,21.66,-0.02,9,19494,卖盘
2351,09:45:27,21.68,0.02,7,15176,买盘
2352,09:45:24,21.66,--,52,112632,买盘
2353,09:45:21,21.66,--,9,19494,买盘
2354,09:45:15,21.66,-0.02,51,110466,卖盘
2355,09:45:12,21.68,-0.02,44,95392,卖盘
2356,09:45:09,21.7,0.02,11,23870,买盘
2357,09:45:06,21.68,-0.02,3,6504,卖盘
2358,09:45:03,21.7,0.02,40,86800,买盘
2359,09:45:00,21.68,--,67,145256,卖盘
2360,09:44:57,21.68,-0.02,40,86720,卖盘
2361,09:44:54,21.7,0.02,9,19530,买盘
2362,09:44:48,21.68,-0.02,43,93224,卖盘
2363,09:44:45,21.7,0.02,2,4340,买盘
2364,09:44:39,21.68,--,50,108400,卖盘
2365,09:44:30,21.68,-0.02,1,2168,卖盘
2366,09:44:27,21.7,0.02,40,86800,买盘
2367,09:44:24,21.68,--,90,195120,卖盘
2368,09:44:21,21.68,-0.02,5,10840,卖盘
2369,09:44:18,21.7,0.01,20,43400,买盘
2370,09:44:15,21.69,--,12,26028,卖盘
2371,09:44:12,21.69,--,3,6507,卖盘
2372,09:44:06,21.69,-0.01,50,108450,卖盘
2373,09:44:03,21.7,--,20,43400,买盘
2374,09:44:00,21.7,--,70,151900,买盘
2375,09:43:57,21.7,--,30,65100,买盘
2376,09:43:54,21.7,0.01,48,104160,买盘
2377,09:43:51,21.69,-0.01,5,10845,卖盘
2378,09:43:45,21.7,--,36,78120,卖盘
2379,09:43:36,21.7,--,50,108500,买盘
2380,09:43:33,21.7,0.01,20,43400,买盘
2381,09:43:24,21.69,--,1,2169,卖盘
2382,09:43:21,21.69,-0.01,8,17352,卖盘
2383,09:43:18,21.7,0.01,24,52080,买盘
2384,09:43:15,21.69,--,5,10845,卖盘
2385,09:42:57,21.69,--,14,30366,卖盘
2386,09:42:54,21.69,--,4,8676,卖盘
2387,09:42:51,21.69,--,5,10845,卖盘
2388,09:42:48,21.69,--,9,19521,卖盘
2389,09:42:39,21.69,-0.01,1,2169,卖盘
2390,09:42:33,21.7,--,12,26040,卖盘
2391,09:42:30,21.7,0.01,5,10850,买盘
2392,09:42:27,21.69,--,16,34704,卖盘
2393,09:42:21,21.69,-0.01,19,41211,卖盘
2394,09:42:18,21.7,0.01,11,23870,买盘
2395,09:42:09,21.69,-0.01,4,8676,卖盘
2396,09:42:06,21.7,0.01,1,2170,买盘
2397,09:42:03,21.69,--,11,23859,卖盘
2398,09:41:54,21.69,-0.01,10,21690,卖盘
2399,09:41:51,21.7,--,3,6510,买盘
2400,09:41:48,21.7,--,25,54250,中性盘
2401,09:41:45,21.7,-0.01,1,2170,买盘
2402,09:41:42,21.71,--,1,2171,买盘
2403,09:41:39,21.71,0.01,12,26052,买盘
2404,09:41:36,21.7,--,2,4340,买盘
2405,09:41:33,21.7,-0.02,49,106330,卖盘
2406,09:41:30,21.72,0.01,5,10860,买盘
2407,09:41:24,21.71,--,15,32565,卖盘
2408,09:41:18,21.71,0.01,25,54275,买盘
2409,09:41:15,21.7,--,39,84630,卖盘
2410,09:41:12,21.7,--,10,21700,卖盘
2411,09:41:09,21.7,-0.02,61,132370,卖盘
2412,09:41:03,21.72,0.02,10,21720,买盘
2413,09:40:57,21.7,-0.01,50,108500,卖盘
2414,09:40:54,21.71,--,43,93353,卖盘
2415,09:40:51,21.71,--,27,58617,卖盘
2416,09:40:48,21.71,--,12,26052,卖盘
2417,09:40:45,21.71,0.01,57,123747,买盘
2418,09:40:42,21.7,--,5,10850,卖盘
2419,09:40:39,21.7,--,32,69440,卖盘
2420,09:40:33,21.7,--,33,71610,卖盘
2421,09:40:27,21.7,--,3,6510,卖盘
2422,09:40:24,21.7,--,12,26040,卖盘
2423,09:40:21,21.7,--,14,30380,卖盘
2424,09:40:18,21.7,--,134,290780,卖盘
2425,09:40:15,21.7,0.01,51,110670,买盘
2426,09:40:12,21.69,-0.01,9,19521,买盘
2427,09:40:09,21.7,0.01,155,336350,买盘
2428,09:40:06,21.69,-0.01,20,43380,卖盘
2429,09:40:03,21.7,0.01,10,21700,买盘
2430,09:40:00,21.69,--,98,212562,卖盘
2431,09:39:54,21.69,--,16,34704,卖盘
2432,09:39:51,21.69,--,67,145323,卖盘
2433,09:39:48,21.69,--,21,45549,卖盘
2434,09:39:45,21.69,0.01,16,34704,买盘
2435,09:39:39,21.68,--,10,21680,卖盘
2436,09:39:36,21.68,--,10,21680,卖盘
2437,09:39:33,21.68,--,55,119240,卖盘
2438,09:39:30,21.68,0.05,136,294848,买盘
2439,09:39:27,21.63,--,5,10815,卖盘
2440,09:39:21,21.63,-0.01,5,10815,卖盘
2441,09:39:18,21.64,--,1,2164,买盘
2442,09:39:15,21.64,0.02,48,103872,买盘
2443,09:39:12,21.62,-0.02,8,17296,中性盘
2444,09:39:09,21.64,0.03,5,10820,买盘
2445,09:39:06,21.61,--,1,2161,卖盘
2446,09:39:03,21.61,--,10,21610,卖盘
2447,09:39:00,21.61,--,25,54025,卖盘
2448,09:38:54,21.61,0.01,21,45381,买盘
2449,09:38:51,21.6,--,4,8640,卖盘
2450,09:38:48,21.6,0.01,118,256694,买盘
2451,09:38:45,21.59,-0.01,1,2159,中性盘
2452,09:38:42,21.6,0.02,38,82080,买盘
2453,09:38:39,21.58,-0.01,13,28053,卖盘
2454,09:38:36,21.59,-0.01,7,15113,中性盘
2455,09:38:33,21.6,--,23,49680,买盘
2456,09:38:30,21.6,0.02,2,4320,买盘
2457,09:38:27,21.58,-0.01,43,92793,卖盘
2458,09:38:24,21.59,--,1,2159,买盘
2459,09:38:21,21.59,-0.01,196,423164,卖盘
2460,09:38:18,21.6,-0.01,7,15120,中性盘
2461,09:38:15,21.61,0.01,61,131821,买盘
2462,09:38:12,21.6,--,25,54000,买盘
2463,09:38:09,21.6,-0.01,110,237600,中性盘
2464,09:38:03,21.61,0.02,2,4322,中性盘
2465,09:37:57,21.59,-0.09,200,431800,卖盘
2466,09:37:54,21.68,--,78,169104,买盘
2467,09:37:51,21.68,0.02,11,23848,买盘
2468,09:37:48,21.66,-0.02,9,19494,卖盘
2469,09:37:45,21.68,--,79,171272,买盘
2470,09:37:42,21.68,--,28,60704,卖盘
2471,09:37:39,21.68,--,47,101896,卖盘
2472,09:37:36,21.68,-0.01,100,216800,卖盘
2473,09:37:33,21.69,--,3,6507,买盘
2474,09:37:30,21.69,-0.01,37,80253,卖盘
2475,09:37:27,21.7,--,45,98908,卖盘
2476,09:37:24,21.7,--,45,97650,卖盘
2477,09:37:18,21.7,-0.01,13,28210,卖盘
2478,09:37:15,21.71,--,55,119405,买盘
2479,09:37:12,21.71,--,48,104208,买盘
2480,09:37:09,21.71,--,24,52104,卖盘
2481,09:37:03,21.71,--,61,132431,卖盘
2482,09:37:00,21.71,-0.02,4,8684,卖盘
2483,09:36:57,21.73,--,9,19557,买盘
2484,09:36:54,21.73,0.03,6,13038,中性盘
2485,09:36:45,21.7,-0.03,108,234360,卖盘
2486,09:36:42,21.73,0.01,22,47806,买盘
2487,09:36:39,21.72,0.02,4,8688,买盘
2488,09:36:36,21.7,--,50,108500,卖盘
2489,09:36:27,21.7,-0.02,54,117180,卖盘
2490,09:36:24,21.72,--,60,130320,卖盘
2491,09:36:21,21.72,0.02,19,41268,买盘
2492,09:36:18,21.7,--,2,4340,卖盘
2493,09:36:12,21.7,-0.02,6,13020,卖盘
2494,09:36:09,21.72,0.02,3,6516,买盘
2495,09:36:03,21.7,-0.02,100,217000,卖盘
2496,09:36:00,21.72,--,24,52128,卖盘
2497,09:35:54,21.72,--,10,21720,卖盘
2498,09:35:51,21.72,--,33,71676,卖盘
2499,09:35:48,21.72,--,14,30408,卖盘
2500,09:35:45,21.72,0.02,215,466980,买盘
2501,09:35:42,21.7,-0.01,28,60760,卖盘
2502,09:35:39,21.71,--,12,26052,卖盘
2503,09:35:36,21.71,-0.01,8,17368,卖盘
2504,09:35:27,21.72,--,18,39096,买盘
2505,09:35:24,21.72,0.01,3,6516,买盘
2506,09:35:18,21.71,-0.01,13,28223,中性盘
2507,09:35:09,21.72,--,21,45612,买盘
2508,09:35:03,21.72,--,11,23892,买盘
2509,09:34:57,21.72,--,18,39096,卖盘
2510,09:34:42,21.72,--,1,2172,卖盘
2511,09:34:39,21.72,0.02,124,269328,买盘
2512,09:34:36,21.7,--,10,21700,卖盘
2513,09:34:33,21.7,--,10,22611,卖盘
2514,09:34:27,21.7,--,12,26040,卖盘
2515,09:34:24,21.7,0.01,71,154070,买盘
2516,09:34:18,21.69,-0.01,5,10845,卖盘
2517,09:34:15,21.7,0.01,10,21700,买盘
2518,09:34:09,21.69,--,28,60732,卖盘
2519,09:34:06,21.69,--,15,32535,卖盘
2520,09:34:03,21.69,--,2,4338,卖盘
2521,09:34:00,21.69,--,10,21690,卖盘
2522,09:33:57,21.69,--,12,26028,卖盘
2523,09:33:54,21.69,--,2,4338,卖盘
2524,09:33:51,21.69,0.01,3,6507,卖盘
2525,09:33:48,21.68,--,16,34688,卖盘
2526,09:33:45,21.68,-0.01,232,502976,卖盘
2527,09:33:42,21.69,-0.01,10,21690,卖盘
2528,09:33:36,21.7,0.02,60,130200,买盘
2529,09:33:33,21.68,-0.01,281,609208,卖盘
2530,09:33:30,21.69,--,10,21690,买盘
2531,09:33:27,21.69,--,8,17352,买盘
2532,09:33:24,21.69,0.01,1,2169,买盘
2533,09:33:21,21.68,-0.02,61,133505,卖盘
2534,09:33:18,21.7,-0.01,6,13020,卖盘
2535,09:33:15,21.71,--,6,13026,买盘
2536,09:33:12,21.71,0.01,48,104208,买盘
2537,09:33:06,21.7,--,9,19530,卖盘
2538,09:33:03,21.7,-0.01,11,23870,卖盘
2539,09:33:00,21.71,0.01,5,10855,中性盘
2540,09:32:57,21.7,-0.01,22,47740,卖盘
2541,09:32:51,21.71,--,7,15197,中性盘
2542,09:32:45,21.71,--,32,69472,买盘
2543,09:32:42,21.71,--,2,4342,买盘
2544,09:32:39,21.71,--,3,6513,买盘
2545,09:32:36,21.71,--,21,45591,卖盘
2546,09:32:33,21.71,--,66,143286,卖盘
2547,09:32:24,21.71,-0.03,1,2171,卖盘
2548,09:32:21,21.74,0.03,60,130439,买盘
2549,09:32:18,21.71,--,5,10855,卖盘
2550,09:32:15,21.71,0.02,15,33476,买盘
2551,09:32:09,21.69,-0.01,43,94525,卖盘
2552,09:32:06,21.7,--,27,58590,卖盘
2553,09:32:03,21.7,--,145,315561,买盘
2554,09:32:00,21.7,--,10,21700,买盘
2555,09:31:57,21.7,--,28,62018,卖盘
2556,09:31:54,21.7,--,99,214830,卖盘
2557,09:31:51,21.7,-0.05,2,4340,卖盘
2558,09:31:48,21.75,0.05,1,2175,中性盘
2559,09:31:45,21.7,--,10,21700,卖盘
2560,09:31:42,21.7,--,19,41230,卖盘
2561,09:31:39,21.7,--,9,19530,卖盘
2562,09:31:33,21.7,0.01,34,74691,买盘
2563,09:31:30,21.69,-0.01,36,78084,卖盘
2564,09:31:27,21.7,--,3,6510,买盘
2565,09:31:21,21.7,-0.02,110,239980,卖盘
2566,09:31:12,21.72,0.02,66,144242,买盘
2567,09:31:09,21.7,--,6,13020,买盘
2568,09:31:06,21.7,--,16,34720,买盘
2569,09:31:03,21.7,--,568,1232560,卖盘
2570,09:31:00,21.7,-0.02,25,54250,卖盘
2571,09:30:57,21.72,-0.03,98,212856,卖盘
2572,09:30:54,21.75,-0.05,12,26100,卖盘
2573,09:30:51,21.8,0.05,10,21800,买盘
2574,09:30:45,21.75,--,10,21750,卖盘
2575,09:30:42,21.75,-0.09,12,26100,卖盘
2576,09:30:39,21.84,--,17,37128,买盘
2577,09:30:36,21.84,0.04,114,248976,买盘
2578,09:30:33,21.8,--,3,6540,买盘
2579,09:30:30,21.8,--,5,10900,买盘
2580,09:30:27,21.8,--,17,37060,买盘
2581,09:30:24,21.8,-0.04,6,13080,中性盘
2582,09:30:21,21.84,-0.01,7,15288,中性盘
2583,09:30:18,21.85,--,522,1140570,买盘
2584,09:30:15,21.85,0.01,11,24035,买盘
2585,09:30:12,21.84,0.04,21,45864,买盘
2586,09:30:09,21.8,0.07,68,148240,买盘
2587,09:30:06,21.73,-0.02,33,71709,卖盘
2588,09:30:03,21.75,0.07,28,60900,买盘
2589,09:30:00,21.68,--,0,0,卖盘
2590,09:25:03,21.68,21.68,155,337124,买盘
