,time,price,change,volume,amount,type
0,15:00:03,39.46,-0.02,261,1029906,卖盘
1,14:57:00,39.48,--,0,0,买盘
2,14:56:57,39.48,0.01,3,11843,买盘
3,14:56:48,39.47,-0.02,3,11841,卖盘
4,14:56:39,39.49,--,4,15796,卖盘
5,14:56:36,39.49,0.01,2,7898,买盘
6,14:56:33,39.48,-0.02,4,15791,中性盘
7,14:56:09,39.5,0.01,1,3950,买盘
8,14:56:06,39.49,0.01,4,15796,买盘
9,14:56:00,39.48,-0.01,10,39480,买盘
10,14:55:45,39.49,0.03,13,51337,中性盘
11,14:55:36,39.46,-0.02,22,86812,卖盘
12,14:55:33,39.48,-0.02,8,31583,卖盘
13,14:55:30,39.5,0.01,3,11850,买盘
14,14:55:27,39.49,0.01,4,15796,买盘
15,14:55:21,39.48,--,2,7895,卖盘
16,14:55:06,39.48,--,1,3947,卖盘
17,14:55:03,39.48,0.03,2,7895,中性盘
18,14:54:57,39.45,0.02,66,260370,买盘
19,14:54:51,39.43,--,5,19715,卖盘
20,14:54:45,39.43,--,1,3943,买盘
21,14:54:39,39.43,0.02,10,39430,买盘
22,14:54:36,39.41,-0.03,1,3940,中性盘
23,14:54:00,39.44,0.05,6,23664,买盘
24,14:53:48,39.39,0.04,3,11817,买盘
25,14:53:36,39.35,-0.04,4,15740,卖盘
26,14:53:24,39.39,0.04,23,90597,买盘
27,14:53:21,39.35,-0.03,5,19675,卖盘
28,14:53:18,39.38,0.03,3,11814,买盘
29,14:53:09,39.35,--,8,31480,卖盘
30,14:52:48,39.35,--,5,19675,卖盘
31,14:52:45,39.35,--,31,121985,买盘
32,14:52:42,39.35,0.01,2,7870,买盘
33,14:52:36,39.34,--,1,3934,卖盘
34,14:52:33,39.34,-0.01,2,7868,卖盘
35,14:52:30,39.35,--,1,3935,买盘
36,14:52:21,39.35,--,15,59025,买盘
37,14:52:18,39.35,0.01,1,3935,买盘
38,14:52:15,39.34,--,1,7631,卖盘
39,14:52:09,39.34,--,5,19670,卖盘
40,14:52:03,39.34,--,35,137690,买盘
41,14:51:54,39.34,--,1,3934,买盘
42,14:51:48,39.34,--,32,125888,买盘
43,14:51:33,39.34,--,6,23604,买盘
44,14:51:30,39.34,--,7,27538,买盘
45,14:51:21,39.34,0.01,1,3934,买盘
46,14:51:12,39.33,0.01,49,192717,买盘
47,14:51:09,39.32,--,1,3932,买盘
48,14:51:06,39.32,-0.02,17,66844,中性盘
49,14:50:54,39.34,0.02,6,23604,买盘
50,14:50:48,39.32,--,5,19660,买盘
51,14:50:42,39.32,-0.01,7,27524,卖盘
52,14:50:36,39.33,--,6,23598,中性盘
53,14:50:33,39.33,0.05,1,3933,买盘
54,14:50:30,39.28,-0.03,175,688499,卖盘
55,14:50:24,39.31,--,7,27517,买盘
56,14:50:21,39.31,0.01,12,47172,买盘
57,14:50:15,39.3,-0.01,16,62879,卖盘
58,14:50:09,39.31,--,2,7862,买盘
59,14:50:06,39.31,0.01,10,39310,中性盘
60,14:50:03,39.3,-0.01,130,510899,卖盘
61,14:49:57,39.31,0.01,2,7862,中性盘
62,14:49:45,39.3,-0.05,14,55019,卖盘
63,14:49:42,39.35,0.05,19,74765,买盘
64,14:49:39,39.3,-0.05,40,157200,卖盘
65,14:49:36,39.35,--,3,11805,买盘
66,14:49:30,39.35,--,11,43285,卖盘
67,14:49:27,39.35,--,3,11805,卖盘
68,14:49:21,39.35,-0.03,4,15740,卖盘
69,14:49:18,39.38,0.03,3,11814,买盘
70,14:49:15,39.35,--,3,11805,卖盘
71,14:49:12,39.35,--,16,62960,卖盘
72,14:48:57,39.35,-0.03,17,66895,卖盘
73,14:48:54,39.38,--,1,3938,买盘
74,14:48:45,39.38,--,1,3938,买盘
75,14:48:42,39.38,-0.01,38,149644,卖盘
76,14:48:39,39.39,--,6,23634,买盘
77,14:48:33,39.39,-0.01,15,59085,卖盘
78,14:48:24,39.4,0.01,60,236400,买盘
79,14:48:21,39.39,-0.01,13,51207,卖盘
80,14:48:18,39.4,--,6,23640,买盘
81,14:48:15,39.4,--,2,7880,买盘
82,14:48:12,39.4,--,1,3940,买盘
83,14:48:06,39.4,--,14,55160,买盘
84,14:48:03,39.4,-0.01,76,299440,卖盘
85,14:47:54,39.41,--,20,78820,卖盘
86,14:47:36,39.41,-0.04,37,145817,卖盘
87,14:47:33,39.45,0.04,1,3945,买盘
88,14:47:30,39.41,--,2,7881,卖盘
89,14:47:06,39.41,-0.03,7,27586,卖盘
90,14:47:00,39.44,0.04,8,31552,买盘
91,14:46:45,39.4,-0.03,21,82740,卖盘
92,14:46:39,39.43,-0.01,1,3943,买盘
93,14:46:33,39.44,--,20,78880,买盘
94,14:46:24,39.44,0.04,8,31552,中性盘
95,14:46:09,39.4,--,2,7880,卖盘
96,14:45:57,39.4,0.02,5,19700,买盘
97,14:45:54,39.38,-0.02,31,122078,卖盘
98,14:45:51,39.4,--,1,3940,买盘
99,14:45:48,39.4,--,4,15760,买盘
100,14:45:45,39.4,--,19,74860,买盘
101,14:45:42,39.4,--,5,19700,买盘
102,14:45:39,39.4,--,19,74860,买盘
103,14:45:30,39.4,--,1,3940,买盘
104,14:45:27,39.4,--,3,11820,买盘
105,14:45:24,39.4,--,32,126080,买盘
106,14:45:21,39.4,--,40,157600,买盘
107,14:45:12,39.4,0.01,10,39400,买盘
108,14:45:09,39.39,-0.06,114,449046,卖盘
109,14:45:03,39.45,0.04,1,3945,买盘
110,14:44:54,39.41,-0.04,1,3940,卖盘
111,14:44:48,39.45,--,7,27615,卖盘
112,14:44:36,39.45,--,51,201195,卖盘
113,14:44:30,39.45,--,1,3945,卖盘
114,14:44:27,39.45,--,2,7890,卖盘
115,14:44:18,39.45,-0.01,1,3945,卖盘
116,14:44:15,39.46,0.01,1,3946,买盘
117,14:43:54,39.45,-0.01,3,11835,卖盘
118,14:43:45,39.46,--,14,55244,买盘
119,14:43:39,39.46,-0.01,30,120629,卖盘
120,14:43:33,39.47,0.01,3,11841,买盘
121,14:43:30,39.46,--,19,74974,卖盘
122,14:43:27,39.46,-0.01,1,3946,卖盘
123,14:43:12,39.47,0.01,2,7894,买盘
124,14:43:09,39.46,--,2,7892,卖盘
125,14:43:06,39.46,-0.01,5,19730,卖盘
126,14:42:57,39.47,--,85,335495,卖盘
127,14:42:48,39.47,-0.01,1,3947,卖盘
128,14:42:42,39.48,0.01,1,3947,买盘
129,14:42:36,39.47,-0.01,2,7894,卖盘
130,14:42:27,39.48,0.01,2,7895,买盘
131,14:42:21,39.47,--,3,11841,买盘
132,14:42:18,39.47,0.01,2,7894,买盘
133,14:42:15,39.46,-0.01,14,55244,卖盘
134,14:42:06,39.47,-0.01,5,19735,卖盘
135,14:42:03,39.48,--,5,19740,买盘
136,14:42:00,39.48,--,1,3947,中性盘
137,14:41:54,39.48,0.02,5,19740,中性盘
138,14:41:15,39.46,-0.02,30,118380,卖盘
139,14:41:06,39.48,--,14,55271,买盘
140,14:40:45,39.48,-0.01,20,78960,卖盘
141,14:40:42,39.49,--,64,252736,买盘
142,14:40:33,39.49,0.01,4,15796,买盘
143,14:40:27,39.48,-0.01,5,19740,卖盘
144,14:40:06,39.49,0.01,5,19745,买盘
145,14:40:00,39.48,--,1,3947,卖盘
146,14:39:33,39.48,--,2,7895,卖盘
147,14:39:21,39.48,-0.01,1,3947,卖盘
148,14:38:57,39.49,-0.01,118,465982,卖盘
149,14:38:51,39.5,-0.01,29,114550,卖盘
150,14:38:48,39.51,--,2,7902,卖盘
151,14:38:27,39.51,-0.02,10,39510,卖盘
152,14:38:00,39.53,--,1,3953,买盘
153,14:37:51,39.53,--,10,39530,买盘
154,14:37:30,39.53,0.01,8,31624,买盘
155,14:36:57,39.52,--,6,23712,卖盘
156,14:36:45,39.52,--,1,3952,中性盘
157,14:36:18,39.52,-0.01,5,19760,卖盘
158,14:35:42,39.53,-0.01,10,39530,卖盘
159,14:35:30,39.54,-0.01,1,3954,卖盘
160,14:35:27,39.55,--,2,7909,买盘
161,14:35:15,39.55,--,5,19775,买盘
162,14:35:06,39.55,--,3,11865,买盘
163,14:34:57,39.55,--,10,39550,卖盘
164,14:34:42,39.55,-0.01,10,39550,卖盘
165,14:34:15,39.56,0.01,11,43516,买盘
166,14:34:12,39.55,-0.01,3,11865,卖盘
167,14:33:45,39.56,--,6,23736,买盘
168,14:33:36,39.56,0.01,3,11868,买盘
169,14:33:27,39.55,--,1,3954,卖盘
170,14:33:09,39.55,--,1,3954,卖盘
171,14:33:00,39.55,--,19,75145,买盘
172,14:32:48,39.55,--,10,39550,买盘
173,14:32:45,39.55,--,2,7909,卖盘
174,14:32:39,39.55,--,10,39550,卖盘
175,14:32:36,39.55,-0.01,6,23730,卖盘
176,14:32:00,39.56,-0.01,22,87032,卖盘
177,14:31:54,39.57,-0.01,1,3957,卖盘
178,14:31:51,39.58,--,8,31664,买盘
179,14:31:09,39.58,-0.06,13,51454,卖盘
180,14:30:54,39.64,0.06,64,253696,买盘
181,14:30:45,39.58,--,3,11874,买盘
182,14:30:33,39.58,--,1,3958,买盘
183,14:30:30,39.58,--,14,55412,买盘
184,14:30:21,39.58,--,35,138530,买盘
185,14:30:06,39.58,--,12,47496,买盘
186,14:30:03,39.58,0.03,3,11874,买盘
187,14:30:00,39.55,-0.03,15,59324,卖盘
188,14:29:54,39.58,--,1,3958,买盘
189,14:29:42,39.58,0.02,45,178110,买盘
190,14:29:36,39.56,--,20,79120,买盘
191,14:29:15,39.56,--,1,3956,买盘
192,14:29:09,39.56,--,1,3956,买盘
193,14:28:54,39.56,--,7,27692,买盘
194,14:28:45,39.56,--,23,90988,买盘
195,14:28:39,39.56,0.01,3,11868,买盘
196,14:28:33,39.55,-0.01,3,11865,卖盘
197,14:28:27,39.56,0.01,30,118680,买盘
198,14:28:15,39.55,--,100,395500,卖盘
199,14:28:03,39.55,0.05,88,348040,买盘
200,14:28:00,39.5,0.01,12,47400,买盘
201,14:27:54,39.49,0.01,1,3949,中性盘
202,14:27:42,39.48,-0.02,8,31583,卖盘
203,14:27:39,39.5,--,29,114550,买盘
204,14:27:33,39.5,0.02,2,7900,买盘
205,14:27:27,39.48,-0.02,50,197399,卖盘
206,14:27:24,39.5,--,4,15800,买盘
207,14:27:18,39.5,--,1,3950,买盘
208,14:27:12,39.5,0.02,5,19750,买盘
209,14:27:03,39.48,-0.02,2,7895,卖盘
210,14:26:45,39.5,--,5,19750,买盘
211,14:26:33,39.5,--,11,43450,买盘
212,14:26:21,39.5,--,5,19750,卖盘
213,14:26:18,39.5,--,3,11850,卖盘
214,14:25:33,39.5,-0.05,2,7900,卖盘
215,14:24:51,39.55,0.05,3,11865,买盘
216,14:24:48,39.5,-0.05,3,11850,卖盘
217,14:24:33,39.55,0.01,1,3954,买盘
218,14:24:30,39.54,--,5,19770,卖盘
219,14:24:24,39.54,-0.01,11,43494,卖盘
220,14:24:03,39.55,-0.01,23,90965,卖盘
221,14:23:48,39.56,--,5,19780,卖盘
222,14:23:12,39.56,-0.02,7,27692,卖盘
223,14:22:48,39.58,--,0,1583,卖盘
224,14:22:45,39.58,--,5,19790,卖盘
225,14:22:33,39.58,--,0,2374,买盘
226,14:22:18,39.58,-0.06,9,35622,卖盘
227,14:21:57,39.64,0.06,2,7928,中性盘
228,14:21:39,39.58,-0.02,1,3958,卖盘
229,14:20:42,39.6,--,8,31680,买盘
230,14:20:36,39.6,--,1,3960,买盘
231,14:20:21,39.6,--,3,11880,买盘
232,14:20:15,39.6,--,2,7920,买盘
233,14:20:06,39.6,--,1,3960,买盘
234,14:19:57,39.6,-0.05,15,59400,卖盘
235,14:19:36,39.65,--,5,19825,买盘
236,14:18:57,39.65,--,5,19825,卖盘
237,14:18:54,39.65,--,2,7930,卖盘
238,14:18:39,39.65,--,3,11895,买盘
239,14:18:24,39.65,--,2,7930,买盘
240,14:18:00,39.65,-0.02,10,39650,卖盘
241,14:17:57,39.67,0.02,1,3967,买盘
242,14:17:39,39.65,--,1,3965,买盘
243,14:17:36,39.65,--,6,23790,买盘
244,14:17:15,39.65,-0.02,4,15860,卖盘
245,14:17:00,39.67,0.02,5,19835,买盘
246,14:16:48,39.65,--,5,19825,买盘
247,14:16:42,39.65,--,9,35685,买盘
248,14:16:33,39.65,0.04,11,43615,买盘
249,14:16:30,39.61,--,1,6654,买盘
250,14:15:57,39.61,0.03,4,15844,买盘
251,14:15:51,39.58,--,2,7916,卖盘
252,14:15:45,39.58,--,3,11874,买盘
253,14:15:42,39.58,--,2,7916,买盘
254,14:15:36,39.58,--,3,11874,买盘
255,14:15:33,39.58,0.01,2,7916,买盘
256,14:15:12,39.57,--,1,3957,卖盘
257,14:15:06,39.57,--,3,11871,卖盘
258,14:14:45,39.57,0.02,5,19785,买盘
259,14:14:39,39.55,--,1,3954,买盘
260,14:14:36,39.55,--,2,7909,买盘
261,14:14:27,39.55,--,1,3954,买盘
262,14:14:24,39.55,-0.02,9,35595,卖盘
263,14:14:21,39.57,0.01,10,39570,买盘
264,14:14:09,39.56,--,1,3956,买盘
265,14:14:06,39.56,0.01,3,11868,买盘
266,14:13:48,39.55,0.01,2,7909,买盘
267,14:13:45,39.54,-0.01,1,3954,卖盘
268,14:13:30,39.55,0.01,5,19775,买盘
269,14:13:27,39.54,--,7,27678,卖盘
270,14:13:21,39.54,0.03,12,47448,买盘
271,14:13:03,39.51,--,1,3951,卖盘
272,14:12:48,39.51,0.05,3,11853,买盘
273,14:12:36,39.46,-0.05,35,138110,卖盘
274,14:12:24,39.51,-0.03,2,7902,卖盘
275,14:12:21,39.54,--,7,27678,买盘
276,14:12:00,39.54,--,2,7908,卖盘
277,14:11:54,39.54,0.03,9,35586,买盘
278,14:11:39,39.51,0.01,1,3951,买盘
279,14:11:36,39.5,-0.01,4,15800,卖盘
280,14:11:33,39.51,--,1,3951,买盘
281,14:11:27,39.51,--,1,3951,买盘
282,14:11:15,39.51,--,2,7902,买盘
283,14:11:12,39.51,-0.03,15,59265,卖盘
284,14:11:00,39.54,--,2,7908,卖盘
285,14:10:54,39.54,-0.01,2,7908,中性盘
286,14:10:09,39.55,0.04,1,3954,买盘
287,14:10:03,39.51,-0.04,4,15804,卖盘
288,14:09:54,39.55,0.04,9,35595,买盘
289,14:09:36,39.51,-0.04,5,19755,卖盘
290,14:09:21,39.55,--,9,35595,卖盘
291,14:09:15,39.55,--,7,27684,卖盘
292,14:09:09,39.55,--,1,3954,卖盘
293,14:08:57,39.55,-0.03,8,31639,中性盘
294,14:08:30,39.58,--,2,7916,买盘
295,14:08:12,39.58,0.07,3,11874,买盘
296,14:08:00,39.51,0.01,15,59265,中性盘
297,14:07:42,39.5,-0.01,8,31600,卖盘
298,14:07:15,39.51,--,6,23706,卖盘
299,14:07:00,39.51,0.06,3,13551,买盘
300,14:06:06,39.45,-0.06,25,98625,卖盘
301,14:06:00,39.51,0.01,8,31608,买盘
302,14:05:57,39.5,--,2,7900,买盘
303,14:05:54,39.5,--,14,57551,卖盘
304,14:05:48,39.5,--,0,1698,买盘
305,14:05:39,39.5,--,1,3950,买盘
306,14:05:27,39.5,0.05,7,27650,买盘
307,14:05:03,39.45,--,3,11835,买盘
308,14:04:54,39.45,--,1,3945,买盘
309,14:04:51,39.45,-0.05,5,19725,卖盘
310,14:04:45,39.5,--,1,3950,买盘
311,14:04:36,39.5,--,15,59250,买盘
312,14:04:27,39.5,--,0,2251,卖盘
313,14:04:21,39.5,0.07,0,1698,买盘
314,14:04:15,39.43,-0.07,1,3943,卖盘
315,14:04:12,39.5,0.01,12,47400,买盘
316,14:04:00,39.49,0.06,10,39490,买盘
317,14:03:57,39.43,--,20,78860,买盘
318,14:03:51,39.43,0.03,12,47316,中性盘
319,14:03:39,39.4,-0.03,4,15878,卖盘
320,14:03:33,39.43,--,2,9857,买盘
321,14:03:30,39.43,--,15,59145,买盘
322,14:03:27,39.43,0.03,10,39430,买盘
323,14:03:24,39.4,--,1,3940,卖盘
324,14:03:06,39.4,--,3,11820,买盘
325,14:03:00,39.4,0.02,2,7880,中性盘
326,14:02:57,39.38,-0.01,10,39380,卖盘
327,14:02:51,39.39,-0.04,50,196950,卖盘
328,14:02:45,39.43,0.03,5,19715,买盘
329,14:02:39,39.4,-0.03,13,51220,卖盘
330,14:02:33,39.43,0.03,10,39430,买盘
331,14:02:24,39.4,-0.03,203,799820,卖盘
332,14:02:21,39.43,--,6,23658,买盘
333,14:02:18,39.43,-0.02,42,165606,卖盘
334,14:02:09,39.45,--,20,78900,买盘
335,14:02:00,39.45,-0.04,122,481290,卖盘
336,14:01:57,39.49,--,4,15796,卖盘
337,14:01:54,39.49,-0.01,2,7898,卖盘
338,14:01:51,39.5,0.01,2,7900,买盘
339,14:01:39,39.49,-0.01,2,7898,卖盘
340,14:01:30,39.5,--,0,2251,卖盘
341,14:01:27,39.5,-0.01,46,181700,卖盘
342,14:01:12,39.51,0.01,24,94824,买盘
343,14:01:06,39.5,--,10,39500,卖盘
344,14:00:51,39.5,-0.01,10,43094,卖盘
345,14:00:45,39.51,0.01,33,130383,买盘
346,14:00:36,39.5,--,11,43450,卖盘
347,14:00:30,39.5,--,50,197500,卖盘
348,14:00:21,39.5,-0.01,12,47400,卖盘
349,14:00:15,39.51,--,13,51363,买盘
350,14:00:09,39.51,--,4,16041,卖盘
351,14:00:03,39.51,--,1,3951,卖盘
352,14:00:00,39.51,--,10,39510,卖盘
353,13:59:48,39.51,--,2,7902,卖盘
354,13:59:45,39.51,--,5,19755,卖盘
355,13:59:36,39.51,-0.09,29,114579,卖盘
356,13:59:15,39.6,0.08,11,43560,买盘
357,13:59:06,39.52,-0.08,10,39520,卖盘
358,13:58:45,39.6,--,2,7920,买盘
359,13:58:36,39.6,--,3,13147,卖盘
360,13:58:27,39.6,--,3,11880,卖盘
361,13:58:18,39.6,--,7,30412,买盘
362,13:58:00,39.6,--,3,11880,卖盘
363,13:57:45,39.6,--,3,11880,卖盘
364,13:57:18,39.6,0.05,3,11880,买盘
365,13:57:03,39.55,-0.1,1,3954,卖盘
366,13:56:54,39.65,--,1,3965,买盘
367,13:56:48,39.65,--,1,3965,中性盘
368,13:56:30,39.65,-0.03,1,3965,中性盘
369,13:56:21,39.68,0.03,11,43648,买盘
370,13:56:18,39.65,--,4,15860,卖盘
371,13:56:09,39.65,-0.03,4,15860,卖盘
372,13:55:57,39.68,--,4,15872,卖盘
373,13:55:24,39.68,0.03,7,27776,买盘
374,13:55:15,39.65,--,2,7930,卖盘
375,13:55:09,39.65,--,2,7930,卖盘
376,13:55:00,39.65,-0.03,2,7930,卖盘
377,13:54:39,39.68,-0.02,10,39680,卖盘
378,13:54:24,39.7,--,2,7940,买盘
379,13:54:21,39.7,0.04,1,3970,买盘
380,13:54:06,39.66,-0.02,3,11897,卖盘
381,13:54:00,39.68,0.02,1,3968,买盘
382,13:53:57,39.66,--,12,47591,卖盘
383,13:53:27,39.66,--,1,3965,买盘
384,13:53:18,39.66,0.01,2,7931,买盘
385,13:53:12,39.65,--,1,3965,卖盘
386,13:52:39,39.65,--,37,146705,买盘
387,13:52:27,39.65,0.14,10,39650,买盘
388,13:51:30,39.51,0.01,0,3713,买盘
389,13:51:21,39.5,-0.02,1,3950,卖盘
390,13:51:18,39.52,--,5,19997,卖盘
391,13:51:12,39.52,0.01,12,51138,买盘
392,13:51:00,39.51,--,7,27657,买盘
393,13:50:54,39.51,-0.01,3,11853,卖盘
394,13:50:45,39.52,--,9,35568,买盘
395,13:50:36,39.52,--,20,79040,买盘
396,13:50:33,39.52,0.02,11,43472,买盘
397,13:50:30,39.5,-0.02,1,3950,卖盘
398,13:50:21,39.52,--,30,118560,买盘
399,13:50:18,39.52,0.01,6,23712,买盘
400,13:50:09,39.51,--,1,3951,中性盘
401,13:50:03,39.51,--,1,3951,卖盘
402,13:49:57,39.51,--,4,15804,买盘
403,13:49:54,39.51,--,1,3951,买盘
404,13:49:51,39.51,--,3,11853,卖盘
405,13:49:42,39.51,-0.01,1,3951,卖盘
406,13:49:39,39.52,--,5,19760,买盘
407,13:49:33,39.52,--,10,39520,中性盘
408,13:49:27,39.52,0.02,1,3952,中性盘
409,13:49:06,39.5,-0.05,5,19750,卖盘
410,13:49:03,39.55,0.05,7,27684,买盘
411,13:48:57,39.5,-0.01,17,67150,卖盘
412,13:48:54,39.51,--,1,3951,中性盘
413,13:48:48,39.51,-0.04,10,39510,中性盘
414,13:48:36,39.55,0.05,10,39550,买盘
415,13:48:33,39.5,-0.04,32,126400,卖盘
416,13:48:15,39.54,0.03,1,3954,买盘
417,13:48:12,39.51,--,2,7902,卖盘
418,13:48:09,39.51,--,2,7902,卖盘
419,13:47:51,39.51,--,1,3951,卖盘
420,13:47:42,39.51,--,16,63216,卖盘
421,13:47:39,39.51,--,6,23706,卖盘
422,13:47:36,39.51,0.01,5,19755,买盘
423,13:47:30,39.5,-0.01,1,3950,卖盘
424,13:47:24,39.51,0.01,1,3951,买盘
425,13:47:15,39.5,--,8,31600,卖盘
426,13:47:03,39.5,-0.04,7,27650,卖盘
427,13:47:00,39.54,0.03,3,11862,买盘
428,13:46:57,39.51,--,2,7902,卖盘
429,13:46:39,39.51,--,36,142236,买盘
430,13:46:24,39.51,0.01,4,15804,买盘
431,13:46:18,39.5,--,20,79000,卖盘
432,13:46:09,39.5,--,43,169850,卖盘
433,13:46:06,39.5,--,13,51350,卖盘
434,13:46:03,39.5,--,1,3950,卖盘
435,13:46:00,39.5,--,23,90850,卖盘
436,13:45:51,39.5,--,6,23700,卖盘
437,13:45:42,39.5,-0.01,110,434500,卖盘
438,13:45:39,39.51,-0.02,2,7902,卖盘
439,13:45:36,39.53,0.03,4,15812,买盘
440,13:45:30,39.5,-0.03,117,464204,卖盘
441,13:45:24,39.53,--,4,15812,卖盘
442,13:45:21,39.53,--,1,3953,卖盘
443,13:45:18,39.53,--,2,7906,卖盘
444,13:45:06,39.53,-0.02,10,39530,卖盘
445,13:45:03,39.55,--,1,3954,买盘
446,13:44:54,39.55,0.02,3,11865,买盘
447,13:44:51,39.53,--,3,11859,买盘
448,13:44:27,39.53,-0.02,5,19765,卖盘
449,13:44:03,39.55,--,1,3954,买盘
450,13:44:00,39.55,-0.09,25,98875,卖盘
451,13:43:54,39.64,--,9,35676,卖盘
452,13:43:45,39.64,0.09,3,11892,买盘
453,13:43:33,39.55,-0.09,255,1011293,卖盘
454,13:43:27,39.64,0.03,66,263606,买盘
455,13:43:12,39.61,--,2,7922,买盘
456,13:42:57,39.61,0.01,5,19805,买盘
457,13:42:48,39.6,-0.01,3,11880,卖盘
458,13:42:45,39.61,--,10,39610,买盘
459,13:42:24,39.61,--,14,55454,买盘
460,13:41:57,39.61,-0.04,28,110908,卖盘
461,13:41:48,39.65,0.04,10,39650,买盘
462,13:41:39,39.61,--,1,3961,卖盘
463,13:41:21,39.61,-0.04,1,3961,卖盘
464,13:41:18,39.65,--,1,3965,买盘
465,13:40:51,39.65,--,9,35685,买盘
466,13:40:09,39.65,--,5,19825,卖盘
467,13:40:03,39.65,--,3,11895,卖盘
468,13:40:00,39.65,--,2,7930,卖盘
469,13:39:51,39.65,0.05,1,3965,买盘
470,13:39:48,39.6,--,1,3960,卖盘
471,13:39:30,39.6,--,10,39600,卖盘
472,13:39:18,39.6,-0.05,20,79200,卖盘
473,13:39:15,39.65,--,1,3965,买盘
474,13:39:09,39.65,--,1,3965,卖盘
475,13:38:54,39.65,0.04,8,31720,买盘
476,13:38:45,39.61,-0.04,8,31688,卖盘
477,13:38:42,39.65,--,6,23790,中性盘
478,13:38:36,39.65,--,2,7930,卖盘
479,13:38:30,39.65,-0.01,10,39650,卖盘
480,13:38:18,39.66,--,1,3965,买盘
481,13:38:15,39.66,--,2,7931,卖盘
482,13:38:09,39.66,--,1,3965,卖盘
483,13:38:00,39.66,--,4,15863,卖盘
484,13:37:57,39.66,--,2,7931,卖盘
485,13:37:54,39.66,--,3,11897,买盘
486,13:37:48,39.66,--,3,11897,卖盘
487,13:37:09,39.66,-0.02,1,3965,卖盘
488,13:37:06,39.68,-0.01,9,35712,卖盘
489,13:36:57,39.69,--,8,31752,买盘
490,13:36:18,39.69,--,2,7938,卖盘
491,13:36:03,39.69,-0.03,11,43659,卖盘
492,13:36:00,39.72,0.03,2,7944,买盘
493,13:35:48,39.69,--,23,91287,买盘
494,13:35:21,39.69,--,1,3969,买盘
495,13:35:00,39.69,--,11,43659,买盘
496,13:34:54,39.69,--,1,3969,买盘
497,13:34:45,39.69,-0.07,5,19845,卖盘
498,13:34:27,39.76,--,3,11928,买盘
499,13:34:03,39.76,0.07,9,35784,买盘
500,13:34:00,39.69,-0.07,1,3969,卖盘
501,13:33:57,39.76,-0.02,6,23856,中性盘
502,13:33:09,39.78,0.01,1,3978,买盘
503,13:33:03,39.77,-0.01,10,39770,中性盘
504,13:32:06,39.78,0.07,10,39780,中性盘
505,13:31:21,39.71,--,5,19855,卖盘
506,13:31:09,39.71,--,0,39,买盘
507,13:30:57,39.71,--,2,11873,卖盘
508,13:30:36,39.71,--,2,7981,买盘
509,13:30:12,39.71,--,1,3971,买盘
510,13:30:09,39.71,--,8,31768,买盘
511,13:30:03,39.71,0.01,8,31768,买盘
512,13:30:00,39.7,--,8,31760,卖盘
513,13:29:12,39.7,--,2,7940,买盘
514,13:28:33,39.7,--,1,3970,买盘
515,13:28:18,39.7,--,2,7940,买盘
516,13:28:15,39.7,--,2,7940,买盘
517,13:28:12,39.7,0.05,8,31760,买盘
518,13:27:45,39.65,--,14,55510,买盘
519,13:27:27,39.65,-0.04,35,138775,卖盘
520,13:27:15,39.69,--,4,15876,买盘
521,13:27:06,39.69,0.04,3,11907,买盘
522,13:27:00,39.65,--,2,7930,买盘
523,13:26:57,39.65,--,4,15860,买盘
524,13:26:48,39.65,--,2,7930,买盘
525,13:26:36,39.65,--,5,19825,买盘
526,13:26:33,39.65,0.01,3,11895,买盘
527,13:26:21,39.64,--,7,27748,买盘
528,13:26:18,39.64,--,10,39640,买盘
529,13:26:15,39.64,--,5,19820,买盘
530,13:25:48,39.64,--,1,3964,买盘
531,13:25:36,39.64,--,1,3964,买盘
532,13:25:30,39.64,--,1,3964,买盘
533,13:25:21,39.64,--,11,43604,买盘
534,13:25:18,39.64,--,2,7928,买盘
535,13:25:06,39.64,--,1,3964,买盘
536,13:24:48,39.64,-0.01,1,3964,中性盘
537,13:24:45,39.65,0.03,7,27755,买盘
538,13:24:21,39.62,--,11,43582,买盘
539,13:24:15,39.62,--,3,11886,买盘
540,13:24:00,39.62,--,16,63391,卖盘
541,13:23:51,39.62,-0.03,5,19810,卖盘
542,13:23:33,39.65,-0.04,9,35685,卖盘
543,13:23:24,39.69,0.01,9,35721,买盘
544,13:22:39,39.68,--,3,11904,卖盘
545,13:22:24,39.68,--,5,20197,买盘
546,13:22:18,39.68,--,5,23450,买盘
547,13:21:57,39.68,--,1,3968,买盘
548,13:21:54,39.68,--,12,47616,卖盘
549,13:21:36,39.68,--,3,11904,卖盘
550,13:21:33,39.68,--,5,19840,买盘
551,13:21:27,39.68,--,5,19840,买盘
552,13:21:24,39.68,0.01,6,23808,买盘
553,13:21:12,39.67,-0.01,1,3967,卖盘
554,13:21:09,39.68,--,2,7936,买盘
555,13:20:51,39.68,-0.01,1,3968,买盘
556,13:20:33,39.69,--,2,7938,卖盘
557,13:20:27,39.69,0.02,5,19845,买盘
558,13:20:18,39.67,--,2,7934,卖盘
559,13:20:12,39.67,--,1,3967,卖盘
560,13:19:57,39.67,-0.02,11,43994,卖盘
561,13:19:54,39.69,--,1,3969,买盘
562,13:19:30,39.69,0.01,18,71442,买盘
563,13:19:09,39.68,--,1,3968,卖盘
564,13:18:30,39.68,-0.01,1,3968,中性盘
565,13:18:00,39.69,0.02,11,43659,买盘
566,13:17:39,39.67,--,3,11901,买盘
567,13:17:33,39.67,--,10,39670,买盘
568,13:17:27,39.67,--,1,3967,买盘
569,13:17:24,39.67,0.01,1,3967,买盘
570,13:17:21,39.66,-0.01,6,23795,卖盘
571,13:17:18,39.67,--,2,7934,买盘
572,13:17:06,39.67,--,1,3967,买盘
573,13:16:48,39.67,--,1,3967,买盘
574,13:16:36,39.67,--,15,59505,买盘
575,13:16:27,39.67,--,5,19835,买盘
576,13:16:24,39.67,--,6,23802,买盘
577,13:16:12,39.67,--,1,3967,买盘
578,13:16:03,39.67,--,5,19835,买盘
579,13:16:00,39.67,--,1,3967,买盘
580,13:15:45,39.67,--,10,39670,买盘
581,13:15:36,39.67,--,9,35703,买盘
582,13:15:33,39.67,--,3,11901,买盘
583,13:15:18,39.67,--,124,491908,卖盘
584,13:15:15,39.67,-0.03,1,3967,卖盘
585,13:14:42,39.7,--,2,7940,卖盘
586,13:14:39,39.7,0.01,10,39700,买盘
587,13:14:12,39.69,-0.01,2,7938,中性盘
588,13:13:48,39.7,--,26,103220,卖盘
589,13:13:45,39.7,-0.01,11,43670,卖盘
590,13:13:39,39.71,--,10,39710,买盘
591,13:13:30,39.71,--,4,19815,卖盘
592,13:13:12,39.71,-0.03,1,3971,卖盘
593,13:13:06,39.74,--,2,7948,买盘
594,13:13:03,39.74,--,4,15896,卖盘
595,13:12:54,39.74,--,3,11922,卖盘
596,13:12:42,39.74,0.03,2,7948,买盘
597,13:12:36,39.71,--,3,11913,卖盘
598,13:12:15,39.71,-0.03,30,119130,卖盘
599,13:12:12,39.74,-0.02,14,55675,卖盘
600,13:11:45,39.76,-0.01,15,61230,卖盘
601,13:11:21,39.77,--,6,24219,卖盘
602,13:11:18,39.77,--,1,3977,卖盘
603,13:11:06,39.77,-0.01,8,31816,卖盘
604,13:10:45,39.78,--,10,39780,买盘
605,13:10:36,39.78,-0.02,10,43718,卖盘
606,13:10:24,39.8,-0.01,1,3979,中性盘
607,13:10:00,39.81,--,0,557,卖盘
608,13:09:57,39.81,--,3,13814,卖盘
609,13:09:48,39.81,0.03,5,21457,买盘
610,13:09:42,39.78,-0.03,5,19890,卖盘
611,13:09:18,39.81,--,0,437,卖盘
612,13:09:15,39.81,--,1,3981,卖盘
613,13:09:09,39.81,--,2,10191,卖盘
614,13:09:03,39.81,--,2,10111,卖盘
615,13:08:54,39.81,--,0,318,卖盘
616,13:08:48,39.81,0.02,3,14769,买盘
617,13:08:45,39.79,--,0,835,卖盘
618,13:08:39,39.79,--,0,1551,卖盘
619,13:08:30,39.79,-0.01,0,1591,卖盘
620,13:08:21,39.8,-0.01,0,39,卖盘
621,13:08:00,39.81,--,9,37063,卖盘
622,13:07:57,39.81,--,0,79,卖盘
623,13:07:51,39.81,0.01,1,6767,买盘
624,13:07:42,39.8,--,0,119,卖盘
625,13:07:33,39.8,--,0,517,卖盘
626,13:07:27,39.8,-0.01,0,517,卖盘
627,13:07:15,39.81,--,2,9275,卖盘
628,13:07:09,39.81,--,1,6528,卖盘
629,13:07:03,39.81,--,0,79,卖盘
630,13:07:00,39.81,-0.05,1,4020,买盘
631,13:06:54,39.86,0.05,9,35993,买盘
632,13:06:45,39.81,--,0,597,卖盘
633,13:06:39,39.81,--,0,836,卖盘
634,13:06:33,39.81,0.01,0,2428,买盘
635,13:06:30,39.8,-0.01,0,875,卖盘
636,13:06:21,39.81,--,1,7205,卖盘
637,13:06:15,39.81,--,4,16959,卖盘
638,13:06:06,39.81,--,4,16680,卖盘
639,13:05:57,39.81,--,0,2508,卖盘
640,13:05:54,39.81,0.01,0,437,买盘
641,13:05:51,39.8,--,1,4059,卖盘
642,13:05:42,39.8,--,1,4019,卖盘
643,13:05:33,39.8,-0.01,1,6686,卖盘
644,13:05:24,39.81,-0.07,0,2707,卖盘
645,13:05:21,39.88,0.07,49,195412,买盘
646,13:05:18,39.81,--,1,5493,卖盘
647,13:05:09,39.81,--,1,5414,卖盘
648,13:05:00,39.81,-0.07,0,3065,卖盘
649,13:04:57,39.88,0.07,9,35892,买盘
650,13:04:54,39.81,--,0,3025,卖盘
651,13:04:45,39.81,--,3,14968,卖盘
652,13:04:36,39.81,--,4,16401,卖盘
653,13:04:30,39.81,0.01,0,676,中性盘
654,13:04:21,39.8,--,0,676,卖盘
655,13:04:12,39.8,--,0,3144,卖盘
656,13:04:06,39.8,-0.1,0,3104,卖盘
657,13:04:00,39.9,0.04,10,39900,买盘
658,13:03:54,39.86,--,0,39,卖盘
659,13:03:48,39.86,--,0,79,卖盘
660,13:03:42,39.86,--,0,79,卖盘
661,13:03:33,39.86,--,0,318,卖盘
662,13:03:24,39.86,--,0,358,卖盘
663,13:03:18,39.86,--,0,1554,卖盘
664,13:03:09,39.86,--,0,1554,卖盘
665,13:03:00,39.86,-0.04,10,39860,卖盘
666,13:02:54,39.9,0.02,20,83071,买盘
667,13:02:45,39.88,--,1,6141,卖盘
668,13:02:36,39.88,--,2,10249,卖盘
669,13:02:30,39.88,-0.02,3,15672,卖盘
670,13:02:24,39.9,0.02,30,119700,买盘
671,13:02:03,39.88,--,0,3230,卖盘
672,13:01:24,39.88,0.1,0,1595,中性盘
673,13:00:42,39.78,--,2,7956,卖盘
674,13:00:09,39.78,-0.12,3,11973,卖盘
675,13:00:06,39.9,-0.01,6,23940,中性盘
676,13:00:03,39.91,0.01,47,187576,买盘
677,13:00:00,39.9,--,0,0,买盘
678,11:30:00,39.9,--,0,0,买盘
679,11:29:45,39.9,0.12,200,798000,买盘
680,11:29:33,39.78,--,5,19890,买盘
681,11:29:09,39.78,--,10,39780,买盘
682,11:28:39,39.78,-0.1,2,7956,卖盘
683,11:28:36,39.88,--,1,5503,卖盘
684,11:28:30,39.88,--,2,10448,卖盘
685,11:28:21,39.88,--,2,11405,卖盘
686,11:28:09,39.88,--,3,12522,买盘
687,11:28:03,39.88,0.11,127,506476,买盘
688,11:27:57,39.77,--,1,3977,卖盘
689,11:27:09,39.77,--,13,55320,买盘
690,11:26:12,39.77,--,9,35793,买盘
691,11:25:57,39.77,0.01,5,19885,买盘
692,11:25:54,39.76,-0.01,1,3976,卖盘
693,11:25:36,39.77,--,6,23862,买盘
694,11:25:33,39.77,0.01,5,19885,买盘
695,11:25:30,39.76,--,1,3976,卖盘
696,11:25:21,39.76,-0.01,1,3976,卖盘
697,11:25:18,39.77,-0.03,43,172084,卖盘
698,11:25:15,39.8,--,1,6885,买盘
699,11:25:09,39.8,0.03,4,15919,买盘
700,11:25:06,39.77,-0.03,20,79540,卖盘
701,11:25:03,39.8,--,0,1751,卖盘
702,11:25:00,39.8,--,0,3223,卖盘
703,11:24:54,39.8,--,0,3184,卖盘
704,11:24:45,39.8,-0.07,0,1512,卖盘
705,11:24:42,39.87,0.07,1,3986,买盘
706,11:24:39,39.8,--,0,2268,买盘
707,11:24:36,39.8,--,1,7124,卖盘
708,11:24:30,39.8,--,4,17392,卖盘
709,11:24:21,39.8,-0.07,4,17193,卖盘
710,11:24:18,39.87,0.07,10,39870,买盘
711,11:24:12,39.8,--,7,29014,卖盘
712,11:24:03,39.8,--,2,11343,卖盘
713,11:23:57,39.8,--,4,19064,卖盘
714,11:23:54,39.8,--,5,19900,卖盘
715,11:23:48,39.8,--,7,29690,卖盘
716,11:23:39,39.8,--,12,48118,卖盘
717,11:23:24,39.8,-0.06,8,33949,卖盘
718,11:23:18,39.86,0.06,2,11120,买盘
719,11:23:09,39.8,--,20,81550,卖盘
720,11:23:00,39.8,--,21,84893,卖盘
721,11:22:51,39.8,--,2,8596,卖盘
722,11:22:45,39.8,--,0,716,卖盘
723,11:22:36,39.8,--,0,1074,卖盘
724,11:22:27,39.8,-0.07,2,10586,卖盘
725,11:22:21,39.87,0.07,10,42939,买盘
726,11:22:12,39.8,-0.08,0,2865,卖盘
727,11:22:06,39.88,0.08,2,7976,买盘
728,11:22:03,39.8,-0.08,1,4537,卖盘
729,11:22:00,39.88,--,3,11964,买盘
730,11:21:51,39.88,--,2,11724,卖盘
731,11:21:48,39.88,--,2,8215,卖盘
732,11:21:24,39.88,--,4,15952,买盘
733,11:21:21,39.88,--,1,3988,买盘
734,11:21:12,39.88,-0.07,2,7976,买盘
735,11:21:03,39.95,0.07,500,1997500,买盘
736,11:20:24,39.88,0.11,10,39880,买盘
737,11:19:39,39.77,0.01,2,8113,中性盘
738,11:19:24,39.76,-0.01,3,14313,卖盘
739,11:19:15,39.77,--,2,7954,买盘
740,11:19:03,39.77,-0.02,6,23862,卖盘
741,11:19:00,39.79,-0.09,0,1273,卖盘
742,11:18:54,39.88,0.09,2,11246,买盘
743,11:18:45,39.79,--,0,3342,卖盘
744,11:18:36,39.79,-0.1,1,5212,卖盘
745,11:18:33,39.89,--,200,797800,买盘
746,11:18:30,39.89,0.09,8,31912,买盘
747,11:18:24,39.8,--,8,35103,卖盘
748,11:18:21,39.8,--,2,9830,卖盘
749,11:18:18,39.8,--,2,9273,卖盘
750,11:18:12,39.8,-0.1,2,9432,卖盘
751,11:18:09,39.9,0.1,500,1995000,买盘
752,11:18:03,39.8,--,2,8397,买盘
753,11:17:54,39.8,--,0,119,卖盘
754,11:17:48,39.8,--,0,278,卖盘
755,11:17:39,39.8,--,0,238,卖盘
756,11:17:30,39.8,0.01,9,39163,买盘
757,11:17:18,39.79,0.02,0,2427,买盘
758,11:17:12,39.77,-0.02,10,39770,卖盘
759,11:16:42,39.79,--,1,6127,卖盘
760,11:16:36,39.79,-0.01,6,24590,卖盘
761,11:16:33,39.8,0.01,20,79600,买盘
762,11:16:27,39.79,-0.01,5,21009,卖盘
763,11:16:12,39.8,--,2,11024,卖盘
764,11:16:03,39.8,-0.05,0,1950,卖盘
765,11:15:51,39.85,--,0,1673,卖盘
766,11:15:48,39.85,--,3,15581,卖盘
767,11:15:42,39.85,--,5,19925,卖盘
768,11:15:39,39.85,--,0,1952,卖盘
769,11:15:33,39.85,0.05,0,717,买盘
770,11:15:30,39.8,-0.05,0,3144,卖盘
771,11:15:24,39.85,--,0,3028,卖盘
772,11:15:15,39.85,--,1,6216,卖盘
773,11:15:06,39.85,-0.07,1,6415,卖盘
774,11:14:48,39.92,--,2,8582,卖盘
775,11:14:42,39.92,--,5,23353,卖盘
776,11:14:36,39.92,0.07,5,21117,买盘
777,11:14:27,39.85,--,0,3267,卖盘
778,11:14:21,39.85,0.05,6,27735,买盘
779,11:14:18,39.8,--,4,16517,卖盘
780,11:14:12,39.8,--,4,18706,卖盘
781,11:14:09,39.8,-0.05,1,3979,卖盘
782,11:14:03,39.85,--,1,6694,卖盘
783,11:13:54,39.85,--,4,18609,卖盘
784,11:13:48,39.85,--,5,23631,卖盘
785,11:13:39,39.85,--,6,26779,买盘
786,11:13:33,39.85,0.05,1,3985,买盘
787,11:13:30,39.8,-0.05,8,32237,卖盘
788,11:13:15,39.85,--,0,3387,卖盘
789,11:13:06,39.85,--,1,6296,卖盘
790,11:13:00,39.85,--,1,6455,卖盘
791,11:12:51,39.85,-0.05,2,10639,卖盘
792,11:12:45,39.9,0.05,180,718200,买盘
793,11:12:39,39.85,0.09,5,21040,买盘
794,11:12:24,39.76,-0.23,3,11928,卖盘
795,11:12:18,39.99,0.14,60,239940,买盘
796,11:12:15,39.85,--,0,1753,卖盘
797,11:12:12,39.85,--,60,240215,卖盘
798,11:12:03,39.85,--,0,1912,卖盘
799,11:11:54,39.85,--,1,7173,卖盘
800,11:11:42,39.85,--,8,31880,买盘
801,11:11:39,39.85,--,3,11955,买盘
802,11:11:30,39.85,-0.02,12,47820,买盘
803,11:10:45,39.87,--,9,35883,买盘
804,11:10:42,39.87,0.02,3,12279,买盘
805,11:10:36,39.85,--,0,597,卖盘
806,11:10:27,39.85,--,0,637,卖盘
807,11:10:15,39.85,--,1,6415,买盘
808,11:09:54,39.85,--,1,6535,卖盘
809,11:09:51,39.85,--,4,15940,卖盘
810,11:09:45,39.85,0.1,4,19765,买盘
811,11:09:42,39.75,--,0,1590,卖盘
812,11:09:33,39.75,--,0,2385,买盘
813,11:09:30,39.75,-0.1,0,1590,卖盘
814,11:09:24,39.85,0.1,5,19925,买盘
815,11:09:18,39.75,-0.1,11,46110,卖盘
816,11:09:12,39.85,--,1,3985,买盘
817,11:09:06,39.85,--,4,17255,卖盘
818,11:09:00,39.85,-0.02,2,10639,卖盘
819,11:08:48,39.87,-0.01,3,11961,买盘
820,11:08:45,39.88,--,5,22931,卖盘
821,11:08:42,39.88,0.01,7,28913,买盘
822,11:08:33,39.87,0.02,1,3986,卖盘
823,11:08:30,39.85,--,1,6734,买盘
824,11:08:27,39.85,-0.02,3,12911,卖盘
825,11:08:24,39.87,0.02,5,19935,买盘
826,11:08:18,39.85,--,9,38335,卖盘
827,11:08:15,39.85,--,12,48696,卖盘
828,11:08:09,39.85,--,8,35546,卖盘
829,11:08:03,39.85,--,9,39810,卖盘
830,11:07:54,39.85,--,3,13309,卖盘
831,11:07:48,39.85,0.01,95,378575,买盘
832,11:07:45,39.84,-0.01,0,2310,卖盘
833,11:07:42,39.85,0.01,100,398500,买盘
834,11:07:33,39.84,--,1,6374,买盘
835,11:07:24,39.84,0.04,6,23904,买盘
836,11:07:21,39.8,--,9,38168,卖盘
837,11:07:15,39.8,-0.04,15,62605,卖盘
838,11:07:06,39.84,0.04,21,85656,中性盘
839,11:06:57,39.8,-0.05,1,6049,卖盘
840,11:06:51,39.85,0.05,10,42161,买盘
841,11:06:42,39.8,--,22,87878,买盘
842,11:06:33,39.8,--,10,39800,买盘
843,11:06:27,39.8,0.01,29,115419,买盘
844,11:06:24,39.79,--,1,3979,买盘
845,11:06:09,39.79,0.01,14,55706,买盘
846,11:06:06,39.78,--,22,87516,卖盘
847,11:05:54,39.78,--,4,15912,买盘
848,11:05:33,39.78,0.01,1,3978,买盘
849,11:05:30,39.77,--,2,7954,买盘
850,11:05:27,39.77,--,1,3977,买盘
851,11:05:21,39.77,--,4,15908,买盘
852,11:05:15,39.77,--,4,15908,买盘
853,11:05:06,39.77,-0.02,1,3977,卖盘
854,11:04:54,39.79,0.02,11,43769,买盘
855,11:04:45,39.77,--,10,39770,买盘
856,11:04:18,39.77,--,8,31816,买盘
857,11:04:03,39.77,--,10,39770,买盘
858,11:03:57,39.77,--,15,59655,卖盘
859,11:03:54,39.77,--,1,3977,卖盘
860,11:03:45,39.77,0.03,5,19885,买盘
861,11:03:12,39.74,--,1,3974,卖盘
862,11:03:09,39.74,--,2,7948,卖盘
863,11:03:00,39.74,--,2,7948,卖盘
864,11:02:57,39.74,0.01,3,11922,买盘
865,11:02:45,39.73,--,9,35757,买盘
866,11:02:09,39.73,--,1,3972,买盘
867,11:02:06,39.73,--,10,39730,买盘
868,11:02:00,39.73,0.02,10,39730,买盘
869,11:01:57,39.71,--,1,3971,卖盘
870,11:01:45,39.71,--,4,15884,买盘
871,11:01:42,39.71,--,2,7942,买盘
872,11:01:39,39.71,--,5,19855,买盘
873,11:01:27,39.71,--,2,7942,买盘
874,11:01:21,39.71,--,20,79420,买盘
875,11:01:18,39.71,--,7,27797,卖盘
876,11:01:03,39.71,0.01,2,7942,买盘
877,11:00:54,39.7,-0.01,42,166740,卖盘
878,11:00:51,39.71,-0.02,2,7942,卖盘
879,11:00:45,39.73,0.03,11,43703,买盘
880,11:00:06,39.7,-0.03,61,242170,卖盘
881,11:00:03,39.73,0.03,11,43703,买盘
882,10:59:45,39.7,--,20,83171,卖盘
883,10:59:36,39.7,-0.01,31,123070,卖盘
884,10:59:27,39.71,--,1,3971,买盘
885,10:59:24,39.71,--,9,35739,卖盘
886,10:59:18,39.71,--,3,11913,卖盘
887,10:59:09,39.71,-0.02,16,63536,卖盘
888,10:59:06,39.73,0.02,12,47675,中性盘
889,10:58:57,39.71,--,1,3971,卖盘
890,10:58:54,39.71,--,10,39710,卖盘
891,10:58:45,39.71,-0.03,13,51623,卖盘
892,10:58:42,39.74,0.04,1,3974,买盘
893,10:58:33,39.7,-0.04,1,3970,卖盘
894,10:58:27,39.74,-0.01,10,39740,卖盘
895,10:58:18,39.75,--,3,11925,卖盘
896,10:58:15,39.75,--,7,27825,卖盘
897,10:58:12,39.75,-0.02,1,3975,卖盘
898,10:58:09,39.77,0.01,20,79540,买盘
899,10:58:03,39.76,--,3,11928,卖盘
900,10:57:54,39.76,--,3,11928,卖盘
901,10:57:45,39.76,0.01,6,23856,买盘
902,10:57:36,39.75,--,1,3975,卖盘
903,10:57:24,39.75,-0.02,1,3975,卖盘
904,10:57:18,39.77,--,3,11931,卖盘
905,10:57:12,39.77,--,8,31816,卖盘
906,10:57:09,39.77,-0.03,1,3977,中性盘
907,10:56:54,39.8,0.02,35,139300,买盘
908,10:56:45,39.78,--,11,43758,买盘
909,10:56:24,39.78,--,2,7956,买盘
910,10:56:18,39.78,--,10,39780,卖盘
911,10:56:12,39.78,--,1,3978,买盘
912,10:56:03,39.78,--,1,3978,买盘
913,10:55:45,39.78,--,12,47736,买盘
914,10:55:12,39.78,0.03,10,39780,买盘
915,10:54:42,39.75,-0.04,6,26871,卖盘
916,10:54:33,39.79,--,1,4655,卖盘
917,10:54:24,39.79,-0.01,1,7639,卖盘
918,10:54:21,39.8,0.01,2,7959,买盘
919,10:54:15,39.79,0.02,4,16512,买盘
920,10:54:09,39.77,-0.02,1,3977,卖盘
921,10:53:48,39.79,--,34,135286,买盘
922,10:53:45,39.79,--,1,6247,卖盘
923,10:53:36,39.79,--,2,10584,卖盘
924,10:53:30,39.79,--,2,11021,卖盘
925,10:53:18,39.79,0.02,3,11937,买盘
926,10:53:12,39.77,--,1,3977,卖盘
927,10:52:57,39.77,0.05,69,274413,买盘
928,10:52:54,39.72,-0.05,8,31776,卖盘
929,10:52:51,39.77,0.05,82,326114,买盘
930,10:52:39,39.72,-0.01,57,226404,卖盘
931,10:52:30,39.73,--,5,19865,买盘
932,10:52:18,39.73,0.01,10,39730,买盘
933,10:52:15,39.72,--,1,3972,买盘
934,10:52:06,39.72,0.03,3,11916,买盘
935,10:51:57,39.69,-0.03,4,15876,卖盘
936,10:51:51,39.72,--,2,7944,买盘
937,10:51:45,39.72,0.03,3,11916,买盘
938,10:51:18,39.69,-0.01,1,3969,中性盘
939,10:50:24,39.7,-0.03,10,39700,中性盘
940,10:49:54,39.73,0.04,10,39730,买盘
941,10:49:24,39.69,-0.01,1,3969,买盘
942,10:49:09,39.7,--,2,7940,卖盘
943,10:49:06,39.7,0.07,30,119100,买盘
944,10:48:54,39.63,--,1,3963,卖盘
945,10:48:42,39.63,-0.01,41,162483,卖盘
946,10:48:03,39.64,-0.06,3,11892,卖盘
947,10:47:45,39.7,--,5,19850,买盘
948,10:47:18,39.7,0.03,16,63520,买盘
949,10:46:51,39.67,0.05,1,3967,买盘
950,10:46:24,39.62,-0.05,49,194138,卖盘
951,10:45:48,39.67,0.05,1,3967,买盘
952,10:45:09,39.62,--,1,3961,卖盘
953,10:45:06,39.62,--,10,39620,卖盘
954,10:44:42,39.62,-0.08,1,3961,卖盘
955,10:44:39,39.7,--,4,15880,买盘
956,10:44:36,39.7,-0.03,4,15880,中性盘
957,10:44:18,39.73,0.03,3,11918,买盘
958,10:44:12,39.7,--,34,134980,中性盘
959,10:44:03,39.7,--,1,3970,买盘
960,10:43:57,39.7,-0.03,2,7940,买盘
961,10:43:51,39.73,-0.01,11,43703,卖盘
962,10:43:48,39.74,-0.01,2,7948,卖盘
963,10:43:45,39.75,--,1,3975,买盘
964,10:43:42,39.75,--,1,3975,买盘
965,10:43:36,39.75,--,2,7950,买盘
966,10:43:30,39.75,0.03,4,15900,买盘
967,10:43:21,39.72,-0.01,210,834120,卖盘
968,10:43:18,39.73,--,5,19865,卖盘
969,10:43:15,39.73,--,6,23837,买盘
970,10:43:12,39.73,0.01,4,15891,买盘
971,10:43:00,39.72,0.01,53,210516,买盘
972,10:42:51,39.71,0.01,65,258115,买盘
973,10:42:48,39.7,--,3,11910,买盘
974,10:42:42,39.7,--,42,166740,卖盘
975,10:42:36,39.7,--,2,7940,卖盘
976,10:42:33,39.7,0.09,56,222320,买盘
977,10:42:30,39.61,-0.09,1,3961,卖盘
978,10:42:27,39.7,0.1,100,397000,买盘
979,10:42:24,39.6,-0.09,2,7920,卖盘
980,10:42:12,39.69,--,21,83349,买盘
981,10:42:03,39.69,0.09,2,7938,中性盘
982,10:41:45,39.6,--,13,51480,买盘
983,10:41:42,39.6,--,6,23760,买盘
984,10:41:39,39.6,--,3,11880,买盘
985,10:41:33,39.6,--,4,15840,买盘
986,10:41:30,39.6,--,1,3960,买盘
987,10:41:15,39.6,0.02,1,3960,买盘
988,10:40:54,39.58,--,3,11874,卖盘
989,10:40:51,39.58,--,20,79160,买盘
990,10:40:39,39.58,0.03,10,39580,买盘
991,10:40:24,39.55,--,12,47460,买盘
992,10:39:57,39.55,0.05,1,3954,买盘
993,10:39:24,39.5,-0.05,10,39500,卖盘
994,10:39:21,39.55,--,1,3954,买盘
995,10:39:12,39.55,--,9,35595,卖盘
996,10:38:57,39.55,--,4,15819,卖盘
997,10:38:54,39.55,--,5,19775,卖盘
998,10:38:45,39.55,--,1,3954,买盘
999,10:38:42,39.55,0.03,1,3954,买盘
1000,10:38:39,39.52,-0.03,10,39520,卖盘
1001,10:38:36,39.55,--,2,7909,买盘
1002,10:38:24,39.55,--,2,7909,卖盘
1003,10:38:21,39.55,--,8,31639,买盘
1004,10:38:18,39.55,--,4,15819,买盘
1005,10:38:15,39.55,--,2,7909,买盘
1006,10:38:06,39.55,--,1,3954,买盘
1007,10:37:54,39.55,0.05,3,11865,买盘
1008,10:37:51,39.5,--,2,7900,买盘
1009,10:37:48,39.5,--,1,3950,买盘
1010,10:37:45,39.5,-0.04,1,3950,卖盘
1011,10:37:36,39.54,--,3,11862,买盘
1012,10:37:09,39.54,0.05,1,3954,买盘
1013,10:37:06,39.49,-0.05,42,165858,卖盘
1014,10:37:03,39.54,0.05,2,7908,买盘
1015,10:37:00,39.49,-0.01,10,39490,卖盘
1016,10:36:39,39.5,--,2,7900,卖盘
1017,10:36:33,39.5,--,1,3950,卖盘
1018,10:36:30,39.5,--,2,7900,卖盘
1019,10:36:27,39.5,--,32,126400,卖盘
1020,10:36:24,39.5,--,1,3950,卖盘
1021,10:36:18,39.5,--,18,71100,买盘
1022,10:36:12,39.5,-0.02,31,122450,卖盘
1023,10:36:03,39.52,--,4,15808,卖盘
1024,10:36:00,39.52,0.02,3,11856,中性盘
1025,10:35:48,39.5,--,17,67663,卖盘
1026,10:35:45,39.5,-0.02,18,71100,卖盘
1027,10:35:42,39.52,--,1,3952,买盘
1028,10:35:33,39.52,--,4,15808,买盘
1029,10:35:30,39.52,0.02,1,3952,中性盘
1030,10:35:12,39.5,--,2,7900,卖盘
1031,10:35:09,39.5,--,5,20816,卖盘
1032,10:34:48,39.5,--,12,47400,买盘
1033,10:34:15,39.5,0.03,2,7900,买盘
1034,10:34:03,39.47,--,10,39470,卖盘
1035,10:33:57,39.47,-0.03,1,3947,卖盘
1036,10:33:51,39.5,0.03,10,39500,买盘
1037,10:33:48,39.47,-0.03,16,63152,卖盘
1038,10:33:45,39.5,--,1,3950,买盘
1039,10:33:39,39.5,--,10,39500,买盘
1040,10:33:30,39.5,0.02,1,3950,买盘
1041,10:33:21,39.48,--,21,82908,卖盘
1042,10:33:15,39.48,-0.02,5,19740,卖盘
1043,10:33:06,39.5,--,2,7900,买盘
1044,10:33:03,39.5,--,2,7900,买盘
1045,10:32:48,39.5,-0.06,1,3950,中性盘
1046,10:32:42,39.56,0.01,5,19780,买盘
1047,10:32:27,39.55,-0.02,14,55369,卖盘
1048,10:32:24,39.57,--,1,3957,买盘
1049,10:32:18,39.57,-0.01,14,55398,中性盘
1050,10:32:15,39.58,0.03,5,19790,中性盘
1051,10:32:03,39.55,--,14,55369,买盘
1052,10:32:00,39.55,-0.01,16,63279,卖盘
1053,10:31:57,39.56,0.01,5,19780,买盘
1054,10:31:45,39.55,0.1,20,79100,买盘
1055,10:31:42,39.45,--,1,3945,卖盘
1056,10:31:36,39.45,-0.1,1,3945,卖盘
1057,10:31:33,39.55,0.1,2,7909,买盘
1058,10:31:24,39.45,0.02,4,15780,中性盘
1059,10:31:00,39.43,-0.12,2,7886,卖盘
1060,10:30:36,39.55,0.13,10,39550,中性盘
1061,10:30:24,39.42,-0.13,4,15768,卖盘
1062,10:30:15,39.55,0.15,1,3954,买盘
1063,10:30:03,39.4,--,6,23640,卖盘
1064,10:29:57,39.4,--,35,138254,买盘
1065,10:29:54,39.4,--,2,7880,买盘
1066,10:29:51,39.4,--,5,19700,买盘
1067,10:29:48,39.4,--,108,425520,买盘
1068,10:29:45,39.4,--,20,78800,买盘
1069,10:29:42,39.4,-0.08,170,670863,卖盘
1070,10:29:39,39.48,0.08,56,221087,买盘
1071,10:29:36,39.4,-0.01,92,362480,卖盘
1072,10:29:33,39.41,--,30,118229,买盘
1073,10:29:30,39.41,0.01,2,7881,买盘
1074,10:29:27,39.4,-0.01,92,362480,卖盘
1075,10:29:24,39.41,0.01,32,126111,中性盘
1076,10:29:21,39.4,-0.08,105,413936,卖盘
1077,10:29:15,39.48,0.08,9,36676,中性盘
1078,10:29:12,39.4,-0.08,50,197000,卖盘
1079,10:29:09,39.48,0.05,35,138180,买盘
1080,10:29:06,39.43,--,36,143367,卖盘
1081,10:29:03,39.43,--,2,7886,卖盘
1082,10:29:00,39.43,--,27,106539,买盘
1083,10:28:48,39.43,0.02,12,47394,卖盘
1084,10:28:42,39.41,-0.02,24,95451,卖盘
1085,10:28:39,39.43,0.05,16,66321,买盘
1086,10:28:36,39.38,--,11,43318,卖盘
1087,10:28:33,39.38,-0.06,19,78523,卖盘
1088,10:28:24,39.44,0.01,26,102544,买盘
1089,10:28:21,39.43,0.03,61,240523,买盘
1090,10:28:18,39.4,-0.04,23,90620,卖盘
1091,10:28:03,39.44,-0.01,11,43384,卖盘
1092,10:28:00,39.45,-0.03,5,19725,卖盘
1093,10:27:57,39.48,0.03,4,15791,买盘
1094,10:27:51,39.45,-0.03,2,7890,卖盘
1095,10:27:45,39.48,--,14,55271,买盘
1096,10:27:39,39.48,--,5,19740,买盘
1097,10:27:30,39.48,-0.02,44,173712,卖盘
1098,10:27:27,39.5,--,21,82950,买盘
1099,10:27:24,39.5,--,2,7900,买盘
1100,10:27:21,39.5,--,4,15800,买盘
1101,10:27:18,39.5,--,3,11850,买盘
1102,10:27:12,39.5,-0.05,135,533250,卖盘
1103,10:27:06,39.55,-0.01,22,87010,卖盘
1104,10:27:03,39.56,--,1,3956,买盘
1105,10:27:00,39.56,--,20,79120,卖盘
1106,10:26:57,39.56,--,20,79120,卖盘
1107,10:26:48,39.56,-0.02,3,11868,卖盘
1108,10:26:45,39.58,--,2,7916,卖盘
1109,10:26:39,39.58,--,1,3958,卖盘
1110,10:26:36,39.58,-0.02,5,19790,卖盘
1111,10:26:27,39.6,-0.09,80,320245,卖盘
1112,10:26:24,39.69,0.04,2,7938,中性盘
1113,10:26:09,39.65,-0.05,53,210145,卖盘
1114,10:26:06,39.7,--,3,11910,买盘
1115,10:25:57,39.7,--,3,11910,买盘
1116,10:25:51,39.7,--,16,66299,卖盘
1117,10:25:42,39.7,--,10,39700,卖盘
1118,10:25:36,39.7,--,3,11910,卖盘
1119,10:25:24,39.7,--,3,11910,卖盘
1120,10:25:09,39.7,--,8,32951,买盘
1121,10:25:00,39.7,0.05,20,79400,买盘
1122,10:24:54,39.65,--,1,5947,卖盘
1123,10:24:45,39.65,-0.05,3,11895,卖盘
1124,10:24:42,39.7,0.04,2,7940,买盘
1125,10:24:39,39.66,-0.04,3,11897,卖盘
1126,10:24:36,39.7,0.04,12,47640,买盘
1127,10:24:27,39.66,0.06,1,3965,中性盘
1128,10:24:21,39.6,-0.1,75,297000,卖盘
1129,10:24:15,39.7,0.07,1,3970,买盘
1130,10:24:06,39.63,-0.07,1,3963,卖盘
1131,10:24:00,39.7,--,1,3970,买盘
1132,10:23:45,39.7,--,1,3970,买盘
1133,10:23:36,39.7,-0.02,2,7940,卖盘
1134,10:23:27,39.72,--,3,11916,买盘
1135,10:23:15,39.72,--,1,3972,买盘
1136,10:23:12,39.72,--,145,575940,买盘
1137,10:22:54,39.72,0.02,3,11916,买盘
1138,10:22:48,39.7,-0.02,24,97781,卖盘
1139,10:22:39,39.72,--,5,19860,卖盘
1140,10:22:33,39.72,0.01,7,27804,买盘
1141,10:22:30,39.71,-0.01,1,3971,卖盘
1142,10:22:15,39.72,--,3,11916,卖盘
1143,10:22:03,39.72,-0.03,51,202572,卖盘
1144,10:21:57,39.75,--,1,3975,买盘
1145,10:21:54,39.75,--,2,7950,买盘
1146,10:21:51,39.75,-0.03,47,188295,卖盘
1147,10:21:45,39.78,0.01,18,71604,买盘
1148,10:21:39,39.77,--,8,31816,买盘
1149,10:21:27,39.77,--,1,3977,卖盘
1150,10:21:21,39.77,--,3,11931,卖盘
1151,10:21:09,39.77,-0.03,1,3977,中性盘
1152,10:20:54,39.8,--,67,266660,买盘
1153,10:20:42,39.8,--,2,11502,卖盘
1154,10:20:39,39.8,--,0,1074,卖盘
1155,10:20:30,39.8,--,11,44814,卖盘
1156,10:20:21,39.8,-0.05,0,994,卖盘
1157,10:20:15,39.85,0.05,15,59775,买盘
1158,10:20:12,39.8,--,1,4696,卖盘
1159,10:20:06,39.8,--,0,2149,卖盘
1160,10:19:57,39.8,--,0,3940,卖盘
1161,10:19:42,39.8,-0.03,26,104275,卖盘
1162,10:19:36,39.83,0.03,0,1672,买盘
1163,10:19:33,39.8,-0.03,3,12736,卖盘
1164,10:19:21,39.83,0.02,40,159320,买盘
1165,10:19:18,39.81,0.01,9,35829,买盘
1166,10:19:15,39.8,0.02,4,15919,买盘
1167,10:19:12,39.78,-0.02,1,3978,中性盘
1168,10:19:03,39.8,--,1,3979,买盘
1169,10:19:00,39.8,--,15,59699,买盘
1170,10:18:54,39.8,--,3,14327,卖盘
1171,10:18:51,39.8,--,52,206959,卖盘
1172,10:18:45,39.8,--,0,1592,卖盘
1173,10:18:42,39.8,0.02,1,3979,卖盘
1174,10:18:30,39.78,-0.02,1,3978,中性盘
1175,10:18:06,39.8,0.03,20,79600,买盘
1176,10:17:57,39.77,-0.02,20,79540,卖盘
1177,10:17:48,39.79,--,1,3979,买盘
1178,10:17:45,39.79,-0.01,44,178378,卖盘
1179,10:17:42,39.8,--,5,22845,卖盘
1180,10:17:36,39.8,0.01,4,16716,买盘
1181,10:17:33,39.79,-0.01,5,23794,卖盘
1182,10:17:24,39.8,--,25,100057,卖盘
1183,10:17:18,39.8,--,15,60615,卖盘
1184,10:17:09,39.8,--,3,14964,卖盘
1185,10:17:00,39.8,--,3,14805,卖盘
1186,10:16:54,39.8,--,3,14566,卖盘
1187,10:16:51,39.8,--,3,13890,买盘
1188,10:16:48,39.8,--,3,13969,卖盘
1189,10:16:45,39.8,--,5,22924,卖盘
1190,10:16:39,39.8,--,0,2905,买盘
1191,10:16:33,39.8,--,0,3422,卖盘
1192,10:16:30,39.8,-0.03,0,2706,卖盘
1193,10:16:24,39.83,0.03,10,39830,买盘
1194,10:16:21,39.8,--,1,4895,卖盘
1195,10:16:12,39.8,--,1,4776,卖盘
1196,10:16:03,39.8,-0.03,22,87560,卖盘
1197,10:15:57,39.83,-0.02,0,3305,卖盘
1198,10:15:48,39.85,-0.05,3,11955,卖盘
1199,10:15:45,39.9,0.04,18,71820,买盘
1200,10:15:42,39.86,--,0,1315,卖盘
1201,10:15:36,39.86,--,5,19930,卖盘
1202,10:15:33,39.86,--,5,21285,卖盘
1203,10:15:24,39.86,0.01,3,13273,卖盘
1204,10:15:21,39.85,-0.01,25,99625,卖盘
1205,10:15:15,39.86,--,1,6736,卖盘
1206,10:15:09,39.86,--,3,13313,卖盘
1207,10:15:00,39.86,--,3,12516,卖盘
1208,10:14:51,39.86,0.01,41,166734,买盘
1209,10:14:48,39.85,0.03,2,7970,买盘
1210,10:14:45,39.82,-0.03,0,3265,卖盘
1211,10:14:36,39.85,--,15,59775,买盘
1212,10:14:27,39.85,-0.01,65,262213,卖盘
1213,10:14:21,39.86,--,2,11439,卖盘
1214,10:14:12,39.86,--,3,13990,卖盘
1215,10:14:06,39.86,0.05,1,7254,中性盘
1216,10:14:00,39.81,-0.04,20,79620,卖盘
1217,10:13:57,39.85,--,1,4901,卖盘
1218,10:13:48,39.85,--,1,5021,卖盘
1219,10:13:45,39.85,0.03,19,75754,买盘
1220,10:13:42,39.82,0.01,1,7764,中性盘
1221,10:13:33,39.81,-0.04,1,7683,中性盘
1222,10:13:15,39.85,--,37,148002,卖盘
1223,10:13:09,39.85,--,0,1514,卖盘
1224,10:13:06,39.85,0.05,16,65672,买盘
1225,10:13:03,39.8,-0.05,84,334320,卖盘
1226,10:12:57,39.85,--,4,18729,卖盘
1227,10:12:54,39.85,--,3,14824,卖盘
1228,10:12:45,39.85,--,3,13947,卖盘
1229,10:12:30,39.85,-0.1,4,16577,卖盘
1230,10:12:27,39.95,-0.02,7,27965,卖盘
1231,10:12:24,39.97,0.02,2,7994,买盘
1232,10:12:21,39.95,0.07,3,13223,卖盘
1233,10:12:18,39.88,0.02,0,3828,中性盘
1234,10:12:06,39.86,-0.02,3,12755,卖盘
1235,10:11:57,39.88,0.03,3,13918,中性盘
1236,10:11:48,39.85,0.05,1,6575,中性盘
1237,10:11:42,39.8,-0.19,0,2388,中性盘
1238,10:11:33,39.99,0.19,127,509792,买盘
1239,10:11:30,39.8,-0.05,1,3979,卖盘
1240,10:11:27,39.85,0.05,63,251055,买盘
1241,10:11:24,39.8,--,11,45849,卖盘
1242,10:11:21,39.8,0.01,2,7959,中性盘
1243,10:11:18,39.79,-0.01,18,73372,卖盘
1244,10:11:15,39.8,0.01,5,22924,买盘
1245,10:11:09,39.79,-0.03,18,71820,卖盘
1246,10:11:00,39.82,0.02,44,175208,买盘
1247,10:10:51,39.8,0.01,17,67660,买盘
1248,10:10:45,39.79,0.01,4,15916,买盘
1249,10:10:33,39.78,--,17,67626,卖盘
1250,10:10:27,39.78,--,25,99450,买盘
1251,10:10:18,39.78,--,15,59670,买盘
1252,10:10:06,39.78,0.01,1,3978,中性盘
1253,10:10:00,39.77,--,2,7954,卖盘
1254,10:09:54,39.77,-0.01,11,43747,卖盘
1255,10:09:45,39.78,--,54,214812,卖盘
1256,10:09:42,39.78,-0.01,5,19890,卖盘
1257,10:09:36,39.79,0.01,1,3979,中性盘
1258,10:09:27,39.78,-0.02,30,119340,卖盘
1259,10:09:21,39.8,--,1,3979,买盘
1260,10:09:18,39.8,--,0,557,卖盘
1261,10:09:09,39.8,--,6,24118,卖盘
1262,10:09:06,39.8,--,13,51739,卖盘
1263,10:09:00,39.8,--,4,19342,卖盘
1264,10:08:51,39.8,-0.02,12,51501,卖盘
1265,10:08:36,39.82,0.03,30,119460,买盘
1266,10:08:33,39.79,-0.03,2,7958,中性盘
1267,10:08:21,39.82,0.04,2,7964,买盘
1268,10:08:12,39.78,-0.04,129,515668,卖盘
1269,10:08:03,39.82,0.02,1,3982,买盘
1270,10:07:57,39.8,-0.02,5,19900,卖盘
1271,10:07:48,39.82,0.02,1,3982,中性盘
1272,10:07:33,39.8,-0.03,6,23880,卖盘
1273,10:07:30,39.83,0.03,3,11949,买盘
1274,10:07:15,39.8,--,6,23880,买盘
1275,10:07:12,39.8,--,1,3979,买盘
1276,10:07:00,39.8,--,3,11940,买盘
1277,10:06:54,39.8,--,16,63679,卖盘
1278,10:06:45,39.8,--,15,59699,卖盘
1279,10:06:42,39.8,0.02,19,75620,买盘
1280,10:06:39,39.78,--,10,39780,买盘
1281,10:06:33,39.78,-0.02,16,63648,卖盘
1282,10:06:27,39.8,0.02,1,3979,买盘
1283,10:06:12,39.78,-0.02,42,167076,卖盘
1284,10:06:09,39.8,0.02,5,19900,买盘
1285,10:06:06,39.78,--,5,19890,买盘
1286,10:05:54,39.78,-0.02,3,11934,卖盘
1287,10:05:42,39.8,0.06,8,31839,买盘
1288,10:05:39,39.74,--,0,834,买盘
1289,10:05:36,39.74,--,2,7948,买盘
1290,10:05:33,39.74,-0.06,3,15061,卖盘
1291,10:05:21,39.8,0.06,14,55719,买盘
1292,10:05:06,39.74,-0.06,1,3974,卖盘
1293,10:05:03,39.8,--,3,11940,卖盘
1294,10:04:54,39.8,--,1,3979,买盘
1295,10:04:51,39.8,--,1,3979,买盘
1296,10:04:48,39.8,-0.01,19,75620,买盘
1297,10:04:27,39.81,0.01,3,11943,卖盘
1298,10:04:15,39.8,0.06,8,31839,买盘
1299,10:04:06,39.74,-0.05,40,158960,卖盘
1300,10:04:03,39.79,--,3,11937,买盘
1301,10:03:54,39.79,0.04,1,3979,买盘
1302,10:03:51,39.75,-0.05,5,19875,卖盘
1303,10:03:42,39.8,0.05,20,79600,买盘
1304,10:03:30,39.75,--,52,206700,卖盘
1305,10:03:21,39.75,--,4,15900,卖盘
1306,10:03:15,39.75,--,25,99375,卖盘
1307,10:03:06,39.75,--,28,112214,卖盘
1308,10:03:00,39.75,-0.01,1,3975,卖盘
1309,10:02:57,39.76,--,10,39760,买盘
1310,10:02:51,39.76,--,1,3976,买盘
1311,10:02:48,39.76,--,1,3976,卖盘
1312,10:02:39,39.76,-0.01,10,39760,卖盘
1313,10:02:33,39.77,0.01,2,7954,买盘
1314,10:02:15,39.76,-0.01,2,7952,卖盘
1315,10:02:12,39.77,0.02,5,19885,中性盘
1316,10:02:03,39.75,--,1,3975,卖盘
1317,10:01:54,39.75,-0.02,108,429300,卖盘
1318,10:01:45,39.77,--,116,461332,卖盘
1319,10:01:39,39.77,--,67,270356,买盘
1320,10:01:27,39.77,-0.02,21,83596,卖盘
1321,10:01:24,39.79,0.02,9,35811,买盘
1322,10:01:12,39.77,-0.01,61,242597,卖盘
1323,10:01:00,39.78,--,2,7956,卖盘
1324,10:00:57,39.78,--,1,3978,卖盘
1325,10:00:54,39.78,--,25,99450,卖盘
1326,10:00:45,39.78,-0.02,1,3978,中性盘
1327,10:00:33,39.8,--,17,67660,买盘
1328,10:00:27,39.8,--,81,322380,买盘
1329,10:00:21,39.8,--,13,51739,买盘
1330,10:00:18,39.8,--,14,55719,买盘
1331,10:00:09,39.8,0.01,1,3979,买盘
1332,10:00:03,39.79,-0.01,11,43769,卖盘
1333,10:00:00,39.8,--,3,11940,买盘
1334,09:59:45,39.8,0.02,4,15919,买盘
1335,09:59:42,39.78,0.01,6,23868,卖盘
1336,09:59:21,39.77,-0.01,10,39770,卖盘
1337,09:59:18,39.78,--,0,1909,买盘
1338,09:59:15,39.78,--,0,2068,卖盘
1339,09:59:12,39.78,--,0,1909,买盘
1340,09:59:03,39.78,-0.01,41,163098,卖盘
1341,09:59:00,39.79,--,1,3979,买盘
1342,09:58:57,39.79,--,3,11937,买盘
1343,09:58:45,39.79,--,15,60679,卖盘
1344,09:58:42,39.79,-0.01,6,23874,卖盘
1345,09:58:33,39.8,0.01,10,39800,买盘
1346,09:58:24,39.79,-0.01,1,3979,卖盘
1347,09:58:21,39.8,--,2,7959,买盘
1348,09:58:03,39.8,-0.01,0,1074,卖盘
1349,09:57:54,39.81,0.01,1,3981,中性盘
1350,09:57:45,39.8,-0.05,38,151240,卖盘
1351,09:57:39,39.85,--,2,7970,买盘
1352,09:57:24,39.85,--,2,7970,买盘
1353,09:57:18,39.85,--,1,3985,买盘
1354,09:57:12,39.85,0.05,5,19925,买盘
1355,09:57:09,39.8,-0.05,41,163180,卖盘
1356,09:57:03,39.85,--,5,19925,买盘
1357,09:56:57,39.85,--,6,23910,卖盘
1358,09:56:48,39.85,-0.05,71,282935,卖盘
1359,09:56:42,39.9,0.05,2,7980,买盘
1360,09:56:36,39.85,--,33,131505,卖盘
1361,09:56:30,39.85,--,2,7970,买盘
1362,09:56:27,39.85,-0.05,1,3985,中性盘
1363,09:56:00,39.9,0.08,17,67830,买盘
1364,09:55:33,39.82,-0.03,24,95568,卖盘
1365,09:55:18,39.85,0.04,6,23910,买盘
1366,09:55:15,39.81,-0.04,11,44348,卖盘
1367,09:55:06,39.85,-0.13,16,63760,卖盘
1368,09:55:03,39.98,0.13,18,71964,买盘
1369,09:54:51,39.85,0.04,9,35865,买盘
1370,09:54:33,39.81,0.01,11,46139,买盘
1371,09:54:27,39.8,-0.01,44,176751,卖盘
1372,09:54:18,39.81,-0.04,3,11943,卖盘
1373,09:54:06,39.85,0.04,5,19925,买盘
1374,09:54:03,39.81,-0.04,25,99525,卖盘
1375,09:53:51,39.85,--,4,15940,卖盘
1376,09:53:42,39.85,--,2,7970,卖盘
1377,09:53:24,39.85,-0.05,26,103610,卖盘
1378,09:53:12,39.9,0.05,10,39900,买盘
1379,09:53:06,39.85,-0.05,17,67745,卖盘
1380,09:52:57,39.9,--,2,7980,买盘
1381,09:52:51,39.9,-0.05,20,79800,卖盘
1382,09:52:42,39.95,0.05,1,3995,买盘
1383,09:52:33,39.9,--,7,27930,卖盘
1384,09:52:27,39.9,--,5,19950,买盘
1385,09:52:24,39.9,0.05,1,3990,买盘
1386,09:52:18,39.85,-0.05,95,378575,卖盘
1387,09:52:12,39.9,--,1,3990,买盘
1388,09:52:09,39.9,--,21,83790,买盘
1389,09:52:03,39.9,--,23,91770,买盘
1390,09:51:57,39.9,-0.05,5,19950,卖盘
1391,09:51:54,39.95,0.05,10,39950,买盘
1392,09:51:48,39.9,-0.05,16,63840,卖盘
1393,09:51:42,39.95,--,1,3995,买盘
1394,09:51:27,39.95,-0.05,24,95880,卖盘
1395,09:51:12,40.0,--,5,20000,买盘
1396,09:50:57,40.0,0.1,5,20000,买盘
1397,09:50:42,39.9,--,48,191520,卖盘
1398,09:50:24,39.9,-0.1,12,47880,卖盘
1399,09:50:18,40.0,0.1,15,60000,买盘
1400,09:50:12,39.9,-0.1,2,7980,卖盘
1401,09:50:09,40.0,--,1,4000,买盘
1402,09:49:57,40.0,0.07,115,460000,买盘
1403,09:49:54,39.93,-0.01,4,15972,卖盘
1404,09:49:51,39.94,--,2,7988,卖盘
1405,09:49:48,39.94,--,1,3994,买盘
1406,09:49:39,39.94,-0.01,2,7988,买盘
1407,09:49:36,39.95,0.02,5,19975,卖盘
1408,09:49:33,39.93,-0.04,52,207636,卖盘
1409,09:49:30,39.97,--,1,3997,买盘
1410,09:49:27,39.97,--,27,107919,买盘
1411,09:49:21,39.97,-0.03,2,7994,卖盘
1412,09:49:12,40.0,--,7,28000,买盘
1413,09:49:00,40.0,0.05,62,248000,买盘
1414,09:48:54,39.95,-0.03,10,39950,卖盘
1415,09:48:51,39.98,0.01,26,103947,买盘
1416,09:48:48,39.97,--,1,3997,卖盘
1417,09:48:39,39.97,--,13,51961,中性盘
1418,09:48:24,39.97,0.01,6,23982,卖盘
1419,09:48:21,39.96,0.01,4,15984,买盘
1420,09:48:15,39.95,--,56,223720,卖盘
1421,09:48:06,39.95,--,10,39950,卖盘
1422,09:48:03,39.95,--,163,651185,买盘
1423,09:47:51,39.95,--,5,19975,买盘
1424,09:47:39,39.95,0.05,18,71910,买盘
1425,09:47:36,39.9,0.05,8,31920,买盘
1426,09:47:33,39.85,-0.04,85,338725,卖盘
1427,09:47:30,39.89,-0.01,1,3989,卖盘
1428,09:47:24,39.9,--,1,3990,买盘
1429,09:47:21,39.9,--,10,39900,买盘
1430,09:47:06,39.9,--,10,39900,买盘
1431,09:46:54,39.9,0.05,19,75810,买盘
1432,09:46:39,39.85,--,5,19925,卖盘
1433,09:46:36,39.85,0.03,16,63760,买盘
1434,09:46:15,39.82,--,89,354398,卖盘
1435,09:46:09,39.82,-0.03,6,23892,卖盘
1436,09:46:06,39.85,--,7,27895,买盘
1437,09:46:03,39.85,0.05,4,15940,买盘
1438,09:45:54,39.8,-0.02,16,63679,卖盘
1439,09:45:51,39.82,--,6,26241,卖盘
1440,09:45:33,39.82,0.03,9,35838,买盘
1441,09:45:30,39.79,-0.01,15,59685,卖盘
1442,09:45:18,39.8,-0.02,3,11940,中性盘
1443,09:45:12,39.82,0.03,1,3982,买盘
1444,09:45:03,39.79,0.02,3,14921,中性盘
1445,09:45:00,39.77,-0.02,38,151126,卖盘
1446,09:44:57,39.79,--,5,19895,买盘
1447,09:44:54,39.79,-0.03,9,35811,中性盘
1448,09:44:51,39.82,--,4,15928,买盘
1449,09:44:48,39.82,-0.01,3,11946,中性盘
1450,09:44:42,39.83,--,3,11949,买盘
1451,09:44:39,39.83,0.05,20,79660,买盘
1452,09:44:36,39.78,-0.05,51,202878,卖盘
1453,09:44:33,39.83,--,6,23898,买盘
1454,09:44:30,39.83,0.01,1,3983,买盘
1455,09:44:24,39.82,0.05,1,3982,买盘
1456,09:44:18,39.77,--,8,33804,卖盘
1457,09:44:12,39.77,--,25,99425,卖盘
1458,09:44:09,39.77,--,3,11931,卖盘
1459,09:44:06,39.77,--,15,59655,卖盘
1460,09:43:57,39.77,--,1,3977,卖盘
1461,09:43:51,39.77,--,5,19885,卖盘
1462,09:43:48,39.77,--,4,15908,卖盘
1463,09:43:45,39.77,-0.03,19,75563,卖盘
1464,09:43:42,39.8,0.03,9,35820,买盘
1465,09:43:33,39.77,--,10,39770,卖盘
1466,09:43:27,39.77,-0.04,36,143172,卖盘
1467,09:43:21,39.81,0.03,5,19905,卖盘
1468,09:43:09,39.78,-0.03,1,3978,买盘
1469,09:43:06,39.81,0.04,20,79620,买盘
1470,09:43:03,39.77,--,2,7954,卖盘
1471,09:43:00,39.77,--,10,39770,卖盘
1472,09:42:57,39.77,0.04,10,39770,中性盘
1473,09:42:48,39.73,-0.08,3,11918,卖盘
1474,09:42:45,39.81,0.03,20,79620,买盘
1475,09:42:42,39.78,--,1,3978,买盘
1476,09:42:36,39.78,-0.03,33,131274,卖盘
1477,09:42:33,39.81,--,5,19905,买盘
1478,09:42:30,39.81,--,3,11943,买盘
1479,09:42:27,39.81,--,4,15924,买盘
1480,09:42:24,39.81,--,6,23886,买盘
1481,09:42:18,39.81,-0.02,3,11943,卖盘
1482,09:42:15,39.83,--,112,446932,卖盘
1483,09:42:12,39.83,--,3,11949,卖盘
1484,09:42:09,39.83,-0.01,10,39830,卖盘
1485,09:42:06,39.84,0.01,6,27051,买盘
1486,09:42:00,39.83,--,3,12785,卖盘
1487,09:41:57,39.83,--,31,123473,卖盘
1488,09:41:48,39.83,--,2,7966,卖盘
1489,09:41:42,39.83,--,7,27881,卖盘
1490,09:41:36,39.83,--,13,54925,买盘
1491,09:41:30,39.83,--,13,51779,买盘
1492,09:41:24,39.83,--,2,7966,买盘
1493,09:41:21,39.83,-0.02,16,63728,卖盘
1494,09:41:18,39.85,--,1,3985,买盘
1495,09:41:15,39.85,--,1,3985,买盘
1496,09:41:09,39.85,0.02,3,11955,买盘
1497,09:41:03,39.83,-0.02,10,39830,卖盘
1498,09:40:54,39.85,-0.05,1,3985,中性盘
1499,09:40:48,39.9,0.05,43,171570,买盘
1500,09:40:39,39.85,-0.05,4,15940,卖盘
1501,09:40:27,39.9,--,2,7980,买盘
1502,09:40:18,39.9,--,18,71820,卖盘
1503,09:40:15,39.9,--,3,11970,卖盘
1504,09:40:12,39.9,-0.05,18,71820,卖盘
1505,09:40:09,39.95,0.05,2,7990,买盘
1506,09:40:06,39.9,--,2,7980,卖盘
1507,09:39:57,39.9,--,10,39900,卖盘
1508,09:39:48,39.9,-0.05,2,7980,卖盘
1509,09:39:42,39.95,--,1,3995,卖盘
1510,09:39:33,39.95,--,9,35955,买盘
1511,09:39:27,39.95,0.05,5,19975,买盘
1512,09:39:24,39.9,--,1,3990,卖盘
1513,09:39:21,39.9,--,27,107730,卖盘
1514,09:39:18,39.9,--,1,3990,卖盘
1515,09:39:15,39.9,--,4,15960,卖盘
1516,09:39:12,39.9,-0.07,2,7980,卖盘
1517,09:39:03,39.97,0.07,1,3997,买盘
1518,09:38:54,39.9,--,1,3990,中性盘
1519,09:38:45,39.9,-0.1,6,23940,卖盘
1520,09:38:30,40.0,0.02,1,4000,买盘
1521,09:38:27,39.98,-0.02,1,3997,卖盘
1522,09:38:24,40.0,-0.02,31,124000,卖盘
1523,09:38:18,40.02,0.01,1,4002,买盘
1524,09:38:15,40.01,--,15,60015,卖盘
1525,09:38:12,40.01,-0.01,1,4001,卖盘
1526,09:38:09,40.02,--,45,180090,卖盘
1527,09:38:06,40.02,-0.02,5,20010,卖盘
1528,09:38:00,40.04,--,4,16016,买盘
1529,09:37:54,40.04,--,1,4004,买盘
1530,09:37:51,40.04,-0.04,67,268268,卖盘
1531,09:37:45,40.08,--,3,12024,卖盘
1532,09:37:42,40.08,--,8,32064,卖盘
1533,09:37:39,40.08,0.03,2,8016,卖盘
1534,09:37:33,40.05,--,4,16019,买盘
1535,09:37:27,40.05,-0.06,16,64079,卖盘
1536,09:37:03,40.11,--,10,40110,买盘
1537,09:36:57,40.11,0.01,56,224616,卖盘
1538,09:36:48,40.1,0.07,18,72180,买盘
1539,09:36:45,40.03,--,52,208156,卖盘
1540,09:36:39,40.03,--,3,12009,卖盘
1541,09:36:36,40.03,-0.02,35,140105,卖盘
1542,09:36:33,40.05,--,8,32039,买盘
1543,09:36:30,40.05,--,8,32039,卖盘
1544,09:36:27,40.05,--,4,16019,卖盘
1545,09:36:24,40.05,--,1,4004,卖盘
1546,09:36:21,40.05,0.02,8,32039,买盘
1547,09:36:15,40.03,-0.02,9,36027,买盘
1548,09:36:12,40.05,0.02,3,12015,买盘
1549,09:36:09,40.03,-0.02,1,4003,卖盘
1550,09:36:06,40.05,0.02,2,8009,买盘
1551,09:36:03,40.03,0.01,1,4003,卖盘
1552,09:36:00,40.02,-0.03,10,40020,卖盘
1553,09:35:48,40.05,--,5,20025,买盘
1554,09:35:45,40.05,--,28,112139,卖盘
1555,09:35:39,40.05,-0.03,1,4004,卖盘
1556,09:35:30,40.08,0.01,3,12024,买盘
1557,09:35:27,40.07,--,6,24042,卖盘
1558,09:35:21,40.07,-0.03,2,8014,卖盘
1559,09:35:18,40.1,--,8,32080,买盘
1560,09:35:15,40.1,0.03,1,4010,买盘
1561,09:35:03,40.07,-0.03,2,8014,卖盘
1562,09:35:00,40.1,--,1,4010,卖盘
1563,09:34:51,40.1,0.03,6,24060,买盘
1564,09:34:45,40.07,--,3,12021,卖盘
1565,09:34:27,40.07,-0.09,6,24042,中性盘
1566,09:34:18,40.16,--,104,417663,买盘
1567,09:34:15,40.16,--,2,8031,买盘
1568,09:34:03,40.16,--,1,4015,买盘
1569,09:34:00,40.16,--,12,48191,买盘
1570,09:33:57,40.16,--,2,11485,卖盘
1571,09:33:54,40.16,--,1,4015,卖盘
1572,09:33:51,40.16,0.02,1,4578,买盘
1573,09:33:45,40.14,--,1,7506,买盘
1574,09:33:42,40.14,-0.03,2,8549,卖盘
1575,09:33:39,40.17,0.03,33,132561,买盘
1576,09:33:30,40.14,--,5,20070,卖盘
1577,09:33:24,40.14,-0.03,50,200700,卖盘
1578,09:33:21,40.17,0.02,27,108459,买盘
1579,09:33:18,40.15,--,7,28105,买盘
1580,09:33:15,40.15,--,5,20075,买盘
1581,09:33:12,40.15,--,10,40150,卖盘
1582,09:33:09,40.15,-0.02,26,104390,卖盘
1583,09:33:00,40.17,0.02,5,20085,中性盘
1584,09:32:45,40.15,-0.03,29,116435,卖盘
1585,09:32:42,40.18,0.03,21,84378,买盘
1586,09:32:36,40.15,--,10,40150,卖盘
1587,09:32:33,40.15,-0.03,3,12045,卖盘
1588,09:32:30,40.18,0.03,1,4018,中性盘
1589,09:32:21,40.15,-0.04,2,8030,卖盘
1590,09:32:15,40.19,0.04,4,16076,买盘
1591,09:32:06,40.15,--,40,160600,卖盘
1592,09:32:03,40.15,0.01,2,8030,买盘
1593,09:32:00,40.14,--,10,40140,卖盘
1594,09:31:54,40.14,--,25,100350,卖盘
1595,09:31:48,40.14,--,2,8028,卖盘
1596,09:31:45,40.14,--,5,20070,卖盘
1597,09:31:42,40.14,-0.01,17,68238,卖盘
1598,09:31:39,40.15,0.01,22,88330,买盘
1599,09:31:36,40.14,-0.01,10,40140,卖盘
1600,09:31:33,40.15,--,5,20075,买盘
1601,09:31:27,40.15,-0.05,174,698610,卖盘
1602,09:31:24,40.2,--,1,4020,买盘
1603,09:31:21,40.2,--,10,40200,买盘
1604,09:31:15,40.2,--,41,164820,卖盘
1605,09:31:12,40.2,-0.04,10,40200,卖盘
1606,09:31:09,40.24,0.04,2,8048,中性盘
1607,09:31:03,40.2,-0.04,105,422100,卖盘
1608,09:31:00,40.24,--,1,4024,卖盘
1609,09:30:57,40.24,--,1,4024,卖盘
1610,09:30:54,40.24,--,2,8048,买盘
1611,09:30:51,40.24,--,5,20120,买盘
1612,09:30:45,40.24,0.04,4,16096,买盘
1613,09:30:42,40.2,-0.06,2,8040,卖盘
1614,09:30:33,40.26,0.01,50,201300,买盘
1615,09:30:30,40.25,--,2,8050,买盘
1616,09:30:27,40.25,--,2,8050,买盘
1617,09:30:24,40.25,--,2,8050,买盘
1618,09:30:21,40.25,--,4,16100,买盘
1619,09:30:18,40.25,--,6,24150,买盘
1620,09:30:15,40.25,0.01,16,64400,买盘
1621,09:30:12,40.24,0.1,10,40240,买盘
1622,09:30:09,40.14,--,33,132462,卖盘
1623,09:30:03,40.14,--,36,147996,买盘
1624,09:30:00,40.14,--,0,0,买盘
1625,09:25:03,40.14,40.14,28,112392,买盘
