,time,price,change,volume,amount,type
0,15:00:03,3.43,--,2217,760431,卖盘
1,14:57:00,3.43,--,0,0,卖盘
2,14:56:54,3.43,-0.01,9,3087,卖盘
3,14:56:51,3.44,--,4,1376,买盘
4,14:56:36,3.44,0.01,3,1032,买盘
5,14:56:30,3.43,--,45,15435,卖盘
6,14:56:24,3.43,--,10,3430,卖盘
7,14:56:15,3.43,-0.01,10,3430,卖盘
8,14:56:03,3.44,0.01,14,4816,买盘
9,14:56:00,3.43,--,60,20580,卖盘
10,14:55:57,3.43,--,100,34300,卖盘
11,14:55:42,3.43,-0.01,35,12005,卖盘
12,14:55:33,3.44,0.01,9,3096,买盘
13,14:55:15,3.43,--,1,343,卖盘
14,14:55:09,3.43,-0.01,10,3430,卖盘
15,14:55:03,3.44,0.01,1,344,买盘
16,14:54:48,3.43,--,1,343,卖盘
17,14:54:45,3.43,--,54,18522,卖盘
18,14:54:42,3.43,-0.01,107,36701,卖盘
19,14:54:30,3.44,--,65,22360,买盘
20,14:54:24,3.44,--,3,1032,买盘
21,14:54:21,3.44,--,139,47816,买盘
22,14:54:12,3.44,--,9,3096,买盘
23,14:54:06,3.44,--,5,1720,买盘
24,14:54:03,3.44,--,152,52288,买盘
25,14:53:57,3.44,--,5,1720,买盘
26,14:53:54,3.44,--,155,53320,买盘
27,14:53:45,3.44,--,50,17200,买盘
28,14:53:42,3.44,--,2,688,买盘
29,14:53:39,3.44,--,54,18576,买盘
30,14:53:24,3.44,--,1,344,买盘
31,14:53:15,3.44,--,50,17200,买盘
32,14:53:06,3.44,--,20,6880,买盘
33,14:53:03,3.44,--,18,6192,买盘
34,14:52:57,3.44,-0.01,181,62264,卖盘
35,14:52:54,3.45,0.01,2,690,买盘
36,14:52:51,3.44,--,263,90472,买盘
37,14:52:39,3.44,--,20,6880,买盘
38,14:52:30,3.44,--,47,16171,买盘
39,14:52:27,3.44,0.01,10,3440,买盘
40,14:52:24,3.43,-0.01,84,28812,卖盘
41,14:52:21,3.44,--,27,9288,买盘
42,14:52:00,3.44,--,2,688,买盘
43,14:51:57,3.44,--,8,2752,买盘
44,14:51:54,3.44,--,2,688,买盘
45,14:51:51,3.44,0.01,30,10320,买盘
46,14:51:48,3.43,-0.01,1,343,卖盘
47,14:51:45,3.44,0.01,192,66048,买盘
48,14:51:36,3.43,-0.01,1,343,卖盘
49,14:51:30,3.44,0.01,11,3784,中性盘
50,14:51:27,3.43,-0.01,3,1029,卖盘
51,14:51:21,3.44,-0.01,1,344,中性盘
52,14:51:03,3.45,0.01,10,3450,买盘
53,14:50:57,3.44,--,7,2408,卖盘
54,14:50:51,3.44,--,100,34400,卖盘
55,14:50:39,3.44,--,22,7568,卖盘
56,14:50:33,3.44,--,16,5504,卖盘
57,14:50:24,3.44,--,28,9632,卖盘
58,14:50:12,3.44,--,50,17200,卖盘
59,14:50:00,3.44,--,183,62952,卖盘
60,14:49:51,3.44,--,134,46096,卖盘
61,14:49:30,3.44,-0.01,40,13760,卖盘
62,14:49:24,3.45,0.01,105,36225,买盘
63,14:49:18,3.44,--,20,6880,卖盘
64,14:49:00,3.44,-0.01,2,688,卖盘
65,14:48:57,3.45,0.01,11,3795,买盘
66,14:48:45,3.44,--,10,3440,卖盘
67,14:48:42,3.44,--,713,245272,买盘
68,14:48:36,3.44,--,366,125904,买盘
69,14:48:33,3.44,--,11,3784,买盘
70,14:48:24,3.44,--,3,1032,买盘
71,14:48:06,3.44,--,150,51600,买盘
72,14:48:03,3.44,--,10,3440,买盘
73,14:48:00,3.44,--,13,4472,买盘
74,14:47:57,3.44,0.01,6,2064,买盘
75,14:47:33,3.43,--,13,4459,卖盘
76,14:47:30,3.43,-0.01,10,3430,卖盘
77,14:47:18,3.44,0.01,12,4128,买盘
78,14:47:12,3.43,--,10,3430,卖盘
79,14:46:45,3.43,--,10,3430,卖盘
80,14:46:30,3.43,--,10,3430,卖盘
81,14:46:21,3.43,--,10,3430,卖盘
82,14:46:18,3.43,-0.01,10,3430,卖盘
83,14:46:06,3.44,--,61,20984,买盘
84,14:46:03,3.44,--,45,15480,买盘
85,14:45:54,3.44,0.01,78,26832,买盘
86,14:45:51,3.43,-0.01,10,3430,卖盘
87,14:45:42,3.44,--,20,6880,买盘
88,14:45:33,3.44,--,10,3440,买盘
89,14:45:09,3.44,--,10,3440,买盘
90,14:45:03,3.44,0.01,6,2064,买盘
91,14:44:51,3.43,-0.01,1,343,卖盘
92,14:44:48,3.44,--,3,1032,买盘
93,14:44:45,3.44,--,100,34400,买盘
94,14:44:30,3.44,--,20,6880,买盘
95,14:44:15,3.44,--,242,83248,卖盘
96,14:44:06,3.44,-0.01,44,15136,卖盘
97,14:44:03,3.45,0.01,1,345,买盘
98,14:43:51,3.44,--,36,12384,卖盘
99,14:43:39,3.44,--,1,344,卖盘
100,14:43:30,3.44,--,30,10320,卖盘
101,14:43:18,3.44,--,765,263160,买盘
102,14:42:51,3.44,--,12,4128,买盘
103,14:42:48,3.44,--,273,93912,卖盘
104,14:42:45,3.44,--,45,15480,卖盘
105,14:42:39,3.44,--,80,27520,卖盘
106,14:42:33,3.44,--,40,13760,卖盘
107,14:42:30,3.44,--,34,11696,卖盘
108,14:42:27,3.44,--,200,68800,卖盘
109,14:42:24,3.44,--,44,15136,卖盘
110,14:42:21,3.44,--,150,51600,卖盘
111,14:42:15,3.44,--,23,7912,卖盘
112,14:42:12,3.44,--,2,688,卖盘
113,14:42:09,3.44,--,24,8256,卖盘
114,14:41:57,3.44,--,60,20640,卖盘
115,14:41:48,3.44,--,18,6192,卖盘
116,14:41:33,3.44,--,100,34400,卖盘
117,14:41:27,3.44,-0.01,1,344,卖盘
118,14:41:15,3.45,--,1,345,买盘
119,14:41:03,3.45,--,1,345,买盘
120,14:40:33,3.45,0.01,12,4140,买盘
121,14:40:09,3.44,--,30,10320,卖盘
122,14:40:06,3.44,--,110,37840,卖盘
123,14:39:54,3.44,--,11,3784,卖盘
124,14:39:15,3.44,--,4,1376,卖盘
125,14:39:12,3.44,-0.01,20,6880,卖盘
126,14:38:48,3.45,0.01,18,6210,买盘
127,14:38:18,3.44,-0.01,24,8256,卖盘
128,14:37:45,3.45,--,20,6900,买盘
129,14:37:36,3.45,0.01,146,50370,买盘
130,14:37:30,3.44,-0.01,200,68800,卖盘
131,14:37:18,3.45,--,200,69000,买盘
132,14:37:03,3.45,--,1,345,买盘
133,14:37:00,3.45,0.01,14,4830,买盘
134,14:36:54,3.44,--,30,10320,卖盘
135,14:36:24,3.44,--,11,3784,卖盘
136,14:35:30,3.44,-0.01,3,1032,卖盘
137,14:34:42,3.45,--,2,690,买盘
138,14:34:06,3.45,--,80,27600,买盘
139,14:33:36,3.45,--,2,690,买盘
140,14:33:30,3.45,--,44,15180,买盘
141,14:33:09,3.45,-0.01,685,236325,卖盘
142,14:33:03,3.46,--,1,346,买盘
143,14:32:54,3.46,0.01,78,26988,买盘
144,14:32:48,3.45,--,1,345,卖盘
145,14:32:36,3.45,--,5,1725,卖盘
146,14:32:33,3.45,--,32,11040,卖盘
147,14:32:30,3.45,--,10,3450,卖盘
148,14:32:18,3.45,--,22,7590,卖盘
149,14:31:21,3.45,-0.01,302,104190,卖盘
150,14:31:09,3.46,--,1,346,买盘
151,14:30:57,3.46,--,762,263652,买盘
152,14:30:48,3.46,--,20,6920,买盘
153,14:30:33,3.46,--,10,3460,买盘
154,14:30:30,3.46,--,15,5190,买盘
155,14:30:18,3.46,0.01,557,192722,买盘
156,14:30:09,3.45,-0.01,12,4140,卖盘
157,14:30:06,3.46,0.01,100,34600,买盘
158,14:29:51,3.45,--,9,3105,卖盘
159,14:29:48,3.45,-0.01,52,17940,卖盘
160,14:29:42,3.46,0.01,13,4498,买盘
161,14:29:39,3.45,--,14,4830,买盘
162,14:29:36,3.45,--,72,24840,买盘
163,14:29:30,3.45,--,70,24150,买盘
164,14:29:24,3.45,--,200,69000,买盘
165,14:29:21,3.45,--,142,48990,买盘
166,14:29:18,3.45,--,5,1725,买盘
167,14:29:15,3.45,--,2,690,买盘
168,14:29:09,3.45,0.01,23,7935,买盘
169,14:29:06,3.44,-0.01,42,14448,卖盘
170,14:29:03,3.45,--,6,2070,买盘
171,14:28:57,3.45,--,100,34500,买盘
172,14:28:54,3.45,--,298,102810,卖盘
173,14:28:39,3.45,--,42,14490,卖盘
174,14:28:27,3.45,--,1309,451605,买盘
175,14:28:21,3.45,--,63,21735,买盘
176,14:28:15,3.45,0.01,16,5520,买盘
177,14:28:12,3.44,--,73,25112,卖盘
178,14:28:00,3.44,-0.01,92,31648,卖盘
179,14:27:54,3.45,0.01,1000,345000,买盘
180,14:27:45,3.44,--,42,14448,卖盘
181,14:27:42,3.44,-0.01,44,15136,卖盘
182,14:27:33,3.45,--,47,16215,买盘
183,14:27:30,3.45,0.01,41,14145,买盘
184,14:27:18,3.44,--,42,14448,卖盘
185,14:27:15,3.44,--,10,3440,卖盘
186,14:27:06,3.44,-0.01,42,14448,卖盘
187,14:27:00,3.45,0.01,52,17940,买盘
188,14:26:51,3.44,-0.01,42,14448,卖盘
189,14:26:48,3.45,--,10,3450,买盘
190,14:26:42,3.45,0.01,2,690,买盘
191,14:26:36,3.44,-0.01,42,14448,卖盘
192,14:26:27,3.45,0.01,20,6900,买盘
193,14:26:24,3.44,-0.01,42,14448,卖盘
194,14:26:21,3.45,0.01,63,21735,买盘
195,14:26:09,3.44,-0.01,48,16512,卖盘
196,14:26:03,3.45,--,1,345,买盘
197,14:26:00,3.45,0.01,2,690,买盘
198,14:25:57,3.44,--,42,14448,卖盘
199,14:25:42,3.44,--,92,31648,卖盘
200,14:25:36,3.44,--,208,71552,卖盘
201,14:25:33,3.44,--,10,3440,卖盘
202,14:25:30,3.44,--,46,15824,卖盘
203,14:25:24,3.44,--,1,344,卖盘
204,14:25:15,3.44,-0.01,42,14448,卖盘
205,14:25:12,3.45,0.01,10,3450,买盘
206,14:25:03,3.44,--,42,14448,卖盘
207,14:24:48,3.44,-0.01,42,14448,卖盘
208,14:24:39,3.45,0.01,118,40710,买盘
209,14:24:36,3.44,--,42,14448,卖盘
210,14:24:30,3.44,-0.01,20,6880,卖盘
211,14:24:21,3.45,--,343,118335,买盘
212,14:24:18,3.45,--,10,3450,买盘
213,14:24:12,3.45,--,580,200100,卖盘
214,14:24:06,3.45,-0.01,42,14490,卖盘
215,14:23:54,3.46,0.01,52,17992,买盘
216,14:23:48,3.45,--,10,3450,卖盘
217,14:23:42,3.45,--,2,690,卖盘
218,14:23:39,3.45,--,42,14490,卖盘
219,14:23:36,3.45,-0.01,2,690,卖盘
220,14:23:33,3.46,0.01,9,3114,买盘
221,14:23:27,3.45,--,42,14490,卖盘
222,14:23:12,3.45,--,42,14490,卖盘
223,14:23:03,3.45,--,10,3450,卖盘
224,14:23:00,3.45,--,395,136275,卖盘
225,14:22:45,3.45,-0.01,42,14490,卖盘
226,14:22:42,3.46,0.01,2,692,买盘
227,14:22:36,3.45,--,2,690,卖盘
228,14:22:33,3.45,--,42,14490,卖盘
229,14:22:24,3.45,--,30,10350,卖盘
230,14:22:18,3.45,-0.01,43,14835,卖盘
231,14:22:15,3.46,--,400,138400,买盘
232,14:22:06,3.46,0.01,11,3806,买盘
233,14:22:03,3.45,-0.01,43,14835,卖盘
234,14:22:00,3.46,--,899,311054,卖盘
235,14:21:54,3.46,--,50,17300,卖盘
236,14:21:51,3.46,--,506,175076,卖盘
237,14:21:48,3.46,--,8,2768,卖盘
238,14:21:42,3.46,--,202,69892,卖盘
239,14:21:39,3.46,--,31,10726,买盘
240,14:21:36,3.46,--,35,12110,卖盘
241,14:21:33,3.46,--,10,3460,卖盘
242,14:21:30,3.46,--,50,17300,卖盘
243,14:21:27,3.46,--,2,692,卖盘
244,14:21:24,3.46,--,42,14532,卖盘
245,14:21:12,3.46,--,4,1384,卖盘
246,14:21:09,3.46,--,42,14532,卖盘
247,14:20:57,3.46,--,302,104492,买盘
248,14:20:51,3.46,0.01,200,69200,买盘
249,14:20:48,3.45,--,10,3450,卖盘
250,14:20:42,3.45,--,42,14490,卖盘
251,14:20:30,3.45,--,42,14490,卖盘
252,14:20:15,3.45,--,42,14490,卖盘
253,14:20:03,3.45,-0.01,71,24495,卖盘
254,14:19:57,3.46,--,70,24220,卖盘
255,14:19:48,3.46,--,52,17992,买盘
256,14:19:45,3.46,-0.01,20,6920,卖盘
257,14:19:39,3.47,0.02,100,34700,买盘
258,14:19:33,3.45,-0.02,52,17940,卖盘
259,14:19:24,3.47,0.01,200,69400,买盘
260,14:19:21,3.46,--,162,56052,买盘
261,14:19:15,3.46,--,153,53214,卖盘
262,14:19:06,3.46,-0.01,45,15570,卖盘
263,14:19:03,3.47,--,129,44763,买盘
264,14:19:00,3.47,0.01,10,3470,买盘
265,14:18:57,3.46,--,100,34600,卖盘
266,14:18:54,3.46,--,61,21106,卖盘
267,14:18:48,3.46,0.01,1427,493811,买盘
268,14:18:45,3.45,-0.01,29,10005,卖盘
269,14:18:42,3.46,0.01,248,85808,买盘
270,14:18:39,3.45,-0.01,42,14490,卖盘
271,14:18:36,3.46,0.01,114,39444,买盘
272,14:18:27,3.45,-0.01,42,14490,卖盘
273,14:18:24,3.46,--,245,84770,买盘
274,14:18:18,3.46,--,103,35638,买盘
275,14:18:15,3.46,0.01,60,20760,买盘
276,14:18:12,3.45,-0.01,43,14835,卖盘
277,14:18:03,3.46,0.01,103,35638,买盘
278,14:18:00,3.45,--,42,14490,卖盘
279,14:17:57,3.45,--,20,6900,卖盘
280,14:17:45,3.45,--,42,14490,卖盘
281,14:17:33,3.45,--,46,15870,卖盘
282,14:17:27,3.45,--,5,1725,卖盘
283,14:17:24,3.45,--,10,3450,卖盘
284,14:17:18,3.45,--,42,14490,卖盘
285,14:17:09,3.45,-0.01,12,4140,卖盘
286,14:17:06,3.46,0.01,99,34254,买盘
287,14:17:03,3.45,-0.01,42,14490,卖盘
288,14:16:57,3.46,--,17,5882,买盘
289,14:16:54,3.46,0.01,30,10380,买盘
290,14:16:51,3.45,--,52,17940,卖盘
291,14:16:48,3.45,-0.01,14,4830,卖盘
292,14:16:45,3.46,--,25,8650,买盘
293,14:16:42,3.46,--,83,28718,买盘
294,14:16:39,3.46,0.01,6,2076,买盘
295,14:16:36,3.45,-0.01,60,20700,卖盘
296,14:16:33,3.46,0.01,9,3114,买盘
297,14:16:30,3.45,-0.01,9,3105,卖盘
298,14:16:27,3.46,0.01,118,40828,买盘
299,14:16:24,3.45,-0.01,461,159045,卖盘
300,14:16:18,3.46,--,60,20760,买盘
301,14:16:15,3.46,--,233,80894,卖盘
302,14:16:12,3.46,-0.01,704,243584,卖盘
303,14:16:09,3.47,0.01,147,51009,买盘
304,14:16:03,3.46,--,270,93420,卖盘
305,14:16:00,3.46,-0.01,205,70930,卖盘
306,14:15:57,3.47,--,833,289051,买盘
307,14:15:54,3.47,0.01,638,221386,买盘
308,14:15:51,3.46,-0.01,34,11764,卖盘
309,14:15:48,3.47,--,48,16656,买盘
310,14:15:45,3.47,--,57,19779,买盘
311,14:15:42,3.47,--,44,15268,买盘
312,14:15:36,3.47,--,34,11798,买盘
313,14:15:33,3.47,--,9,3123,买盘
314,14:15:30,3.47,--,110,38170,买盘
315,14:15:27,3.47,--,106,36782,买盘
316,14:15:24,3.47,0.01,1200,416400,买盘
317,14:15:21,3.46,-0.01,300,103800,卖盘
318,14:15:18,3.47,--,21,7287,买盘
319,14:15:12,3.47,--,150,52050,买盘
320,14:15:09,3.47,--,20,6940,买盘
321,14:15:06,3.47,0.01,346,120062,买盘
322,14:15:03,3.46,-0.01,47,16262,卖盘
323,14:15:00,3.47,--,50,17350,买盘
324,14:14:57,3.47,0.01,634,220067,买盘
325,14:14:54,3.46,0.01,2380,823480,买盘
326,14:14:51,3.45,-0.01,113,38985,卖盘
327,14:14:48,3.46,--,50,17300,买盘
328,14:14:39,3.46,--,500,173000,买盘
329,14:14:36,3.46,0.01,341,117986,买盘
330,14:14:33,3.45,--,225,77625,买盘
331,14:14:30,3.45,--,51,17595,买盘
332,14:14:18,3.45,--,443,153111,卖盘
333,14:14:15,3.45,--,187,64515,卖盘
334,14:14:09,3.45,--,1,345,卖盘
335,14:14:06,3.45,--,110,37950,卖盘
336,14:14:00,3.45,--,1541,531714,买盘
337,14:13:57,3.45,--,50,17250,买盘
338,14:13:54,3.45,0.01,123,42435,买盘
339,14:13:51,3.44,-0.01,825,283800,卖盘
340,14:13:48,3.45,--,400,138000,买盘
341,14:13:45,3.45,--,250,86250,买盘
342,14:13:36,3.45,--,120,41400,买盘
343,14:13:33,3.45,--,47,16215,买盘
344,14:13:30,3.45,0.01,53,18285,买盘
345,14:13:27,3.44,--,75,25800,卖盘
346,14:13:24,3.44,-0.01,46,15824,卖盘
347,14:13:21,3.45,--,23,7935,买盘
348,14:13:18,3.45,0.01,100,34500,买盘
349,14:13:15,3.44,--,228,78432,卖盘
350,14:13:12,3.44,-0.01,366,125904,卖盘
351,14:13:09,3.45,0.01,112,38640,买盘
352,14:13:06,3.44,--,416,143104,买盘
353,14:13:00,3.44,--,106,36464,买盘
354,14:12:57,3.44,--,1,344,买盘
355,14:12:54,3.44,0.01,51,17544,买盘
356,14:12:51,3.43,--,15,5145,卖盘
357,14:12:45,3.43,0.01,706,242199,买盘
358,14:12:42,3.42,-0.01,979,334818,卖盘
359,14:12:39,3.43,--,22,7546,买盘
360,14:12:36,3.43,0.01,20,6860,买盘
361,14:12:27,3.42,--,1035,354082,买盘
362,14:12:24,3.42,--,101,34542,买盘
363,14:12:21,3.42,--,160,54720,买盘
364,14:12:18,3.42,--,112,38304,买盘
365,14:12:15,3.42,--,10,3420,买盘
366,14:12:12,3.42,--,10,3420,买盘
367,14:12:09,3.42,--,505,172939,卖盘
368,14:12:06,3.42,--,429,146830,买盘
369,14:12:03,3.42,0.01,808,276336,买盘
370,14:12:00,3.41,-0.01,4,1364,卖盘
371,14:11:57,3.42,--,562,192204,买盘
372,14:11:51,3.42,--,20,6840,买盘
373,14:11:42,3.42,--,255,87210,买盘
374,14:11:39,3.42,--,10,3420,买盘
375,14:11:36,3.42,0.01,6,2052,买盘
376,14:11:24,3.41,--,175,59675,买盘
377,14:11:21,3.41,--,11,3751,买盘
378,14:11:15,3.41,--,50,17050,买盘
379,14:11:09,3.41,--,200,68200,买盘
380,14:11:03,3.41,--,1,341,买盘
381,14:10:51,3.41,--,60,20460,买盘
382,14:10:45,3.41,--,13,4433,买盘
383,14:10:21,3.41,--,1,341,买盘
384,14:10:06,3.41,--,1,341,买盘
385,14:10:00,3.41,--,640,218240,卖盘
386,14:09:54,3.41,--,10,3410,卖盘
387,14:09:39,3.41,--,200,68200,卖盘
388,14:09:36,3.41,-0.01,10,3410,卖盘
389,14:09:24,3.42,--,100,34200,买盘
390,14:08:39,3.42,0.01,1,342,买盘
391,14:08:36,3.41,--,20,6820,卖盘
392,14:08:27,3.41,--,286,97526,卖盘
393,14:08:21,3.41,-0.01,20,6820,卖盘
394,14:08:09,3.42,0.01,2,684,买盘
395,14:07:57,3.41,-0.01,5,1705,卖盘
396,14:07:24,3.42,--,100,34200,买盘
397,14:07:21,3.42,--,45,15390,买盘
398,14:06:57,3.42,0.01,5,1710,买盘
399,14:06:51,3.41,--,100,34100,卖盘
400,14:06:39,3.41,--,4,1364,卖盘
401,14:06:18,3.41,-0.01,2,682,卖盘
402,14:06:03,3.42,0.01,201,68742,买盘
403,14:05:54,3.41,-0.01,4,1364,卖盘
404,14:05:24,3.42,0.01,7,2394,买盘
405,14:05:18,3.41,-0.01,56,19096,卖盘
406,14:05:12,3.42,--,2,684,买盘
407,14:05:06,3.42,0.01,75,25650,买盘
408,14:04:57,3.41,-0.01,82,27962,卖盘
409,14:04:54,3.42,0.01,1,342,买盘
410,14:04:51,3.41,--,9,3069,卖盘
411,14:04:42,3.41,-0.01,100,34100,卖盘
412,14:04:36,3.42,--,50,17100,买盘
413,14:04:30,3.42,0.01,56,19152,买盘
414,14:04:21,3.41,--,23,7843,买盘
415,14:04:18,3.41,--,2,682,买盘
416,14:04:15,3.41,--,50,17050,买盘
417,14:04:12,3.41,--,100,34100,买盘
418,14:04:03,3.41,0.01,10,3410,买盘
419,14:03:57,3.4,--,36,12240,卖盘
420,14:03:51,3.4,-0.01,18,6120,卖盘
421,14:03:45,3.41,0.01,15,5115,买盘
422,14:03:42,3.4,--,10,3400,卖盘
423,14:03:27,3.4,--,5,1700,卖盘
424,14:03:15,3.4,--,30,10200,卖盘
425,14:03:09,3.4,--,10,3400,卖盘
426,14:02:57,3.4,--,13,4420,卖盘
427,14:02:51,3.4,--,2,680,卖盘
428,14:02:36,3.4,--,57,19380,卖盘
429,14:02:24,3.4,--,80,27200,卖盘
430,14:02:21,3.4,-0.01,20,6800,卖盘
431,14:02:18,3.41,0.01,2,682,买盘
432,14:01:45,3.4,--,266,90440,买盘
433,14:01:42,3.4,--,74,25160,卖盘
434,14:01:39,3.4,--,120,40800,卖盘
435,14:01:36,3.4,--,106,36040,买盘
436,14:01:33,3.4,--,50,17000,买盘
437,14:01:30,3.4,--,157,53380,买盘
438,14:01:27,3.4,--,10,3400,买盘
439,14:01:24,3.4,--,80,27200,买盘
440,14:01:18,3.4,--,1,340,买盘
441,14:01:15,3.4,--,223,75820,卖盘
442,14:01:06,3.4,-0.01,100,34000,卖盘
443,14:01:03,3.41,0.01,1,341,买盘
444,14:01:00,3.4,--,8,2720,卖盘
445,14:00:57,3.4,--,2310,785400,卖盘
446,14:00:54,3.4,--,60,20400,卖盘
447,14:00:33,3.4,--,10,3400,卖盘
448,14:00:06,3.4,-0.01,103,35020,卖盘
449,13:59:54,3.41,--,20,6820,买盘
450,13:59:39,3.41,0.01,26,8866,买盘
451,13:59:36,3.4,-0.01,146,49640,卖盘
452,13:59:33,3.41,--,14,4774,买盘
453,13:59:27,3.41,--,6,2046,买盘
454,13:59:12,3.41,--,10,3410,买盘
455,13:59:09,3.41,--,180,61502,卖盘
456,13:58:51,3.41,--,503,171523,卖盘
457,13:58:36,3.41,-0.01,50,17050,卖盘
458,13:58:33,3.42,0.01,44,15048,买盘
459,13:58:30,3.41,--,50,17050,卖盘
460,13:58:21,3.41,--,7,2387,卖盘
461,13:58:18,3.41,-0.01,1214,413974,卖盘
462,13:58:15,3.42,0.01,5,1710,买盘
463,13:58:12,3.41,-0.01,56,19096,卖盘
464,13:58:03,3.42,0.01,32,10944,买盘
465,13:57:54,3.41,--,238,81287,卖盘
466,13:57:36,3.41,--,2,682,卖盘
467,13:57:24,3.41,-0.01,238,81284,卖盘
468,13:57:18,3.42,--,230,78660,买盘
469,13:57:03,3.42,0.01,17,5814,买盘
470,13:57:00,3.41,-0.01,60,20460,卖盘
471,13:56:51,3.42,0.01,1,342,买盘
472,13:56:45,3.41,-0.01,254,86723,卖盘
473,13:56:33,3.42,0.01,4,1368,买盘
474,13:56:21,3.41,-0.01,336,114876,卖盘
475,13:56:18,3.42,--,14,4788,买盘
476,13:56:15,3.42,0.01,85,29070,买盘
477,13:55:54,3.41,--,2,682,卖盘
478,13:55:45,3.41,--,10,3410,卖盘
479,13:55:06,3.41,--,171,58546,卖盘
480,13:55:00,3.41,--,20,6820,卖盘
481,13:54:51,3.41,--,6,2046,卖盘
482,13:54:45,3.41,--,100,34100,卖盘
483,13:54:36,3.41,--,4,1364,卖盘
484,13:54:33,3.41,--,200,68200,卖盘
485,13:54:21,3.41,-0.01,286,97577,卖盘
486,13:54:18,3.42,--,63,21546,买盘
487,13:54:12,3.42,0.01,100,34200,买盘
488,13:54:06,3.41,-0.01,60,20460,卖盘
489,13:54:03,3.42,--,1,342,买盘
490,13:54:00,3.42,--,36,12312,买盘
491,13:53:54,3.42,--,15,5130,买盘
492,13:53:48,3.42,--,2,684,买盘
493,13:53:24,3.42,--,81,27702,买盘
494,13:53:21,3.42,--,15,5130,买盘
495,13:53:06,3.42,--,200,68400,买盘
496,13:53:00,3.42,0.01,23,7866,买盘
497,13:52:57,3.41,-0.01,2,682,卖盘
498,13:52:39,3.42,--,32,10944,买盘
499,13:52:36,3.42,--,10,3420,买盘
500,13:52:12,3.42,--,600,205200,买盘
501,13:51:42,3.42,--,140,47880,买盘
502,13:51:39,3.42,--,15,5130,买盘
503,13:51:36,3.42,--,2,684,买盘
504,13:51:33,3.42,0.01,14,4788,买盘
505,13:51:03,3.41,-0.01,81,27621,卖盘
506,13:51:00,3.42,0.01,1,342,买盘
507,13:50:45,3.41,--,6,2046,卖盘
508,13:50:39,3.41,-0.01,357,121972,卖盘
509,13:50:36,3.42,0.01,1,342,买盘
510,13:50:33,3.41,--,228,77748,卖盘
511,13:50:03,3.41,--,20,6820,卖盘
512,13:49:45,3.41,--,4,1364,卖盘
513,13:49:42,3.41,--,2,682,卖盘
514,13:49:21,3.41,--,28,9548,卖盘
515,13:49:18,3.41,-0.01,50,17050,卖盘
516,13:49:15,3.42,0.01,20,6840,买盘
517,13:49:12,3.41,-0.01,2,682,卖盘
518,13:49:03,3.42,--,1,342,买盘
519,13:49:00,3.42,--,20,6840,买盘
520,13:48:03,3.42,0.01,30,10260,买盘
521,13:47:57,3.41,--,5,1705,卖盘
522,13:47:54,3.41,--,20,6820,卖盘
523,13:47:48,3.41,--,1,341,卖盘
524,13:47:30,3.41,--,46,15686,卖盘
525,13:47:09,3.41,--,77,26257,卖盘
526,13:47:06,3.41,--,172,58652,卖盘
527,13:47:03,3.41,--,40,13640,卖盘
528,13:46:57,3.41,--,28,9548,卖盘
529,13:46:48,3.41,-0.01,176,60016,卖盘
530,13:46:36,3.42,--,1,342,买盘
531,13:46:30,3.42,--,18,6156,买盘
532,13:46:09,3.42,--,1489,509238,卖盘
533,13:46:00,3.42,--,31,10602,卖盘
534,13:45:54,3.42,-0.01,10,3420,卖盘
535,13:45:48,3.43,0.01,14,4802,买盘
536,13:45:45,3.42,--,66,22572,卖盘
537,13:45:42,3.42,--,678,231876,卖盘
538,13:45:33,3.42,--,69,23598,卖盘
539,13:45:21,3.42,--,52,17784,卖盘
540,13:45:15,3.42,--,200,68400,卖盘
541,13:45:12,3.42,--,48,16416,卖盘
542,13:44:51,3.42,--,56,19152,卖盘
543,13:44:33,3.42,-0.01,20,6840,卖盘
544,13:44:15,3.43,--,74,25382,买盘
545,13:43:54,3.43,--,50,17150,买盘
546,13:43:24,3.43,--,1,343,买盘
547,13:43:18,3.43,--,17,5831,买盘
548,13:43:03,3.43,--,1,343,买盘
549,13:42:09,3.43,0.01,104,35672,买盘
550,13:42:06,3.42,--,15,5130,卖盘
551,13:41:51,3.42,--,3,1026,卖盘
552,13:41:42,3.42,-0.01,1,342,卖盘
553,13:41:39,3.43,--,2,686,买盘
554,13:41:24,3.43,--,156,53508,买盘
555,13:41:21,3.43,0.01,10,3430,买盘
556,13:41:09,3.42,--,20,6840,卖盘
557,13:41:03,3.42,-0.01,50,17100,卖盘
558,13:40:48,3.43,--,246,84378,买盘
559,13:39:54,3.43,--,100,34300,买盘
560,13:39:48,3.43,0.01,30,10290,买盘
561,13:39:39,3.42,--,5,1710,卖盘
562,13:39:27,3.42,-0.01,36,12312,卖盘
563,13:39:03,3.43,0.01,1,343,买盘
564,13:38:54,3.42,-0.01,77,26334,卖盘
565,13:38:33,3.43,--,18,6174,买盘
566,13:38:30,3.43,0.01,10,3430,买盘
567,13:38:21,3.42,-0.01,40,13680,卖盘
568,13:38:06,3.43,--,37,12691,卖盘
569,13:38:03,3.43,--,10,3430,卖盘
570,13:37:57,3.43,--,10,3430,卖盘
571,13:37:54,3.43,--,33,11319,卖盘
572,13:37:45,3.43,--,339,116277,卖盘
573,13:37:42,3.43,--,26,8918,卖盘
574,13:37:36,3.43,--,30,10290,卖盘
575,13:37:33,3.43,--,100,34300,卖盘
576,13:37:27,3.43,--,14,4802,卖盘
577,13:37:24,3.43,--,37,12691,卖盘
578,13:37:12,3.43,--,33,11319,卖盘
579,13:37:03,3.43,-0.01,34,11662,卖盘
580,13:36:48,3.44,--,3,1032,买盘
581,13:36:24,3.44,0.01,2,688,买盘
582,13:36:21,3.43,-0.01,20,6860,卖盘
583,13:36:18,3.44,--,15,5160,买盘
584,13:34:36,3.44,--,30,10320,买盘
585,13:34:09,3.44,--,214,73616,买盘
586,13:34:03,3.44,0.01,1,344,买盘
587,13:33:06,3.43,--,1000,343000,卖盘
588,13:33:00,3.43,-0.01,2,686,卖盘
589,13:32:42,3.44,0.01,30,10320,买盘
590,13:32:30,3.43,--,1,343,卖盘
591,13:32:15,3.43,--,1,343,卖盘
592,13:32:00,3.43,--,79,27097,卖盘
593,13:31:09,3.43,-0.01,12,4116,卖盘
594,13:30:33,3.44,--,220,75680,买盘
595,13:30:03,3.44,--,30,10320,买盘
596,13:29:54,3.44,--,4,1376,买盘
597,13:29:03,3.44,0.01,1,344,买盘
598,13:28:24,3.43,-0.01,439,150577,卖盘
599,13:28:12,3.44,--,450,154800,买盘
600,13:27:42,3.44,0.01,68,23392,买盘
601,13:27:30,3.43,-0.01,81,27783,卖盘
602,13:26:51,3.44,--,53,18232,买盘
603,13:26:30,3.44,0.01,40,13760,买盘
604,13:26:15,3.43,--,86,29498,卖盘
605,13:26:09,3.43,--,153,52479,卖盘
606,13:25:57,3.43,--,111,38210,买盘
607,13:25:54,3.43,--,38,13034,买盘
608,13:25:51,3.43,--,44,15092,买盘
609,13:25:39,3.43,-0.01,55,18865,卖盘
610,13:25:36,3.44,0.02,3,1032,买盘
611,13:25:27,3.42,-0.01,104,35568,卖盘
612,13:25:06,3.43,--,10,3430,买盘
613,13:25:03,3.43,--,292,100156,卖盘
614,13:24:57,3.43,--,51,17493,卖盘
615,13:24:51,3.43,--,106,36358,卖盘
616,13:24:45,3.43,--,147,50421,卖盘
617,13:24:39,3.43,--,593,203399,卖盘
618,13:24:27,3.43,--,253,86779,卖盘
619,13:24:15,3.43,--,86,29498,卖盘
620,13:24:09,3.43,-0.01,98,33614,卖盘
621,13:23:45,3.44,0.01,120,41280,买盘
622,13:23:33,3.43,-0.01,50,17150,卖盘
623,13:23:24,3.44,--,1,344,买盘
624,13:23:18,3.44,0.01,12,4128,买盘
625,13:23:12,3.43,--,106,36358,卖盘
626,13:23:09,3.43,--,89,30527,卖盘
627,13:22:27,3.43,--,426,146118,卖盘
628,13:21:15,3.43,--,69,23667,卖盘
629,13:20:30,3.43,-0.01,75,25725,卖盘
630,13:19:57,3.44,--,361,124184,买盘
631,13:19:48,3.44,--,1,344,买盘
632,13:19:12,3.44,0.01,5,1720,买盘
633,13:19:00,3.43,-0.01,33,11319,卖盘
634,13:17:30,3.44,--,20,6880,买盘
635,13:17:03,3.44,0.01,20,6880,买盘
636,13:16:48,3.43,-0.01,52,17836,卖盘
637,13:16:39,3.44,--,1,344,买盘
638,13:16:03,3.44,0.01,1,344,买盘
639,13:15:57,3.43,--,2421,830403,卖盘
640,13:15:27,3.43,--,90,30870,卖盘
641,13:14:54,3.43,-0.01,87,29841,卖盘
642,13:14:33,3.44,--,1,344,买盘
643,13:14:21,3.44,--,12,4128,买盘
644,13:14:06,3.44,--,74,25686,卖盘
645,13:14:03,3.44,--,58,19952,卖盘
646,13:13:54,3.44,-0.01,151,51944,卖盘
647,13:13:51,3.45,0.01,10,3450,买盘
648,13:13:45,3.44,--,85,29240,卖盘
649,13:13:42,3.44,--,21,7224,卖盘
650,13:13:27,3.44,--,13,4472,卖盘
651,13:12:45,3.44,--,40,13760,卖盘
652,13:12:36,3.44,--,10,3440,卖盘
653,13:12:27,3.44,--,29,10089,买盘
654,13:12:06,3.44,--,118,40592,买盘
655,13:11:45,3.44,--,342,117648,买盘
656,13:11:42,3.44,--,513,176702,卖盘
657,13:11:27,3.44,--,31,10664,卖盘
658,13:10:57,3.44,--,10,3440,卖盘
659,13:10:51,3.44,--,78,26832,卖盘
660,13:10:42,3.44,-0.01,20,6880,卖盘
661,13:08:42,3.45,0.01,1,345,买盘
662,13:08:09,3.44,-0.01,5,1720,卖盘
663,13:08:03,3.45,0.01,1,345,买盘
664,13:07:30,3.44,-0.01,3,1032,卖盘
665,13:07:15,3.45,0.01,12,4140,买盘
666,13:06:54,3.44,--,1,344,卖盘
667,13:06:51,3.44,--,80,27520,卖盘
668,13:06:36,3.44,--,28,9745,买盘
669,13:06:24,3.44,-0.01,21,7454,卖盘
670,13:06:18,3.45,0.01,84,28980,买盘
671,13:06:15,3.44,--,5,1720,卖盘
672,13:06:09,3.44,--,381,131064,卖盘
673,13:05:48,3.44,--,50,17200,卖盘
674,13:05:39,3.44,--,80,27633,买盘
675,13:05:30,3.44,--,15,5160,买盘
676,13:05:24,3.44,--,1192,410278,卖盘
677,13:05:12,3.44,--,99,34056,卖盘
678,13:04:33,3.44,--,50,17200,卖盘
679,13:03:51,3.44,--,1,344,卖盘
680,13:02:54,3.44,-0.01,4,1376,卖盘
681,13:02:36,3.45,--,117,40365,买盘
682,13:01:51,3.45,-0.01,115,39675,卖盘
683,13:01:36,3.46,0.01,46,15916,买盘
684,13:01:12,3.45,--,796,274620,买盘
685,13:01:03,3.45,--,101,34845,买盘
686,13:00:57,3.45,--,2,690,买盘
687,13:00:51,3.45,--,125,43125,买盘
688,13:00:36,3.45,--,1,345,买盘
689,13:00:12,3.45,--,3,1035,买盘
690,13:00:09,3.45,0.01,30,10350,买盘
691,13:00:06,3.44,-0.01,48,16512,卖盘
692,13:00:03,3.45,--,882,304290,买盘
693,13:00:00,3.45,--,0,0,买盘
694,11:30:00,3.45,--,0,0,买盘
695,11:29:57,3.45,--,6,2070,买盘
696,11:29:48,3.45,0.01,41,14145,买盘
697,11:29:36,3.44,-0.01,30,10320,卖盘
698,11:29:27,3.45,--,14,4830,买盘
699,11:29:24,3.45,--,233,80385,买盘
700,11:29:09,3.45,--,74,25530,买盘
701,11:29:06,3.45,0.01,15,5175,买盘
702,11:29:03,3.44,--,10,3440,卖盘
703,11:28:51,3.44,-0.01,5,1720,卖盘
704,11:28:36,3.45,--,5,1725,买盘
705,11:28:33,3.45,--,15,5175,买盘
706,11:28:27,3.45,--,20,6900,买盘
707,11:27:03,3.45,--,15,5175,买盘
708,11:26:45,3.45,--,141,48645,买盘
709,11:26:30,3.45,--,6,2070,买盘
710,11:26:12,3.45,--,100,34500,买盘
711,11:26:03,3.45,0.01,1,345,买盘
712,11:25:54,3.44,--,3,1032,卖盘
713,11:25:48,3.44,--,40,13760,卖盘
714,11:25:21,3.44,-0.01,3,1032,卖盘
715,11:25:18,3.45,--,30,10350,买盘
716,11:25:00,3.45,--,100,34500,买盘
717,11:23:57,3.45,--,4,1380,买盘
718,11:23:15,3.45,--,15,5175,买盘
719,11:22:39,3.45,--,226,77970,买盘
720,11:22:33,3.45,0.01,200,69000,买盘
721,11:22:12,3.44,-0.01,396,136224,卖盘
722,11:21:39,3.45,0.01,30,10350,买盘
723,11:21:33,3.44,--,32,11008,卖盘
724,11:21:21,3.44,--,586,201584,卖盘
725,11:21:09,3.44,-0.01,3,1032,卖盘
726,11:21:03,3.45,0.01,16,5520,买盘
727,11:20:39,3.44,--,4,1376,卖盘
728,11:19:33,3.44,--,62,21328,卖盘
729,11:19:03,3.44,--,4,1376,卖盘
730,11:18:57,3.44,-0.01,100,34400,卖盘
731,11:18:45,3.45,0.01,2,690,买盘
732,11:18:18,3.44,-0.01,88,30272,卖盘
733,11:18:03,3.45,--,16,5520,买盘
734,11:17:39,3.45,--,1,345,买盘
735,11:17:03,3.45,--,1,345,买盘
736,11:16:54,3.45,--,2,690,买盘
737,11:15:15,3.45,--,13,4485,买盘
738,11:14:45,3.45,--,5,1725,买盘
739,11:14:27,3.45,0.01,287,99015,买盘
740,11:13:24,3.44,--,13,4472,卖盘
741,11:12:12,3.44,-0.01,5,1720,卖盘
742,11:12:03,3.45,--,1,345,买盘
743,11:11:57,3.45,--,5,1725,买盘
744,11:11:12,3.45,--,8,2760,卖盘
745,11:11:03,3.45,--,20,6900,卖盘
746,11:10:51,3.45,--,5,1725,卖盘
747,11:10:39,3.45,--,50,17250,卖盘
748,11:09:30,3.45,--,10,3450,卖盘
749,11:09:18,3.45,-0.01,20,6900,卖盘
750,11:09:06,3.46,0.01,1,346,买盘
751,11:08:57,3.45,--,35,12075,卖盘
752,11:08:54,3.45,--,2,690,卖盘
753,11:08:42,3.45,--,5,1725,卖盘
754,11:08:33,3.45,--,3,1035,卖盘
755,11:08:12,3.45,--,2,690,买盘
756,11:08:06,3.45,--,10,3450,买盘
757,11:08:03,3.45,--,15,5175,买盘
758,11:07:54,3.45,--,78,26910,卖盘
759,11:07:39,3.45,--,110,37950,买盘
760,11:07:36,3.45,--,30,10350,买盘
761,11:07:33,3.45,--,40,13800,卖盘
762,11:07:03,3.45,--,38,13110,买盘
763,11:06:54,3.45,--,100,34500,买盘
764,11:06:48,3.45,--,18,6210,买盘
765,11:06:42,3.45,--,40,13800,买盘
766,11:06:36,3.45,--,265,91425,买盘
767,11:06:24,3.45,--,2,690,买盘
768,11:06:15,3.45,--,2,690,买盘
769,11:06:12,3.45,0.01,741,255645,买盘
770,11:05:51,3.44,-0.01,621,213723,卖盘
771,11:05:45,3.45,--,355,122475,买盘
772,11:05:42,3.45,--,61,21045,买盘
773,11:05:39,3.45,--,727,250815,买盘
774,11:05:33,3.45,--,5,1725,买盘
775,11:05:30,3.45,0.01,6,2070,买盘
776,11:05:24,3.44,--,100,34400,卖盘
777,11:05:15,3.44,-0.01,17,5848,卖盘
778,11:05:03,3.45,0.01,50,17250,买盘
779,11:04:36,3.44,-0.01,10,3440,卖盘
780,11:04:24,3.45,0.01,14,4830,买盘
781,11:04:00,3.44,--,10,3440,卖盘
782,11:03:57,3.44,--,129,44376,卖盘
783,11:03:33,3.44,--,0,13,卖盘
784,11:03:30,3.44,--,1,344,卖盘
785,11:03:24,3.44,--,60,20640,卖盘
786,11:02:42,3.44,-0.01,160,55040,卖盘
787,11:02:30,3.45,--,80,27600,买盘
788,11:02:18,3.45,--,1,345,买盘
789,11:02:03,3.45,0.01,1,345,买盘
790,11:01:42,3.44,-0.01,5,1720,卖盘
791,11:01:15,3.45,0.01,25,8625,买盘
792,11:01:06,3.44,--,1,344,卖盘
793,11:00:24,3.44,-0.01,50,17200,卖盘
794,11:00:09,3.45,--,1,345,买盘
795,10:59:18,3.45,--,280,96600,卖盘
796,10:59:15,3.45,--,600,207000,卖盘
797,10:59:12,3.45,--,250,86250,卖盘
798,10:59:09,3.45,--,200,69000,卖盘
799,10:59:00,3.45,--,50,17250,卖盘
800,10:58:48,3.45,--,10,3450,卖盘
801,10:58:45,3.45,--,10,3450,卖盘
802,10:58:42,3.45,--,171,59119,卖盘
803,10:58:39,3.45,--,401,138345,卖盘
804,10:58:36,3.45,--,52,17940,卖盘
805,10:58:33,3.45,--,900,310500,卖盘
806,10:58:30,3.45,--,173,59685,卖盘
807,10:58:27,3.45,--,600,207000,卖盘
808,10:58:18,3.45,--,210,72450,卖盘
809,10:58:09,3.45,--,10,3450,卖盘
810,10:58:06,3.45,-0.01,700,241500,卖盘
811,10:58:03,3.46,0.01,1,346,买盘
812,10:57:51,3.45,--,2,690,卖盘
813,10:57:39,3.45,--,1,345,卖盘
814,10:57:36,3.45,--,6,2070,卖盘
815,10:57:33,3.45,-0.01,67,23115,卖盘
816,10:57:30,3.46,--,44,15224,买盘
817,10:57:27,3.46,0.01,40,13840,买盘
818,10:57:21,3.45,-0.01,51,17595,卖盘
819,10:57:18,3.46,0.01,15,5190,买盘
820,10:57:15,3.45,--,10,3450,卖盘
821,10:57:12,3.45,--,4,1380,卖盘
822,10:56:57,3.45,--,2,690,卖盘
823,10:56:54,3.45,--,2,690,卖盘
824,10:56:21,3.45,--,34,11730,卖盘
825,10:56:06,3.45,-0.01,9,3105,卖盘
826,10:55:54,3.46,0.01,100,34600,买盘
827,10:55:45,3.45,-0.01,5,1725,卖盘
828,10:55:27,3.46,--,2,692,买盘
829,10:55:18,3.46,--,125,43250,买盘
830,10:55:15,3.46,--,3,1038,买盘
831,10:55:06,3.46,--,2,692,买盘
832,10:55:00,3.46,--,203,70238,买盘
833,10:54:57,3.46,--,132,45672,买盘
834,10:54:48,3.46,--,15,5190,买盘
835,10:54:39,3.46,--,58,20068,买盘
836,10:54:33,3.46,--,12,4152,买盘
837,10:54:30,3.46,--,17,5882,买盘
838,10:54:24,3.46,--,51,17646,买盘
839,10:54:21,3.46,--,29,10034,买盘
840,10:54:12,3.46,0.01,20,6920,买盘
841,10:54:06,3.45,-0.01,2,690,卖盘
842,10:54:03,3.46,--,218,75428,买盘
843,10:54:00,3.46,0.01,15,5190,买盘
844,10:53:57,3.45,-0.01,60,20700,卖盘
845,10:53:54,3.46,--,30,10380,买盘
846,10:53:51,3.46,--,210,72660,买盘
847,10:53:48,3.46,--,321,111066,买盘
848,10:53:45,3.46,--,20,6920,买盘
849,10:53:42,3.46,--,150,51900,买盘
850,10:53:39,3.46,--,90,31140,买盘
851,10:53:36,3.46,--,250,86500,买盘
852,10:53:33,3.46,--,700,242200,买盘
853,10:53:30,3.46,--,4,1384,买盘
854,10:53:27,3.46,--,50,17300,买盘
855,10:53:24,3.46,--,944,326624,买盘
856,10:53:18,3.46,--,26,8996,买盘
857,10:53:09,3.46,--,200,69200,买盘
858,10:53:06,3.46,--,1000,346000,买盘
859,10:53:00,3.46,--,210,72660,买盘
860,10:52:39,3.46,0.01,80,27680,买盘
861,10:52:36,3.45,-0.01,60,20700,卖盘
862,10:52:21,3.46,--,1,346,买盘
863,10:52:15,3.46,--,71,24566,买盘
864,10:52:09,3.46,--,67,23182,买盘
865,10:52:00,3.46,--,50,17300,买盘
866,10:51:54,3.46,--,100,34600,买盘
867,10:51:51,3.46,--,8,2768,买盘
868,10:51:33,3.46,0.01,100,34600,买盘
869,10:51:18,3.45,-0.01,21,7245,卖盘
870,10:51:12,3.46,0.01,20,6920,买盘
871,10:51:06,3.45,--,1055,364195,买盘
872,10:51:03,3.45,--,953,328785,买盘
873,10:50:51,3.45,--,10,3450,买盘
874,10:50:48,3.45,--,1,345,买盘
875,10:50:39,3.45,--,500,172500,买盘
876,10:50:33,3.45,0.01,10,3450,买盘
877,10:50:24,3.44,--,2,688,卖盘
878,10:49:39,3.44,-0.01,30,10320,卖盘
879,10:49:33,3.45,--,6,2070,买盘
880,10:49:27,3.45,--,2,690,买盘
881,10:49:21,3.45,0.01,20,6900,买盘
882,10:48:54,3.44,-0.01,3,1032,卖盘
883,10:48:45,3.45,0.01,2,690,买盘
884,10:48:27,3.44,-0.01,50,17200,卖盘
885,10:48:09,3.45,0.01,206,71070,买盘
886,10:47:42,3.44,--,4,1376,卖盘
887,10:47:06,3.44,--,60,20640,卖盘
888,10:46:51,3.44,--,80,27520,买盘
889,10:46:48,3.44,-0.01,10,3440,中性盘
890,10:46:36,3.45,0.01,181,62445,买盘
891,10:46:18,3.44,--,152,52535,卖盘
892,10:46:06,3.44,-0.01,22,7568,卖盘
893,10:46:03,3.45,--,1,345,买盘
894,10:45:51,3.45,0.01,15,5175,买盘
895,10:45:48,3.44,--,67,23144,买盘
896,10:45:45,3.44,--,300,103200,买盘
897,10:45:27,3.44,--,3,1032,买盘
898,10:45:21,3.44,--,394,135536,买盘
899,10:45:18,3.44,--,1,344,买盘
900,10:45:15,3.44,--,120,41280,买盘
901,10:45:09,3.44,--,1,344,买盘
902,10:45:06,3.44,--,1000,344000,买盘
903,10:45:03,3.44,--,7,2408,买盘
904,10:44:54,3.44,--,83,28552,买盘
905,10:44:51,3.44,--,80,27520,买盘
906,10:44:48,3.44,--,101,34744,买盘
907,10:44:33,3.44,--,98,33712,买盘
908,10:44:30,3.44,--,300,103200,买盘
909,10:44:18,3.44,0.01,80,27520,买盘
910,10:44:12,3.43,-0.01,6,2058,卖盘
911,10:44:03,3.44,--,200,68800,买盘
912,10:44:00,3.44,0.01,100,34400,买盘
913,10:43:57,3.43,-0.01,4,1372,卖盘
914,10:43:54,3.44,--,87,29928,买盘
915,10:43:48,3.44,--,300,103200,买盘
916,10:43:45,3.44,--,6,2064,买盘
917,10:43:42,3.44,--,10,3440,买盘
918,10:43:33,3.44,--,73,25112,买盘
919,10:43:30,3.44,0.01,40,13760,买盘
920,10:43:27,3.43,-0.01,84,28812,卖盘
921,10:43:24,3.44,--,2,688,买盘
922,10:43:18,3.44,0.01,50,17200,买盘
923,10:43:12,3.43,-0.01,4,1372,卖盘
924,10:42:57,3.44,--,57,19608,买盘
925,10:42:54,3.44,0.01,10,3440,买盘
926,10:42:30,3.43,--,218,74774,卖盘
927,10:42:27,3.43,--,50,17150,卖盘
928,10:42:24,3.43,-0.01,6,2058,卖盘
929,10:42:21,3.44,--,20,6880,买盘
930,10:42:18,3.44,--,25,8600,买盘
931,10:42:15,3.44,--,10,3440,买盘
932,10:42:12,3.44,--,110,37840,买盘
933,10:42:09,3.44,--,857,294808,买盘
934,10:42:03,3.44,--,162,55728,买盘
935,10:41:54,3.44,--,20,6880,买盘
936,10:41:48,3.44,--,30,10320,买盘
937,10:41:42,3.44,--,1357,466808,买盘
938,10:41:30,3.44,--,40,13760,买盘
939,10:41:27,3.44,--,95,32680,买盘
940,10:41:15,3.44,0.01,56,19264,买盘
941,10:41:06,3.43,-0.01,10,3430,卖盘
942,10:41:03,3.44,--,1,344,买盘
943,10:41:00,3.44,--,197,67768,买盘
944,10:40:57,3.44,--,89,30616,买盘
945,10:40:54,3.44,--,50,17200,买盘
946,10:40:51,3.44,--,10,3440,买盘
947,10:40:30,3.44,0.01,1000,344000,买盘
948,10:40:18,3.43,--,20,6860,卖盘
949,10:40:09,3.43,-0.01,460,157780,卖盘
950,10:39:21,3.44,0.01,200,68800,买盘
951,10:39:09,3.43,-0.01,1589,545027,卖盘
952,10:38:51,3.44,--,88,30272,买盘
953,10:38:30,3.44,0.01,3,1032,买盘
954,10:38:24,3.43,-0.01,1,343,卖盘
955,10:38:21,3.44,--,3,1032,买盘
956,10:37:51,3.44,--,48,16512,买盘
957,10:37:36,3.44,--,500,172000,买盘
958,10:37:33,3.44,--,3,1032,买盘
959,10:37:03,3.44,0.01,1,344,买盘
960,10:36:57,3.43,-0.01,50,17150,卖盘
961,10:36:54,3.44,--,86,29584,买盘
962,10:36:45,3.44,--,27,9288,买盘
963,10:36:39,3.44,--,10,3440,买盘
964,10:36:21,3.44,--,51,17544,买盘
965,10:35:39,3.44,--,56,19264,买盘
966,10:35:24,3.44,--,1,344,买盘
967,10:35:18,3.44,0.01,80,27520,买盘
968,10:35:09,3.43,-0.01,10,3430,卖盘
969,10:35:06,3.44,--,100,34400,买盘
970,10:35:03,3.44,--,89,30616,买盘
971,10:34:33,3.44,--,174,59856,买盘
972,10:34:27,3.44,--,1723,592712,卖盘
973,10:33:51,3.44,--,10,3440,卖盘
974,10:33:27,3.44,-0.01,1,344,卖盘
975,10:33:18,3.45,--,15,5175,买盘
976,10:33:15,3.45,0.01,3,1035,买盘
977,10:33:09,3.44,-0.01,5,1720,卖盘
978,10:32:45,3.45,0.01,20,6900,买盘
979,10:32:42,3.44,-0.01,50,17200,卖盘
980,10:32:30,3.45,0.01,200,69000,买盘
981,10:32:09,3.44,-0.01,400,137600,卖盘
982,10:32:03,3.45,--,36,12420,买盘
983,10:31:57,3.45,0.01,31,10695,买盘
984,10:31:42,3.44,--,3,1032,卖盘
985,10:31:18,3.44,-0.01,2,688,卖盘
986,10:31:15,3.45,--,200,69000,买盘
987,10:30:54,3.45,0.01,100,34500,买盘
988,10:30:51,3.44,-0.01,10,3440,卖盘
989,10:30:36,3.45,0.01,53,18285,买盘
990,10:30:24,3.44,--,20,6880,卖盘
991,10:30:12,3.44,--,9,3096,卖盘
992,10:30:03,3.44,--,84,28896,卖盘
993,10:30:00,3.44,--,27,9288,卖盘
994,10:29:30,3.44,--,32,11008,卖盘
995,10:29:21,3.44,--,56,19264,卖盘
996,10:29:09,3.44,-0.01,1,344,卖盘
997,10:28:42,3.45,--,528,182380,卖盘
998,10:28:39,3.45,--,827,285315,卖盘
999,10:28:36,3.45,--,7,2415,卖盘
1000,10:28:33,3.45,--,39,13455,卖盘
1001,10:28:30,3.45,--,1193,411585,卖盘
1002,10:28:27,3.45,--,563,194235,卖盘
1003,10:28:24,3.45,--,907,312915,卖盘
1004,10:28:18,3.45,--,1200,414000,卖盘
1005,10:28:15,3.45,--,243,83835,卖盘
1006,10:28:12,3.45,--,29,10005,卖盘
1007,10:28:09,3.45,--,962,331890,卖盘
1008,10:28:06,3.45,--,320,110400,卖盘
1009,10:28:03,3.45,--,150,51750,卖盘
1010,10:27:57,3.45,--,5040,1739065,卖盘
1011,10:27:54,3.45,--,15,5175,卖盘
1012,10:27:51,3.45,--,50,17250,卖盘
1013,10:27:48,3.45,--,1500,517500,卖盘
1014,10:27:36,3.45,-0.01,200,69000,卖盘
1015,10:27:24,3.46,--,523,180958,买盘
1016,10:27:21,3.46,--,45,15570,买盘
1017,10:27:18,3.46,0.01,11,3806,买盘
1018,10:27:12,3.45,-0.01,500,172500,卖盘
1019,10:27:03,3.46,0.01,1,346,买盘
1020,10:26:54,3.45,-0.01,36,12420,卖盘
1021,10:26:39,3.46,--,32,11072,买盘
1022,10:26:36,3.46,0.01,2,692,买盘
1023,10:26:27,3.45,--,5,1725,卖盘
1024,10:26:21,3.45,--,180,62100,卖盘
1025,10:26:18,3.45,--,44,15180,卖盘
1026,10:26:00,3.45,--,175,60375,卖盘
1027,10:25:51,3.45,-0.01,39,13455,卖盘
1028,10:25:42,3.46,--,232,80272,买盘
1029,10:25:15,3.46,--,1,346,买盘
1030,10:25:09,3.46,--,85,29410,买盘
1031,10:25:03,3.46,--,15,5190,买盘
1032,10:24:48,3.46,0.01,50,17300,买盘
1033,10:24:42,3.45,--,30,10350,卖盘
1034,10:24:15,3.45,--,32,11040,卖盘
1035,10:24:12,3.45,--,5,1725,卖盘
1036,10:24:03,3.45,--,10,3450,卖盘
1037,10:24:00,3.45,-0.01,60,20700,卖盘
1038,10:23:57,3.46,0.01,34,11822,买盘
1039,10:23:33,3.45,--,18,6210,卖盘
1040,10:23:24,3.45,--,10,3450,卖盘
1041,10:23:21,3.45,--,91,31395,卖盘
1042,10:23:15,3.45,--,20,6900,卖盘
1043,10:23:03,3.45,--,180,62100,卖盘
1044,10:23:00,3.45,--,10,3450,卖盘
1045,10:22:48,3.45,--,10,3450,卖盘
1046,10:22:36,3.45,-0.01,40,13800,卖盘
1047,10:22:30,3.46,0.01,2,692,买盘
1048,10:22:12,3.45,-0.01,13,4485,卖盘
1049,10:22:06,3.46,--,1,346,买盘
1050,10:22:03,3.46,--,1,346,买盘
1051,10:21:39,3.46,--,10,3460,买盘
1052,10:21:30,3.46,0.01,36,12456,买盘
1053,10:20:48,3.45,-0.01,5,1725,卖盘
1054,10:20:06,3.46,0.01,353,122138,买盘
1055,10:19:57,3.45,--,30,10350,卖盘
1056,10:19:48,3.45,--,22,7590,卖盘
1057,10:19:42,3.45,--,20,6900,卖盘
1058,10:19:12,3.45,-0.01,200,69000,卖盘
1059,10:18:51,3.46,0.01,4,1384,买盘
1060,10:18:45,3.45,-0.01,3,1035,卖盘
1061,10:18:39,3.46,--,51,17646,买盘
1062,10:18:33,3.46,--,30,10380,买盘
1063,10:18:24,3.46,--,6,2076,买盘
1064,10:18:18,3.46,--,3,1038,买盘
1065,10:18:15,3.46,--,30,10380,买盘
1066,10:18:06,3.46,--,15,5190,买盘
1067,10:18:03,3.46,--,1,346,买盘
1068,10:17:57,3.46,--,4,1384,买盘
1069,10:17:54,3.46,-0.01,376,130341,卖盘
1070,10:17:48,3.47,0.01,26,9022,买盘
1071,10:17:45,3.46,--,39,13494,卖盘
1072,10:17:36,3.46,--,1,346,卖盘
1073,10:17:27,3.46,--,12,4152,卖盘
1074,10:17:24,3.46,--,384,132964,买盘
1075,10:17:03,3.46,0.01,1,346,买盘
1076,10:16:48,3.45,-0.01,30,10350,卖盘
1077,10:16:45,3.46,--,110,38060,买盘
1078,10:16:21,3.46,--,155,53630,买盘
1079,10:16:12,3.46,--,7,2422,买盘
1080,10:16:03,3.46,--,2,692,买盘
1081,10:15:57,3.46,--,55,19030,买盘
1082,10:15:48,3.46,--,15,5190,买盘
1083,10:15:42,3.46,--,13,4498,买盘
1084,10:15:21,3.46,--,72,24912,买盘
1085,10:15:03,3.46,--,45,15570,买盘
1086,10:14:48,3.46,--,45,15815,卖盘
1087,10:14:45,3.46,--,214,74044,卖盘
1088,10:14:42,3.46,--,64,22144,卖盘
1089,10:14:30,3.46,--,80,27680,卖盘
1090,10:14:27,3.46,--,60,20760,卖盘
1091,10:14:24,3.46,--,200,69200,卖盘
1092,10:14:12,3.46,-0.01,500,173000,卖盘
1093,10:14:03,3.47,0.01,1,347,买盘
1094,10:14:00,3.46,--,242,83732,卖盘
1095,10:13:57,3.46,--,2,692,卖盘
1096,10:13:54,3.46,--,360,124560,卖盘
1097,10:13:51,3.46,--,1,346,卖盘
1098,10:13:39,3.46,-0.01,49,16954,卖盘
1099,10:13:27,3.47,0.01,50,17350,买盘
1100,10:13:21,3.46,-0.01,11,3806,卖盘
1101,10:13:12,3.47,0.01,50,17350,买盘
1102,10:13:09,3.46,-0.01,84,29164,卖盘
1103,10:13:03,3.47,--,1,347,买盘
1104,10:13:00,3.47,--,100,34700,买盘
1105,10:12:54,3.47,0.01,3,1041,买盘
1106,10:12:51,3.46,-0.01,27,9342,卖盘
1107,10:12:45,3.47,0.01,75,26025,买盘
1108,10:12:39,3.46,--,300,103800,卖盘
1109,10:12:33,3.46,-0.01,70,24220,卖盘
1110,10:12:30,3.47,--,126,43722,买盘
1111,10:12:09,3.47,0.01,16,5552,买盘
1112,10:12:06,3.46,-0.01,36,12456,卖盘
1113,10:12:03,3.47,--,7,2429,买盘
1114,10:11:39,3.47,0.01,5,1735,买盘
1115,10:11:15,3.46,-0.01,27,9342,卖盘
1116,10:11:03,3.47,--,1,347,买盘
1117,10:10:42,3.47,--,1,347,买盘
1118,10:10:36,3.47,--,9,3123,买盘
1119,10:10:27,3.47,0.01,51,17697,买盘
1120,10:10:09,3.46,-0.01,32,11072,卖盘
1121,10:10:03,3.47,--,52,18044,买盘
1122,10:09:27,3.47,--,55,19085,买盘
1123,10:09:03,3.47,--,1,347,买盘
1124,10:08:48,3.47,0.01,5,1735,买盘
1125,10:08:36,3.46,-0.01,3,1038,卖盘
1126,10:08:24,3.47,--,118,40946,买盘
1127,10:08:06,3.47,--,9,3123,买盘
1128,10:08:03,3.47,--,1,347,买盘
1129,10:08:00,3.47,--,85,29495,买盘
1130,10:07:48,3.47,0.01,3,1041,买盘
1131,10:07:39,3.46,-0.01,206,71276,卖盘
1132,10:07:36,3.47,0.01,1,347,买盘
1133,10:07:33,3.46,-0.01,17,5882,卖盘
1134,10:07:21,3.47,--,10,3470,买盘
1135,10:07:18,3.47,--,15,5205,买盘
1136,10:07:12,3.47,--,2,694,买盘
1137,10:07:09,3.47,--,21,7287,买盘
1138,10:07:06,3.47,--,600,208200,买盘
1139,10:07:03,3.47,0.01,1,347,买盘
1140,10:06:57,3.46,-0.01,60,20760,卖盘
1141,10:06:51,3.47,--,13,4511,买盘
1142,10:06:45,3.47,--,40,13880,买盘
1143,10:06:18,3.47,--,88,30536,买盘
1144,10:06:09,3.47,--,100,34700,买盘
1145,10:06:03,3.47,--,1,347,买盘
1146,10:05:57,3.47,--,3,1041,买盘
1147,10:05:54,3.47,--,180,62748,卖盘
1148,10:05:51,3.47,--,168,58296,卖盘
1149,10:05:48,3.47,--,1,347,卖盘
1150,10:05:42,3.47,--,135,46845,卖盘
1151,10:05:36,3.47,--,114,39558,卖盘
1152,10:05:33,3.47,--,5,1735,卖盘
1153,10:05:27,3.47,--,1,347,卖盘
1154,10:05:24,3.47,-0.01,53,18391,卖盘
1155,10:05:21,3.48,0.01,3,1044,买盘
1156,10:05:18,3.47,--,73,25331,卖盘
1157,10:05:15,3.47,--,3,1041,卖盘
1158,10:05:12,3.47,--,500,173500,卖盘
1159,10:05:09,3.47,-0.01,200,69400,卖盘
1160,10:05:06,3.48,--,95,33060,买盘
1161,10:05:03,3.48,--,79,27492,买盘
1162,10:04:57,3.48,0.01,84,29232,买盘
1163,10:04:54,3.47,--,40,13880,卖盘
1164,10:04:51,3.47,--,100,34700,卖盘
1165,10:04:48,3.47,--,134,46498,卖盘
1166,10:04:42,3.47,--,7,2429,卖盘
1167,10:04:39,3.47,-0.01,150,52050,卖盘
1168,10:04:33,3.48,0.01,75,26100,买盘
1169,10:04:30,3.47,--,120,41640,卖盘
1170,10:04:27,3.47,--,8,2776,卖盘
1171,10:04:24,3.47,--,20,6940,卖盘
1172,10:04:15,3.47,--,20,7078,卖盘
1173,10:04:09,3.47,--,60,20820,卖盘
1174,10:04:06,3.47,-0.01,13,4778,卖盘
1175,10:04:03,3.48,0.01,4,1392,买盘
1176,10:03:57,3.47,--,60,20820,卖盘
1177,10:03:54,3.47,--,100,34700,卖盘
1178,10:03:51,3.47,--,767,266149,买盘
1179,10:03:42,3.47,--,3000,1041000,买盘
1180,10:03:33,3.47,0.01,32,11104,买盘
1181,10:03:24,3.46,--,22,7612,卖盘
1182,10:03:06,3.46,-0.01,100,34600,卖盘
1183,10:03:03,3.47,0.01,1,347,买盘
1184,10:03:00,3.46,--,100,34600,卖盘
1185,10:02:57,3.46,--,50,17300,卖盘
1186,10:02:42,3.46,--,24,8304,卖盘
1187,10:02:39,3.46,--,40,13840,卖盘
1188,10:02:36,3.46,--,50,17300,卖盘
1189,10:02:00,3.46,--,76,26296,卖盘
1190,10:01:57,3.46,--,216,74736,买盘
1191,10:01:54,3.46,--,100,34600,买盘
1192,10:01:51,3.46,--,64,22144,买盘
1193,10:01:48,3.46,--,15,5190,买盘
1194,10:01:42,3.46,--,130,44980,买盘
1195,10:01:39,3.46,--,29,10034,卖盘
1196,10:01:36,3.46,--,183,63318,卖盘
1197,10:01:33,3.46,--,27,9342,卖盘
1198,10:01:21,3.46,--,500,173000,卖盘
1199,10:01:18,3.46,--,20,6920,卖盘
1200,10:01:15,3.46,-0.01,23,7958,卖盘
1201,10:01:12,3.47,--,135,46845,买盘
1202,10:01:03,3.47,0.01,1,347,买盘
1203,10:01:00,3.46,-0.01,5,1730,卖盘
1204,10:00:57,3.47,0.01,151,52397,买盘
1205,10:00:54,3.46,--,6,2076,卖盘
1206,10:00:51,3.46,--,80,27680,卖盘
1207,10:00:39,3.46,--,50,17300,卖盘
1208,10:00:36,3.46,--,50,17300,卖盘
1209,10:00:33,3.46,--,2800,968800,买盘
1210,10:00:30,3.46,--,85,29410,买盘
1211,10:00:27,3.46,--,1,346,买盘
1212,10:00:24,3.46,--,30,10380,买盘
1213,10:00:18,3.46,--,1426,493396,买盘
1214,10:00:12,3.46,--,50,17300,买盘
1215,10:00:09,3.46,--,40,13840,买盘
1216,10:00:06,3.46,--,146,50516,买盘
1217,10:00:03,3.46,--,1,346,买盘
1218,10:00:00,3.46,--,181,62626,买盘
1219,09:59:54,3.46,0.01,200,69200,买盘
1220,09:59:51,3.45,-0.01,50,17250,卖盘
1221,09:59:45,3.46,--,78,26988,买盘
1222,09:59:42,3.46,--,100,34600,买盘
1223,09:59:36,3.46,--,50,17300,买盘
1224,09:59:30,3.46,--,25,8650,买盘
1225,09:59:27,3.46,0.01,51,17646,买盘
1226,09:59:21,3.45,-0.01,8,2760,卖盘
1227,09:59:18,3.46,--,51,17646,买盘
1228,09:59:12,3.46,--,100,34600,买盘
1229,09:59:06,3.46,--,75,25950,买盘
1230,09:59:03,3.46,--,1,346,买盘
1231,09:58:45,3.46,--,50,17300,买盘
1232,09:58:36,3.46,--,43,14878,买盘
1233,09:58:33,3.46,--,15,5190,买盘
1234,09:58:18,3.46,--,250,86500,买盘
1235,09:58:06,3.46,--,6,2076,买盘
1236,09:58:03,3.46,--,166,57436,买盘
1237,09:57:48,3.46,--,76,26296,买盘
1238,09:57:45,3.46,--,3,1038,买盘
1239,09:57:24,3.46,--,5,1730,买盘
1240,09:57:03,3.46,0.01,4,1384,买盘
1241,09:56:48,3.45,--,2,690,卖盘
1242,09:56:42,3.45,--,371,127995,卖盘
1243,09:56:24,3.45,-0.01,34,11730,卖盘
1244,09:56:21,3.46,--,95,32870,买盘
1245,09:56:18,3.46,--,15,5190,买盘
1246,09:56:09,3.46,--,30,10380,买盘
1247,09:56:03,3.46,0.01,1,346,买盘
1248,09:55:57,3.45,--,5,1725,卖盘
1249,09:55:54,3.45,-0.01,75,25875,卖盘
1250,09:55:42,3.46,0.01,210,72660,买盘
1251,09:55:36,3.45,--,20,6900,卖盘
1252,09:55:24,3.45,--,14,4830,卖盘
1253,09:55:21,3.45,--,49,16905,卖盘
1254,09:55:15,3.45,--,40,13800,卖盘
1255,09:55:12,3.45,--,10,3450,卖盘
1256,09:55:09,3.45,--,7,2415,卖盘
1257,09:55:06,3.45,--,40,13800,卖盘
1258,09:55:03,3.45,--,31,10695,卖盘
1259,09:55:00,3.45,-0.01,300,103500,卖盘
1260,09:54:57,3.46,0.01,188,65048,买盘
1261,09:54:51,3.45,--,638,220110,卖盘
1262,09:54:48,3.45,--,143,49335,卖盘
1263,09:54:39,3.45,--,100,34500,卖盘
1264,09:54:24,3.45,-0.01,100,34500,卖盘
1265,09:54:18,3.46,0.01,241,83386,买盘
1266,09:54:12,3.45,-0.01,20,6900,卖盘
1267,09:54:03,3.46,--,2,692,买盘
1268,09:54:00,3.46,0.01,36,12456,买盘
1269,09:53:57,3.45,--,38,13110,卖盘
1270,09:53:48,3.45,--,20,6900,卖盘
1271,09:53:36,3.45,--,400,138000,卖盘
1272,09:53:33,3.45,--,50,17250,卖盘
1273,09:53:15,3.45,-0.01,6,2070,卖盘
1274,09:53:09,3.46,0.01,95,32870,买盘
1275,09:53:03,3.45,--,73,25185,卖盘
1276,09:52:57,3.45,--,150,51750,卖盘
1277,09:52:51,3.45,--,40,13800,卖盘
1278,09:52:48,3.45,-0.01,200,69000,卖盘
1279,09:52:45,3.46,0.01,3,1038,买盘
1280,09:52:39,3.45,--,40,13800,卖盘
1281,09:52:33,3.45,--,222,76734,买盘
1282,09:52:30,3.45,0.01,100,34500,买盘
1283,09:52:27,3.44,-0.01,9,3096,卖盘
1284,09:52:24,3.45,--,303,104535,买盘
1285,09:52:21,3.45,--,125,43125,买盘
1286,09:52:18,3.45,--,464,160080,买盘
1287,09:52:15,3.45,--,100,34500,买盘
1288,09:52:09,3.45,--,44,15180,买盘
1289,09:52:06,3.45,--,1,345,买盘
1290,09:52:03,3.45,--,12,4140,买盘
1291,09:52:00,3.45,--,85,29325,买盘
1292,09:51:51,3.45,--,50,17250,买盘
1293,09:51:48,3.45,--,100,34500,买盘
1294,09:51:45,3.45,--,57,19665,买盘
1295,09:51:42,3.45,--,36,12420,买盘
1296,09:51:39,3.45,0.01,3,1035,买盘
1297,09:51:36,3.44,-0.01,150,51600,卖盘
1298,09:51:30,3.45,0.01,236,81420,买盘
1299,09:51:27,3.44,-0.01,5,1720,卖盘
1300,09:51:21,3.45,--,2,690,买盘
1301,09:51:15,3.45,--,274,94530,买盘
1302,09:51:06,3.45,--,5,1725,买盘
1303,09:51:03,3.45,0.01,1,345,买盘
1304,09:50:51,3.44,--,16,5504,卖盘
1305,09:50:48,3.44,-0.01,10,3440,卖盘
1306,09:50:45,3.45,--,84,28980,买盘
1307,09:50:30,3.45,--,92,31740,买盘
1308,09:50:24,3.45,--,95,32775,买盘
1309,09:50:15,3.45,--,200,69000,买盘
1310,09:50:12,3.45,--,18,6210,买盘
1311,09:50:09,3.45,--,49,16905,买盘
1312,09:50:03,3.45,--,1,345,买盘
1313,09:50:00,3.45,--,68,23460,买盘
1314,09:49:51,3.45,--,111,38295,买盘
1315,09:49:48,3.45,0.01,85,29325,买盘
1316,09:49:21,3.44,--,55,18920,买盘
1317,09:49:18,3.44,--,75,25800,买盘
1318,09:49:15,3.44,--,140,48160,买盘
1319,09:49:03,3.44,--,1,344,买盘
1320,09:49:00,3.44,--,300,103200,买盘
1321,09:48:57,3.44,--,85,29240,买盘
1322,09:48:54,3.44,0.01,37,12728,买盘
1323,09:48:48,3.43,-0.01,180,61740,卖盘
1324,09:48:45,3.44,--,7,2408,买盘
1325,09:48:42,3.44,--,119,40936,买盘
1326,09:48:36,3.44,0.01,50,17200,买盘
1327,09:48:33,3.43,--,40,13720,卖盘
1328,09:48:24,3.43,-0.01,1,343,卖盘
1329,09:48:03,3.44,0.01,1,344,买盘
1330,09:47:57,3.43,-0.01,64,21952,卖盘
1331,09:47:45,3.44,0.01,16,5504,买盘
1332,09:47:39,3.43,-0.01,1,343,卖盘
1333,09:47:21,3.44,--,18,6192,买盘
1334,09:47:18,3.44,--,20,6880,买盘
1335,09:47:06,3.44,--,5,1720,买盘
1336,09:47:03,3.44,--,57,19608,买盘
1337,09:46:54,3.44,--,450,154800,买盘
1338,09:46:51,3.44,0.01,6,2064,买盘
1339,09:46:48,3.43,-0.01,61,20923,卖盘
1340,09:46:39,3.44,--,2,688,买盘
1341,09:46:36,3.44,--,1,344,买盘
1342,09:46:30,3.44,0.01,888,305472,买盘
1343,09:46:24,3.43,-0.01,127,43561,卖盘
1344,09:46:12,3.44,--,472,162368,买盘
1345,09:46:09,3.44,0.01,2,688,买盘
1346,09:46:06,3.43,-0.01,40,13720,卖盘
1347,09:46:03,3.44,0.01,1,344,买盘
1348,09:45:57,3.43,--,17,5831,卖盘
1349,09:45:48,3.43,--,2,686,卖盘
1350,09:45:45,3.43,--,34,11662,卖盘
1351,09:45:42,3.43,--,108,37044,卖盘
1352,09:45:33,3.43,-0.01,100,34300,卖盘
1353,09:45:03,3.44,0.01,1,344,买盘
1354,09:44:51,3.43,--,3,1029,卖盘
1355,09:44:48,3.43,--,48,16464,卖盘
1356,09:44:45,3.43,--,19,6517,卖盘
1357,09:44:42,3.43,-0.01,98,33614,卖盘
1358,09:44:33,3.44,0.01,64,22016,买盘
1359,09:44:18,3.43,-0.01,762,261366,卖盘
1360,09:44:15,3.44,--,1,344,买盘
1361,09:44:03,3.44,0.01,1,344,买盘
1362,09:43:57,3.43,-0.01,100,34300,卖盘
1363,09:43:51,3.44,0.01,16,5504,买盘
1364,09:43:45,3.43,-0.01,23,7889,卖盘
1365,09:43:39,3.44,--,10,3440,买盘
1366,09:43:33,3.44,0.01,10,3440,买盘
1367,09:43:30,3.43,-0.01,70,24010,卖盘
1368,09:43:12,3.44,--,32,11008,买盘
1369,09:43:03,3.44,0.01,11,3784,买盘
1370,09:42:57,3.43,--,44,15092,卖盘
1371,09:42:54,3.43,-0.01,20,6860,卖盘
1372,09:42:27,3.44,--,1,344,买盘
1373,09:42:24,3.44,0.01,87,29928,买盘
1374,09:42:12,3.43,--,250,85750,卖盘
1375,09:42:09,3.43,-0.01,12,4116,卖盘
1376,09:42:03,3.44,0.01,17,5848,买盘
1377,09:41:57,3.43,--,84,28812,卖盘
1378,09:41:36,3.43,-0.01,20,6860,卖盘
1379,09:41:21,3.44,0.01,7,2408,买盘
1380,09:41:18,3.43,--,100,34300,卖盘
1381,09:41:12,3.43,--,10,3430,卖盘
1382,09:41:03,3.43,--,22,7546,卖盘
1383,09:41:00,3.43,-0.01,1600,548800,卖盘
1384,09:40:15,3.44,0.01,3,1032,买盘
1385,09:40:12,3.43,--,6,2058,卖盘
1386,09:40:09,3.43,-0.01,30,10290,卖盘
1387,09:40:03,3.44,0.01,1,344,买盘
1388,09:39:42,3.43,--,10,3430,卖盘
1389,09:39:39,3.43,-0.01,54,18522,卖盘
1390,09:39:30,3.44,0.01,165,56760,买盘
1391,09:39:24,3.43,--,22,7546,卖盘
1392,09:39:15,3.43,-0.01,36,12348,卖盘
1393,09:39:09,3.44,--,35,12040,买盘
1394,09:39:03,3.44,--,2,688,买盘
1395,09:38:48,3.44,0.01,1,344,买盘
1396,09:38:45,3.43,-0.01,9,3087,卖盘
1397,09:38:42,3.44,--,1000,344000,买盘
1398,09:38:36,3.44,--,57,19608,买盘
1399,09:38:30,3.44,--,202,69488,买盘
1400,09:38:27,3.44,-0.01,311,106984,卖盘
1401,09:38:21,3.45,0.01,10,3450,买盘
1402,09:38:18,3.44,--,1177,404888,卖盘
1403,09:38:12,3.44,--,310,106640,卖盘
1404,09:38:06,3.44,--,99,34056,卖盘
1405,09:38:03,3.44,-0.01,41,14104,卖盘
1406,09:37:54,3.45,--,30,10350,买盘
1407,09:37:51,3.45,0.01,42,14490,买盘
1408,09:37:48,3.44,--,100,34400,卖盘
1409,09:37:45,3.44,--,40,13760,卖盘
1410,09:37:39,3.44,-0.01,29,9976,卖盘
1411,09:37:36,3.45,--,3,1035,买盘
1412,09:37:30,3.45,--,40,13800,买盘
1413,09:37:27,3.45,0.01,66,22770,买盘
1414,09:37:24,3.44,--,100,34400,卖盘
1415,09:37:21,3.44,--,10,3440,卖盘
1416,09:37:09,3.44,--,60,20640,卖盘
1417,09:37:06,3.44,-0.01,30,10320,卖盘
1418,09:37:03,3.45,--,2,690,买盘
1419,09:37:00,3.45,0.01,15,5175,买盘
1420,09:36:57,3.44,-0.01,59,20296,卖盘
1421,09:36:51,3.45,0.01,2,690,买盘
1422,09:36:27,3.44,--,19,6536,卖盘
1423,09:36:18,3.44,--,100,34400,卖盘
1424,09:36:03,3.44,--,120,41280,买盘
1425,09:35:57,3.44,--,18,6192,买盘
1426,09:35:54,3.44,0.01,16,5504,买盘
1427,09:35:48,3.43,-0.01,21,7203,卖盘
1428,09:35:42,3.44,0.01,85,29240,买盘
1429,09:35:36,3.43,--,7,2401,卖盘
1430,09:35:33,3.43,-0.01,38,13034,卖盘
1431,09:35:30,3.44,--,54,18576,买盘
1432,09:35:24,3.44,--,2,688,买盘
1433,09:35:21,3.44,--,100,34400,买盘
1434,09:35:12,3.44,--,599,206056,买盘
1435,09:35:06,3.44,--,22,7568,买盘
1436,09:35:03,3.44,--,102,35088,买盘
1437,09:34:57,3.44,--,30,10320,买盘
1438,09:34:33,3.44,--,16,5504,买盘
1439,09:34:03,3.44,--,41,14104,买盘
1440,09:33:24,3.44,0.01,30,10320,买盘
1441,09:33:18,3.43,--,20,6860,卖盘
1442,09:33:15,3.43,-0.01,246,84378,卖盘
1443,09:33:12,3.44,--,100,34400,买盘
1444,09:33:03,3.44,--,2,688,买盘
1445,09:32:48,3.44,--,8,2752,买盘
1446,09:32:42,3.44,--,100,34400,买盘
1447,09:32:30,3.44,--,54,18576,买盘
1448,09:32:27,3.44,--,1,344,买盘
1449,09:32:18,3.44,--,30,10320,买盘
1450,09:32:06,3.44,-0.01,159,54696,卖盘
1451,09:32:03,3.45,0.01,1,345,买盘
1452,09:31:57,3.44,--,15,5160,卖盘
1453,09:31:54,3.44,-0.01,416,143104,卖盘
1454,09:31:51,3.45,--,23,7935,买盘
1455,09:31:39,3.45,--,61,21045,买盘
1456,09:31:36,3.45,--,147,50715,买盘
1457,09:31:27,3.45,--,10,3450,买盘
1458,09:31:18,3.45,--,16,5520,买盘
1459,09:31:15,3.45,--,385,132825,卖盘
1460,09:31:12,3.45,--,60,20700,卖盘
1461,09:31:09,3.45,--,100,34500,卖盘
1462,09:31:06,3.45,--,200,69000,卖盘
1463,09:31:00,3.45,0.01,1306,450570,买盘
1464,09:30:51,3.44,--,200,68800,卖盘
1465,09:30:39,3.44,--,127,43688,买盘
1466,09:30:36,3.44,--,172,59168,买盘
1467,09:30:30,3.44,--,25,8600,买盘
1468,09:30:27,3.44,--,14,4816,买盘
1469,09:30:24,3.44,--,24,8256,买盘
1470,09:30:21,3.44,--,34,11696,买盘
1471,09:30:18,3.44,--,35,12040,买盘
1472,09:30:15,3.44,--,76,26144,买盘
1473,09:30:12,3.44,--,77,26488,买盘
1474,09:30:09,3.44,--,53,18232,买盘
1475,09:30:06,3.44,--,123,42312,买盘
1476,09:30:03,3.44,--,171,58824,买盘
1477,09:30:00,3.44,--,0,0,买盘
1478,09:25:03,3.44,3.44,809,278296,买盘
