,time,price,change,volume,amount,type
0,15:00:03,28.92,-0.03,1222,3534602,卖盘
1,14:57:00,28.95,0.02,6,17370,买盘
2,14:56:57,28.93,-0.02,109,315337,卖盘
3,14:56:54,28.95,--,10,28950,买盘
4,14:56:51,28.95,0.01,50,144750,买盘
5,14:56:48,28.94,--,3,8682,买盘
6,14:56:45,28.94,0.01,4,11576,卖盘
7,14:56:42,28.93,-0.02,61,176473,卖盘
8,14:56:39,28.95,-0.01,3,8685,中性盘
9,14:56:36,28.96,0.02,121,350416,买盘
10,14:56:33,28.94,--,2,5788,卖盘
11,14:56:30,28.94,--,7,20258,买盘
12,14:56:27,28.94,-0.01,57,164958,卖盘
13,14:56:24,28.95,--,46,133170,买盘
14,14:56:21,28.95,0.02,25,72375,买盘
15,14:56:18,28.93,--,103,297979,卖盘
16,14:56:15,28.93,-0.01,54,156222,卖盘
17,14:56:12,28.94,0.01,2,5788,中性盘
18,14:56:03,28.93,-0.03,34,98362,卖盘
19,14:56:00,28.96,--,5,14480,卖盘
20,14:55:57,28.96,0.04,127,367792,买盘
21,14:55:54,28.92,-0.01,23,68280,卖盘
22,14:55:51,28.93,-0.01,233,675197,卖盘
23,14:55:48,28.94,-0.02,11,31834,卖盘
24,14:55:45,28.96,0.02,8,23168,买盘
25,14:55:42,28.94,-0.01,10,28940,卖盘
26,14:55:36,28.95,0.02,10,28950,买盘
27,14:55:30,28.93,--,23,66539,卖盘
28,14:55:27,28.93,-0.01,45,130185,卖盘
29,14:55:24,28.94,-0.02,24,69456,卖盘
30,14:55:15,28.96,--,7,20272,卖盘
31,14:55:09,28.96,0.02,58,167968,买盘
32,14:55:06,28.94,0.01,1,4659,买盘
33,14:55:03,28.93,-0.01,124,359860,卖盘
34,14:55:00,28.94,--,15,43410,卖盘
35,14:54:57,28.94,--,15,43410,卖盘
36,14:54:54,28.94,--,12,34728,卖盘
37,14:54:51,28.94,0.01,219,635551,买盘
38,14:54:48,28.93,-0.01,32,92576,买盘
39,14:54:45,28.94,--,62,180556,买盘
40,14:54:42,28.94,--,75,217050,买盘
41,14:54:39,28.94,0.01,18,52092,买盘
42,14:54:36,28.93,--,3,10443,买盘
43,14:54:33,28.93,-0.01,46,133078,卖盘
44,14:54:30,28.94,--,33,95502,买盘
45,14:54:27,28.94,--,11,31834,买盘
46,14:54:24,28.94,--,56,162064,买盘
47,14:54:21,28.94,--,22,63668,买盘
48,14:54:18,28.94,-0.01,168,486192,卖盘
49,14:54:15,28.95,0.01,2,5790,卖盘
50,14:54:12,28.94,--,76,219944,卖盘
51,14:54:09,28.94,-0.01,70,202580,卖盘
52,14:54:06,28.95,--,10,28950,买盘
53,14:54:03,28.95,0.02,67,193965,买盘
54,14:54:00,28.93,--,33,95469,卖盘
55,14:53:57,28.93,-0.02,54,156222,卖盘
56,14:53:54,28.95,--,55,159225,买盘
57,14:53:51,28.95,--,14,40530,买盘
58,14:53:48,28.95,-0.01,44,127380,卖盘
59,14:53:45,28.96,0.01,6,17376,卖盘
60,14:53:42,28.95,--,64,185280,卖盘
61,14:53:36,28.95,--,143,413985,卖盘
62,14:53:33,28.95,-0.01,1,2895,卖盘
63,14:53:27,28.96,0.01,1,2896,买盘
64,14:53:24,28.95,-0.01,75,217125,中性盘
65,14:53:21,28.96,0.01,125,362000,买盘
66,14:53:18,28.95,0.02,55,159225,买盘
67,14:53:15,28.93,-0.02,11,31823,卖盘
68,14:53:12,28.95,-0.01,77,222915,买盘
69,14:53:06,28.96,0.01,6,17376,买盘
70,14:53:03,28.95,--,38,110010,买盘
71,14:53:00,28.95,0.02,4,11580,买盘
72,14:52:57,28.93,-0.03,165,477345,卖盘
73,14:52:54,28.96,0.01,214,619744,买盘
74,14:52:51,28.95,-0.01,9,26055,卖盘
75,14:52:48,28.96,0.03,21,60816,买盘
76,14:52:45,28.93,--,7,20251,卖盘
77,14:52:42,28.93,--,75,216975,卖盘
78,14:52:39,28.93,-0.01,227,656711,卖盘
79,14:52:36,28.94,-0.01,7,20258,卖盘
80,14:52:33,28.95,0.01,12,34740,买盘
81,14:52:30,28.94,-0.01,15,43410,卖盘
82,14:52:27,28.95,0.01,11,31845,中性盘
83,14:52:24,28.94,--,25,72350,卖盘
84,14:52:21,28.94,-0.01,4,11576,卖盘
85,14:52:18,28.95,-0.01,2,5790,卖盘
86,14:52:15,28.96,0.01,9,26064,买盘
87,14:52:12,28.95,-0.01,61,176595,卖盘
88,14:52:09,28.96,0.01,4,11584,买盘
89,14:52:06,28.95,--,1,2895,买盘
90,14:52:03,28.95,0.02,4,11580,买盘
91,14:52:00,28.93,--,3,8679,卖盘
92,14:51:57,28.93,--,88,254584,卖盘
93,14:51:51,28.93,-0.03,43,124399,中性盘
94,14:51:48,28.96,0.03,307,889072,买盘
95,14:51:45,28.93,0.01,8,24735,卖盘
96,14:51:42,28.92,-0.03,266,769272,卖盘
97,14:51:39,28.95,0.01,247,715065,买盘
98,14:51:36,28.94,0.02,1,2894,买盘
99,14:51:33,28.92,-0.01,50,144600,卖盘
100,14:51:30,28.93,-0.02,37,107041,卖盘
101,14:51:27,28.95,0.01,2,5790,买盘
102,14:51:24,28.94,--,3,8682,买盘
103,14:51:21,28.94,0.01,2,5788,中性盘
104,14:51:18,28.93,--,327,946011,卖盘
105,14:51:15,28.93,-0.01,112,324016,卖盘
106,14:51:12,28.94,0.01,550,1591700,买盘
107,14:51:09,28.93,--,34,98362,买盘
108,14:51:06,28.93,--,12,34716,买盘
109,14:51:03,28.93,--,23,66539,买盘
110,14:51:00,28.93,-0.01,38,109934,卖盘
111,14:50:57,28.94,0.01,3,8682,买盘
112,14:50:54,28.93,-0.01,325,940225,卖盘
113,14:50:51,28.94,--,206,596164,卖盘
114,14:50:48,28.94,-0.01,239,691666,卖盘
115,14:50:45,28.95,--,74,214230,买盘
116,14:50:42,28.95,0.01,77,222915,买盘
117,14:50:39,28.94,--,3,8682,卖盘
118,14:50:36,28.94,-0.01,144,416736,卖盘
119,14:50:33,28.95,--,108,312660,卖盘
120,14:50:30,28.95,--,30,86850,买盘
121,14:50:27,28.95,--,62,179490,买盘
122,14:50:24,28.95,--,10,28950,买盘
123,14:50:21,28.95,--,6,17370,买盘
124,14:50:18,28.95,0.02,64,185280,买盘
125,14:50:15,28.93,-0.03,440,1272920,卖盘
126,14:50:12,28.96,0.01,4,11584,买盘
127,14:50:09,28.95,--,55,159225,卖盘
128,14:50:06,28.95,--,15,43425,卖盘
129,14:50:03,28.95,--,2,5790,卖盘
130,14:50:00,28.95,-0.01,28,81060,中性盘
131,14:49:57,28.96,0.01,35,101360,买盘
132,14:49:54,28.95,--,20,57900,买盘
133,14:49:51,28.95,0.01,15,43425,买盘
134,14:49:48,28.94,0.03,153,444489,买盘
135,14:49:45,28.91,-0.01,41,118531,卖盘
136,14:49:42,28.92,0.01,101,292092,买盘
137,14:49:39,28.91,-0.01,31,89621,卖盘
138,14:49:36,28.92,-0.03,288,834081,卖盘
139,14:49:33,28.95,-0.01,4,11580,中性盘
140,14:49:30,28.96,0.02,11,31856,买盘
141,14:49:27,28.94,-0.02,28,81032,卖盘
142,14:49:24,28.96,--,2,5792,买盘
143,14:49:21,28.96,--,13,37648,买盘
144,14:49:12,28.96,0.03,19,55024,买盘
145,14:49:09,28.93,-0.02,16,46288,卖盘
146,14:49:06,28.95,-0.01,3,8685,卖盘
147,14:49:03,28.96,0.03,8,23168,买盘
148,14:49:00,28.93,-0.03,53,153329,卖盘
149,14:48:57,28.96,0.02,1,2896,买盘
150,14:48:54,28.94,-0.02,16,46304,卖盘
151,14:48:51,28.96,0.04,100,289600,买盘
152,14:48:48,28.92,-0.01,89,257388,卖盘
153,14:48:45,28.93,--,17,49181,卖盘
154,14:48:42,28.93,--,76,219868,买盘
155,14:48:39,28.93,--,23,66539,买盘
156,14:48:36,28.93,--,7,20251,买盘
157,14:48:33,28.93,-0.02,42,121506,卖盘
158,14:48:30,28.95,--,64,185280,买盘
159,14:48:27,28.95,0.02,19,55005,买盘
160,14:48:18,28.93,--,3,8679,卖盘
161,14:48:12,28.93,-0.03,23,66539,卖盘
162,14:48:09,28.96,0.03,80,231680,买盘
163,14:48:06,28.93,0.01,16,46288,卖盘
164,14:48:03,28.92,-0.01,4,11568,卖盘
165,14:48:00,28.93,0.03,11,33529,买盘
166,14:47:57,28.9,--,209,604010,买盘
167,14:47:54,28.9,-0.03,687,1986614,卖盘
168,14:47:51,28.93,--,54,158044,买盘
169,14:47:48,28.93,0.01,56,162008,买盘
170,14:47:45,28.92,--,467,1350564,卖盘
171,14:47:42,28.92,--,15,43380,卖盘
172,14:47:39,28.92,--,86,248712,买盘
173,14:47:36,28.92,--,10,28920,买盘
174,14:47:33,28.92,--,60,173520,买盘
175,14:47:30,28.92,--,38,109896,卖盘
176,14:47:27,28.92,0.02,16,46272,卖盘
177,14:47:24,28.9,-0.05,173,499970,卖盘
178,14:47:21,28.95,--,156,451620,买盘
179,14:47:15,28.95,0.04,40,115800,买盘
180,14:47:12,28.91,--,41,118531,卖盘
181,14:47:09,28.91,--,17,49147,卖盘
182,14:47:06,28.91,-0.01,16,46256,卖盘
183,14:47:03,28.92,0.01,78,225576,买盘
184,14:47:00,28.91,-0.01,4,11564,卖盘
185,14:46:57,28.92,0.01,45,130140,买盘
186,14:46:51,28.91,-0.01,9,26019,卖盘
187,14:46:48,28.92,0.01,43,124356,买盘
188,14:46:45,28.91,--,36,104076,卖盘
189,14:46:42,28.91,-0.01,310,896210,卖盘
190,14:46:39,28.92,--,10,28920,买盘
191,14:46:36,28.92,--,514,1486488,卖盘
192,14:46:33,28.92,--,314,908088,卖盘
193,14:46:30,28.92,-0.01,47,135924,卖盘
194,14:46:27,28.93,--,52,150436,卖盘
195,14:46:24,28.93,--,12,34716,买盘
196,14:46:21,28.93,--,14,40502,卖盘
197,14:46:18,28.93,-0.02,11,31823,卖盘
198,14:46:15,28.95,0.02,4,11580,买盘
199,14:46:12,28.93,--,36,104148,卖盘
200,14:46:09,28.93,-0.02,14,40502,卖盘
201,14:46:06,28.95,--,22,63690,买盘
202,14:46:03,28.95,-0.04,215,622425,卖盘
203,14:46:00,28.99,--,81,234819,卖盘
204,14:45:57,28.99,--,50,144950,卖盘
205,14:45:54,28.99,-0.01,80,231920,卖盘
206,14:45:51,29.0,--,4,11600,买盘
207,14:45:48,29.0,--,37,107300,买盘
208,14:45:45,29.0,--,38,110200,买盘
209,14:45:42,29.0,0.08,45,130500,买盘
210,14:45:39,28.92,-0.08,61,176412,卖盘
211,14:45:36,29.0,0.05,13,37700,买盘
212,14:45:33,28.95,0.04,70,202650,卖盘
213,14:45:30,28.91,--,100,291326,卖盘
214,14:45:27,28.91,-0.07,116,335356,卖盘
215,14:45:24,28.98,0.07,61,178516,中性盘
216,14:45:21,28.91,--,8,23128,卖盘
217,14:45:12,28.91,0.01,8,23128,卖盘
218,14:45:09,28.9,-0.02,290,839169,卖盘
219,14:45:06,28.92,0.01,85,247526,买盘
220,14:45:03,28.91,--,12,34692,买盘
221,14:45:00,28.91,0.01,85,245735,买盘
222,14:44:57,28.9,-0.01,13,37570,卖盘
223,14:44:51,28.91,--,9,26973,卖盘
224,14:44:48,28.91,-0.01,8,25064,卖盘
225,14:44:45,28.92,0.04,10,28920,中性盘
226,14:44:42,28.88,-0.02,243,704036,卖盘
227,14:44:39,28.9,-0.18,11,31790,卖盘
228,14:44:36,29.08,0.19,519,1509252,买盘
229,14:44:33,28.89,-0.01,445,1287482,卖盘
230,14:44:30,28.9,-0.04,12,36558,卖盘
231,14:44:27,28.94,0.05,14,40516,买盘
232,14:44:24,28.89,-0.02,14,40446,卖盘
233,14:44:21,28.91,--,13,37583,买盘
234,14:44:18,28.91,0.01,185,534835,买盘
235,14:44:15,28.9,-0.1,1348,3898523,卖盘
236,14:44:12,29.0,0.05,221,640900,买盘
237,14:44:09,28.95,0.01,33,95535,买盘
238,14:44:06,28.94,--,12,34728,买盘
239,14:44:03,28.94,--,321,928974,买盘
240,14:44:00,28.94,--,15,43410,买盘
241,14:43:57,28.94,-0.04,8,23152,买盘
242,14:43:54,28.98,-0.02,72,211525,卖盘
243,14:43:51,29.0,0.02,23,66700,买盘
244,14:43:48,28.98,-0.05,56,164461,卖盘
245,14:43:45,29.03,--,73,211919,卖盘
246,14:43:42,29.03,0.05,22,64620,买盘
247,14:43:39,28.98,-0.02,71,206801,卖盘
248,14:43:36,29.0,--,39,115217,买盘
249,14:43:33,29.0,--,25,72500,买盘
250,14:43:30,29.0,--,556,1615039,买盘
251,14:43:27,29.0,--,19,55100,买盘
252,14:43:24,29.0,--,70,203000,买盘
253,14:43:21,29.0,--,281,816118,卖盘
254,14:43:18,29.0,-0.03,213,618396,卖盘
255,14:43:15,29.03,0.03,15,46012,买盘
256,14:43:12,29.0,--,275,798921,买盘
257,14:43:09,29.0,--,3,8700,买盘
258,14:43:06,29.0,--,12,34800,买盘
259,14:43:03,29.0,--,8,23200,买盘
260,14:43:00,29.0,-0.07,655,1901907,卖盘
261,14:42:57,29.07,--,48,141367,卖盘
262,14:42:54,29.07,0.02,75,220786,买盘
263,14:42:51,29.05,0.01,920,2674372,卖盘
264,14:42:48,29.04,-0.02,50,146332,中性盘
265,14:42:45,29.06,0.04,9,26154,买盘
266,14:42:42,29.02,-0.02,44,127688,卖盘
267,14:42:39,29.04,-0.02,1,2904,卖盘
268,14:42:36,29.06,0.03,33,95898,卖盘
269,14:42:33,29.03,0.01,1,2903,中性盘
270,14:42:30,29.02,-0.03,137,397574,卖盘
271,14:42:27,29.05,-0.02,4,11620,卖盘
272,14:42:24,29.07,0.01,10,30843,买盘
273,14:42:21,29.06,0.02,17,49402,买盘
274,14:42:18,29.04,-0.02,9,26136,卖盘
275,14:42:15,29.06,0.03,4,11624,中性盘
276,14:42:12,29.03,-0.04,44,128080,卖盘
277,14:42:09,29.07,0.02,22,63954,买盘
278,14:42:03,29.05,--,11,34656,卖盘
279,14:42:00,29.05,--,77,223888,卖盘
280,14:41:54,29.05,0.02,9,27946,中性盘
281,14:41:51,29.03,-0.04,32,92896,卖盘
282,14:41:48,29.07,--,16,48953,买盘
283,14:41:42,29.07,0.02,24,72355,买盘
284,14:41:39,29.05,--,35,101675,卖盘
285,14:41:36,29.05,-0.02,10,31896,卖盘
286,14:41:33,29.07,0.03,30,87587,买盘
287,14:41:30,29.04,-0.02,126,365904,卖盘
288,14:41:27,29.06,0.02,5,16273,买盘
289,14:41:24,29.04,-0.02,12,35719,卖盘
290,14:41:21,29.06,0.01,33,95898,买盘
291,14:41:18,29.05,--,19,55195,卖盘
292,14:41:15,29.05,-0.01,17,49385,卖盘
293,14:41:12,29.06,-0.02,16,46496,买盘
294,14:41:09,29.08,0.01,7,20356,买盘
295,14:41:06,29.07,0.02,17,49419,卖盘
296,14:41:03,29.05,-0.03,24,71927,卖盘
297,14:41:00,29.08,0.01,4,13347,中性盘
298,14:40:54,29.07,-0.02,79,231542,卖盘
299,14:40:51,29.09,--,2,5818,买盘
300,14:40:48,29.09,0.02,4,11636,买盘
301,14:40:45,29.07,-0.02,17,49419,卖盘
302,14:40:42,29.09,--,18,52362,买盘
303,14:40:39,29.09,--,14,40726,买盘
304,14:40:30,29.09,0.01,53,154177,买盘
305,14:40:27,29.08,0.01,1,2908,卖盘
306,14:40:24,29.07,--,3,8721,买盘
307,14:40:21,29.07,0.03,17,49419,卖盘
308,14:40:12,29.04,-0.03,36,104544,卖盘
309,14:40:09,29.07,-0.02,3,8721,卖盘
310,14:40:06,29.09,--,4,11636,买盘
311,14:40:03,29.09,0.05,4,11636,买盘
312,14:40:00,29.04,-0.05,104,302016,卖盘
313,14:39:57,29.09,0.02,10,29090,买盘
314,14:39:54,29.07,-0.02,17,49419,卖盘
315,14:39:51,29.09,-0.01,1,2909,买盘
316,14:39:48,29.1,0.01,30,87300,买盘
317,14:39:45,29.09,0.01,9,26181,买盘
318,14:39:42,29.08,0.02,9,26172,中性盘
319,14:39:39,29.06,-0.04,20,58120,卖盘
320,14:39:36,29.1,0.01,15,43650,买盘
321,14:39:33,29.09,--,2,5818,买盘
322,14:39:30,29.09,--,18,52362,买盘
323,14:39:27,29.09,--,15,43635,卖盘
324,14:39:24,29.09,--,9,26181,卖盘
325,14:39:21,29.09,--,5,14545,买盘
326,14:39:15,29.09,-0.01,5,14545,买盘
327,14:39:12,29.1,--,28,81480,买盘
328,14:39:09,29.1,0.01,37,107670,买盘
329,14:39:06,29.09,--,2,5818,卖盘
330,14:39:03,29.09,-0.01,2,5818,中性盘
331,14:39:00,29.1,--,92,267720,买盘
332,14:38:57,29.1,0.01,2,5820,买盘
333,14:38:54,29.09,--,7,20363,卖盘
334,14:38:51,29.09,--,19,55271,卖盘
335,14:38:45,29.09,-0.01,11,31999,卖盘
336,14:38:42,29.1,--,11,32010,买盘
337,14:38:39,29.1,--,34,98940,买盘
338,14:38:36,29.1,0.04,1,2910,买盘
339,14:38:30,29.06,-0.04,121,351626,卖盘
340,14:38:27,29.1,--,9,26190,买盘
341,14:38:24,29.1,--,6,17460,买盘
342,14:38:18,29.1,0.01,2,5820,买盘
343,14:38:12,29.09,--,21,61089,买盘
344,14:38:00,29.09,0.02,205,596345,买盘
345,14:37:57,29.07,0.01,10,29070,中性盘
346,14:37:51,29.06,--,30,87180,卖盘
347,14:37:48,29.06,-0.02,10,29060,卖盘
348,14:37:45,29.08,--,1,2908,卖盘
349,14:37:42,29.08,--,16,46528,买盘
350,14:37:39,29.08,--,3,8724,买盘
351,14:37:36,29.08,--,2,5816,买盘
352,14:37:33,29.08,--,4,11632,买盘
353,14:37:30,29.08,0.02,2,5816,中性盘
354,14:37:24,29.06,-0.02,6,17436,中性盘
355,14:37:21,29.08,0.03,1,2908,中性盘
356,14:37:18,29.05,-0.05,1,2905,卖盘
357,14:37:15,29.1,0.04,10,29100,买盘
358,14:37:12,29.06,-0.02,4,11624,卖盘
359,14:37:06,29.08,-0.01,18,52344,卖盘
360,14:37:03,29.09,0.04,1,2909,卖盘
361,14:37:00,29.05,-0.05,51,148155,卖盘
362,14:36:54,29.1,--,8,23280,买盘
363,14:36:48,29.1,--,12,34920,买盘
364,14:36:45,29.1,0.05,5,14550,买盘
365,14:36:42,29.05,0.01,18,52290,中性盘
366,14:36:30,29.04,0.01,95,275880,卖盘
367,14:36:27,29.03,-0.07,34,98702,卖盘
368,14:36:24,29.1,--,4,11640,买盘
369,14:36:15,29.1,0.05,2,5820,买盘
370,14:36:12,29.05,0.01,12,34860,买盘
371,14:36:09,29.04,--,2,5808,卖盘
372,14:36:06,29.04,--,1,2904,卖盘
373,14:36:03,29.04,-0.01,9,26136,卖盘
374,14:36:00,29.05,--,15,43575,买盘
375,14:35:57,29.05,--,2,5810,买盘
376,14:35:54,29.05,--,11,31955,买盘
377,14:35:51,29.05,--,13,37765,买盘
378,14:35:45,29.05,--,8,23240,买盘
379,14:35:42,29.05,--,12,34860,买盘
380,14:35:39,29.05,--,40,116200,买盘
381,14:35:33,29.05,--,16,46480,买盘
382,14:35:30,29.05,0.01,12,34860,买盘
383,14:35:27,29.04,-0.06,22,63888,卖盘
384,14:35:18,29.1,0.06,9,26190,买盘
385,14:35:12,29.04,-0.01,28,81312,卖盘
386,14:35:06,29.05,-0.05,57,165585,卖盘
387,14:35:03,29.1,0.05,5,14550,买盘
388,14:35:00,29.05,-0.05,47,136535,卖盘
389,14:34:51,29.1,0.05,2,5820,买盘
390,14:34:45,29.05,0.02,1,2905,卖盘
391,14:34:42,29.03,-0.01,75,217725,卖盘
392,14:34:39,29.04,-0.01,13,37752,卖盘
393,14:34:36,29.05,--,1,2905,买盘
394,14:34:33,29.05,--,4,11620,买盘
395,14:34:30,29.05,-0.06,91,267201,卖盘
396,14:34:27,29.11,0.03,10,29110,买盘
397,14:34:21,29.08,--,4,11632,买盘
398,14:34:18,29.08,-0.03,110,319880,卖盘
399,14:34:12,29.11,0.01,28,81566,买盘
400,14:34:06,29.1,--,14,40740,买盘
401,14:34:03,29.1,-0.02,42,122220,卖盘
402,14:34:00,29.12,0.02,20,58240,买盘
403,14:33:51,29.1,-0.01,10,29100,卖盘
404,14:33:48,29.11,--,5,14555,卖盘
405,14:33:45,29.11,--,17,49487,卖盘
406,14:33:42,29.11,-0.01,9,26199,卖盘
407,14:33:36,29.12,0.01,5,14560,买盘
408,14:33:33,29.11,0.01,13,37843,买盘
409,14:33:30,29.1,--,21,61110,买盘
410,14:33:27,29.1,0.04,14,40740,买盘
411,14:33:24,29.06,-0.04,11,31966,卖盘
412,14:33:21,29.1,--,16,46560,买盘
413,14:33:18,29.1,0.05,37,107670,中性盘
414,14:33:12,29.05,-0.06,14,40670,卖盘
415,14:33:09,29.11,--,68,197948,卖盘
416,14:33:06,29.11,0.06,18,52398,买盘
417,14:33:03,29.05,--,4,11620,买盘
418,14:33:00,29.05,-0.07,152,441560,卖盘
419,14:32:57,29.12,-0.01,1,2912,卖盘
420,14:32:54,29.13,0.02,2,5826,买盘
421,14:32:48,29.11,--,2,5822,买盘
422,14:32:42,29.11,0.01,5,14555,中性盘
423,14:32:39,29.1,-0.03,113,328830,卖盘
424,14:32:36,29.13,0.02,42,122346,买盘
425,14:32:30,29.11,--,13,37843,卖盘
426,14:32:27,29.11,-0.02,20,58220,卖盘
427,14:32:21,29.13,--,18,52434,买盘
428,14:32:18,29.13,0.02,35,101955,买盘
429,14:32:15,29.11,-0.02,40,116440,卖盘
430,14:32:12,29.13,0.01,19,55347,买盘
431,14:32:09,29.12,0.01,25,72800,买盘
432,14:32:06,29.11,--,5,14555,买盘
433,14:32:03,29.11,0.01,5,14555,中性盘
434,14:32:00,29.1,-0.03,158,459780,卖盘
435,14:31:57,29.13,0.03,30,87390,买盘
436,14:31:54,29.1,--,40,116400,卖盘
437,14:31:48,29.1,--,43,125130,买盘
438,14:31:45,29.1,0.02,8,23280,买盘
439,14:31:42,29.08,-0.02,208,604864,卖盘
440,14:31:36,29.1,--,9,26190,买盘
441,14:31:33,29.1,-0.03,98,285180,卖盘
442,14:31:30,29.13,--,15,43695,买盘
443,14:31:27,29.13,-0.01,8,23304,中性盘
444,14:31:21,29.14,--,15,43710,买盘
445,14:31:18,29.14,--,10,29140,买盘
446,14:31:15,29.14,0.03,24,69936,买盘
447,14:31:12,29.11,-0.03,9,26199,卖盘
448,14:31:09,29.14,--,2,5828,买盘
449,14:31:06,29.14,--,17,49538,卖盘
450,14:31:03,29.14,0.04,43,125302,买盘
451,14:31:00,29.1,--,1,2910,买盘
452,14:30:57,29.1,-0.04,47,136770,卖盘
453,14:30:51,29.14,0.14,50,145700,买盘
454,14:30:48,29.0,-0.1,1000,2900000,卖盘
455,14:30:45,29.1,0.02,533,1551030,买盘
456,14:30:42,29.08,-0.02,8,23264,卖盘
457,14:30:39,29.1,0.02,46,133860,买盘
458,14:30:33,29.08,-0.01,201,584508,卖盘
459,14:30:30,29.09,0.01,1,2909,买盘
460,14:30:27,29.08,0.01,99,287892,买盘
461,14:30:21,29.07,--,5,14535,卖盘
462,14:30:18,29.07,0.02,166,484015,买盘
463,14:30:15,29.05,--,24,69720,卖盘
464,14:30:12,29.05,-0.02,19,55195,卖盘
465,14:30:09,29.07,0.07,589,1712223,买盘
466,14:30:06,29.0,-0.04,32,92800,卖盘
467,14:30:03,29.04,0.04,4,11616,买盘
468,14:30:00,29.0,-0.05,7,20300,卖盘
469,14:29:57,29.05,0.05,4,11620,中性盘
470,14:29:54,29.0,-0.07,25,72500,卖盘
471,14:29:51,29.07,0.07,114,331398,买盘
472,14:29:48,29.0,--,20,58000,买盘
473,14:29:45,29.0,--,539,1563100,买盘
474,14:29:42,29.0,-0.07,337,980171,卖盘
475,14:29:36,29.07,0.03,6,17442,买盘
476,14:29:33,29.04,0.04,10,29040,买盘
477,14:29:30,29.0,-0.04,30,87000,卖盘
478,14:29:27,29.04,0.04,1,2904,中性盘
479,14:29:24,29.0,--,3,8700,卖盘
480,14:29:21,29.0,-0.05,1000,2900000,卖盘
481,14:29:18,29.05,0.05,913,2652265,买盘
482,14:29:12,29.0,-0.01,18,52200,卖盘
483,14:29:09,29.01,0.01,1,2901,中性盘
484,14:29:06,29.0,--,108,313200,卖盘
485,14:29:03,29.0,--,113,327700,卖盘
486,14:28:54,29.0,0.02,321,930929,买盘
487,14:28:51,28.98,-0.02,70,202860,卖盘
488,14:28:48,29.0,--,57,165300,买盘
489,14:28:42,29.0,0.01,88,255200,买盘
490,14:28:39,28.99,-0.01,20,57980,卖盘
491,14:28:36,29.0,--,122,353800,买盘
492,14:28:33,29.0,0.01,27,78300,买盘
493,14:28:30,28.99,-0.01,23,66677,卖盘
494,14:28:27,29.0,0.01,1,2900,买盘
495,14:28:24,28.99,-0.01,24,69576,卖盘
496,14:28:21,29.0,--,5,14500,买盘
497,14:28:18,29.0,0.01,12,34800,买盘
498,14:28:15,28.99,-0.01,13,37687,卖盘
499,14:28:12,29.0,--,13,37700,买盘
500,14:28:09,29.0,0.01,13,37700,买盘
501,14:28:06,28.99,-0.01,1,2899,卖盘
502,14:28:03,29.0,--,14,40600,买盘
503,14:28:00,29.0,--,3,8700,买盘
504,14:27:54,29.0,--,138,400200,买盘
505,14:27:48,29.0,--,166,481400,卖盘
506,14:27:45,29.0,-0.01,24,69600,卖盘
507,14:27:42,29.01,--,9,26109,买盘
508,14:27:39,29.01,--,15,43515,买盘
509,14:27:36,29.01,0.01,12,34812,买盘
510,14:27:33,29.0,-0.01,154,446600,卖盘
511,14:27:30,29.01,--,32,92832,买盘
512,14:27:27,29.01,--,11,31911,买盘
513,14:27:21,29.01,0.01,49,142149,买盘
514,14:27:18,29.0,--,16,46400,卖盘
515,14:27:15,29.0,-0.01,22,63800,卖盘
516,14:27:12,29.01,0.01,73,211773,买盘
517,14:27:09,29.0,-0.01,59,171100,卖盘
518,14:27:06,29.01,0.01,10,29010,买盘
519,14:27:03,29.0,--,142,411800,卖盘
520,14:27:00,29.0,-0.01,7,20300,卖盘
521,14:26:57,29.01,0.01,2,5802,买盘
522,14:26:51,29.0,0.03,45,130500,买盘
523,14:26:48,28.97,-0.02,60,173820,卖盘
524,14:26:45,28.99,-0.01,1,2899,卖盘
525,14:26:42,29.0,0.01,48,139200,买盘
526,14:26:39,28.99,-0.01,8,23192,卖盘
527,14:26:36,29.0,--,3,8700,买盘
528,14:26:33,29.0,--,23,66700,买盘
529,14:26:27,29.0,--,341,988900,买盘
530,14:26:24,29.0,0.01,14,42050,买盘
531,14:26:18,28.99,-0.01,9,26091,卖盘
532,14:26:15,29.0,--,13,37700,买盘
533,14:26:12,29.0,--,48,139200,买盘
534,14:26:09,29.0,0.01,12,34800,卖盘
535,14:26:06,28.99,-0.02,300,869700,卖盘
536,14:26:03,29.01,0.01,17,49317,买盘
537,14:26:00,29.0,--,38,110200,卖盘
538,14:25:57,29.0,--,6,17400,卖盘
539,14:25:54,29.0,--,500,1450000,卖盘
540,14:25:51,29.0,-0.01,453,1313700,卖盘
541,14:25:48,29.01,0.01,3,8703,买盘
542,14:25:42,29.0,-0.01,49,142100,卖盘
543,14:25:39,29.01,--,5,14505,买盘
544,14:25:36,29.01,--,5,14505,买盘
545,14:25:33,29.01,0.01,2,5802,买盘
546,14:25:30,29.0,-0.04,56,162400,卖盘
547,14:25:27,29.04,0.04,45,130680,买盘
548,14:25:24,29.0,-0.01,8,23200,卖盘
549,14:25:18,29.01,--,13,37713,买盘
550,14:25:15,29.01,-0.01,15,44965,卖盘
551,14:25:12,29.02,-0.02,12,34824,中性盘
552,14:25:06,29.04,0.01,80,232320,买盘
553,14:25:03,29.03,--,79,229337,买盘
554,14:25:00,29.03,--,2,5806,买盘
555,14:24:54,29.03,--,5,14515,买盘
556,14:24:51,29.03,0.01,10,29030,买盘
557,14:24:48,29.02,-0.01,6,17412,中性盘
558,14:24:42,29.03,0.01,44,127732,买盘
559,14:24:36,29.02,--,7,20314,买盘
560,14:24:33,29.02,-0.01,10,29020,中性盘
561,14:24:27,29.03,--,10,29030,买盘
562,14:24:24,29.03,--,4,11612,买盘
563,14:24:21,29.03,--,43,124829,买盘
564,14:24:15,29.03,-0.01,2,5806,卖盘
565,14:24:12,29.04,-0.01,12,34848,中性盘
566,14:24:06,29.05,0.01,39,113295,买盘
567,14:24:03,29.04,-0.01,16,46464,卖盘
568,14:23:57,29.05,0.01,2,5810,买盘
569,14:23:54,29.04,0.02,2,5808,买盘
570,14:23:51,29.02,0.01,0,2060,中性盘
571,14:23:48,29.01,--,10,29010,卖盘
572,14:23:45,29.01,-0.03,178,518669,卖盘
573,14:23:42,29.04,--,9,26136,卖盘
574,14:23:36,29.04,--,5,14520,卖盘
575,14:23:33,29.04,0.01,45,130680,买盘
576,14:23:27,29.03,--,23,66769,买盘
577,14:23:24,29.03,--,4,11612,买盘
578,14:23:21,29.03,-0.01,36,104508,卖盘
579,14:23:15,29.04,-0.01,9,26136,卖盘
580,14:23:12,29.05,--,15,43575,买盘
581,14:23:06,29.05,-0.01,37,107485,卖盘
582,14:23:03,29.06,-0.02,3,8718,中性盘
583,14:23:00,29.08,0.03,40,116320,买盘
584,14:22:57,29.05,-0.01,1,2905,卖盘
585,14:22:54,29.06,0.01,2,5812,买盘
586,14:22:45,29.05,--,1,2905,卖盘
587,14:22:42,29.05,0.01,11,31955,卖盘
588,14:22:39,29.04,-0.01,28,81312,中性盘
589,14:22:33,29.05,0.02,76,220780,买盘
590,14:22:30,29.03,-0.02,5,14515,卖盘
591,14:22:27,29.05,--,1,2905,买盘
592,14:22:24,29.05,--,9,26145,买盘
593,14:22:21,29.05,--,254,737870,卖盘
594,14:22:12,29.05,--,9,26145,卖盘
595,14:22:06,29.05,0.02,243,705915,买盘
596,14:22:03,29.03,--,2,5806,卖盘
597,14:21:57,29.03,--,19,55157,买盘
598,14:21:54,29.03,--,6,17418,买盘
599,14:21:51,29.03,--,1,2903,买盘
600,14:21:42,29.03,--,14,40642,买盘
601,14:21:39,29.03,--,10,29030,买盘
602,14:21:36,29.03,--,2,5806,买盘
603,14:21:33,29.03,--,14,40642,买盘
604,14:21:30,29.03,--,41,119023,买盘
605,14:21:24,29.03,--,19,55157,买盘
606,14:21:21,29.03,--,7,20321,卖盘
607,14:21:18,29.03,-0.02,60,174180,卖盘
608,14:21:12,29.05,0.01,63,183015,买盘
609,14:21:06,29.04,0.02,2,5808,中性盘
610,14:20:54,29.02,-0.03,14,40628,卖盘
611,14:20:42,29.05,0.03,28,81340,买盘
612,14:20:33,29.02,-0.03,5,14510,买盘
613,14:20:30,29.05,0.03,44,127820,买盘
614,14:20:27,29.02,--,4,11608,买盘
615,14:20:24,29.02,--,14,40628,买盘
616,14:20:21,29.02,--,61,177022,卖盘
617,14:20:15,29.02,-0.02,30,87060,卖盘
618,14:20:12,29.04,--,25,72600,买盘
619,14:20:06,29.04,--,11,31944,买盘
620,14:20:03,29.04,--,30,87120,买盘
621,14:19:51,29.04,0.02,6,17424,卖盘
622,14:19:42,29.02,-0.03,9,26118,卖盘
623,14:19:39,29.05,0.02,247,717535,买盘
624,14:19:36,29.03,-0.01,4,11612,中性盘
625,14:19:30,29.04,--,3,8712,买盘
626,14:19:27,29.04,0.02,31,90024,买盘
627,14:19:24,29.02,--,12,34824,买盘
628,14:19:21,29.02,-0.03,53,153806,卖盘
629,14:19:15,29.05,0.01,10,29050,买盘
630,14:19:12,29.04,--,15,43560,买盘
631,14:19:09,29.04,--,4,11616,买盘
632,14:18:57,29.04,0.03,30,87120,买盘
633,14:18:51,29.01,-0.01,34,98634,卖盘
634,14:18:48,29.02,0.01,1,2902,买盘
635,14:18:42,29.01,--,9,26109,卖盘
636,14:18:33,29.01,--,49,142149,买盘
637,14:18:30,29.01,--,12,34812,买盘
638,14:18:27,29.01,0.01,9,26109,买盘
639,14:18:24,29.0,-0.01,7,20300,中性盘
640,14:18:21,29.01,--,188,545388,买盘
641,14:18:18,29.01,--,100,290100,买盘
642,14:18:15,29.01,--,20,58020,买盘
643,14:18:12,29.01,--,12,34812,买盘
644,14:18:06,29.01,--,1,2901,买盘
645,14:18:03,29.01,--,7,20307,买盘
646,14:17:57,29.01,0.01,86,249486,买盘
647,14:17:51,29.0,-0.01,6,17400,卖盘
648,14:17:48,29.01,0.01,4,11604,买盘
649,14:17:42,29.0,0.01,8,23577,买盘
650,14:17:39,28.99,-0.01,29,84071,卖盘
651,14:17:36,29.0,--,23,66700,买盘
652,14:17:33,29.0,--,61,176900,买盘
653,14:17:30,29.0,--,10,29000,买盘
654,14:17:27,29.0,-0.01,93,272223,卖盘
655,14:17:24,29.01,--,31,89931,买盘
656,14:17:21,29.01,0.01,156,454992,买盘
657,14:17:15,29.0,-0.01,1,2900,卖盘
658,14:17:12,29.01,0.01,54,156654,买盘
659,14:17:09,29.0,--,46,134241,买盘
660,14:17:06,29.0,--,28,81200,买盘
661,14:17:03,29.0,--,9,26100,买盘
662,14:17:00,29.0,--,77,223300,买盘
663,14:16:57,29.0,--,51,147900,买盘
664,14:16:54,29.0,--,30,87000,买盘
665,14:16:51,29.0,--,39,113100,买盘
666,14:16:48,29.0,0.01,44,127600,买盘
667,14:16:45,28.99,-0.01,31,89869,卖盘
668,14:16:42,29.0,--,32,92800,买盘
669,14:16:39,29.0,--,19,57159,卖盘
670,14:16:36,29.0,--,4,11600,卖盘
671,14:16:33,29.0,--,3,8700,卖盘
672,14:16:30,29.0,--,32,93641,买盘
673,14:16:27,29.0,--,61,176900,买盘
674,14:16:24,29.0,--,37,107300,买盘
675,14:16:21,29.0,--,15,43500,买盘
676,14:16:18,29.0,--,2,5800,买盘
677,14:16:15,29.0,-0.05,372,1080859,卖盘
678,14:16:12,29.05,0.01,111,322455,买盘
679,14:16:09,29.04,-0.01,29,84216,卖盘
680,14:16:06,29.05,--,41,119105,买盘
681,14:16:03,29.05,--,5,14525,买盘
682,14:16:00,29.05,--,7,20335,买盘
683,14:15:57,29.05,--,40,116200,买盘
684,14:15:54,29.05,--,28,81340,买盘
685,14:15:51,29.05,--,108,313740,买盘
686,14:15:48,29.05,--,19,55195,买盘
687,14:15:45,29.05,--,13,37765,买盘
688,14:15:42,29.05,0.03,44,127820,买盘
689,14:15:27,29.02,--,51,148002,买盘
690,14:15:24,29.02,--,48,139296,买盘
691,14:15:21,29.02,-0.02,247,718883,卖盘
692,14:15:15,29.04,0.04,10,29040,买盘
693,14:15:12,29.0,--,3,8700,卖盘
694,14:15:09,29.0,--,39,113100,卖盘
695,14:15:06,29.0,-0.02,12,34800,卖盘
696,14:15:03,29.02,--,54,156708,买盘
697,14:15:00,29.02,0.02,15,43530,买盘
698,14:14:57,29.0,--,20,58000,卖盘
699,14:14:54,29.0,--,29,85753,买盘
700,14:14:51,29.0,0.01,56,162400,买盘
701,14:14:48,28.99,-0.01,572,1658228,卖盘
702,14:14:45,29.0,--,74,214600,买盘
703,14:14:42,29.0,0.01,53,153700,买盘
704,14:14:39,28.99,-0.01,16,46384,卖盘
705,14:14:36,29.0,--,27,78300,买盘
706,14:14:33,29.0,--,253,733700,买盘
707,14:14:30,29.0,--,48,140447,卖盘
708,14:14:24,29.0,--,12,36453,买盘
709,14:14:21,29.0,--,348,1009200,卖盘
710,14:14:18,29.0,-0.02,20,58000,卖盘
711,14:14:15,29.02,0.02,10,29020,买盘
712,14:14:12,29.0,0.01,23,67773,买盘
713,14:14:09,28.99,-0.01,75,217425,卖盘
714,14:14:06,29.0,--,19,55100,买盘
715,14:14:03,29.0,--,89,258100,买盘
716,14:14:00,29.0,--,272,788800,买盘
717,14:13:54,29.0,--,24,69600,买盘
718,14:13:51,29.0,0.01,112,324800,买盘
719,14:13:48,28.99,--,5,14495,买盘
720,14:13:45,28.99,--,8,23192,买盘
721,14:13:42,28.99,--,72,208728,买盘
722,14:13:39,28.99,--,9,26091,买盘
723,14:13:36,28.99,--,16,46384,买盘
724,14:13:33,28.99,--,323,936377,卖盘
725,14:13:27,28.99,-0.01,8,23192,卖盘
726,14:13:24,29.0,0.01,15,43500,买盘
727,14:13:21,28.99,--,315,914344,买盘
728,14:13:18,28.99,0.01,1,2899,买盘
729,14:13:15,28.98,-0.01,1,2898,卖盘
730,14:13:12,28.99,0.01,22,63778,买盘
731,14:13:09,28.98,--,8,23184,卖盘
732,14:13:03,28.98,0.02,2,5796,卖盘
733,14:13:00,28.96,-0.01,27,78192,卖盘
734,14:12:57,28.97,--,8,23176,卖盘
735,14:12:54,28.97,0.01,105,304185,卖盘
736,14:12:48,28.96,-0.02,26,75296,卖盘
737,14:12:45,28.98,0.02,21,60858,买盘
738,14:12:42,28.96,--,19,55024,卖盘
739,14:12:36,28.96,--,8,23168,卖盘
740,14:12:33,28.96,-0.02,5,14480,卖盘
741,14:12:30,28.98,--,6,17388,买盘
742,14:12:27,28.98,--,34,98532,买盘
743,14:12:24,28.98,0.03,12,34776,买盘
744,14:12:21,28.95,-0.03,275,798904,卖盘
745,14:12:18,28.98,0.02,24,70972,买盘
746,14:12:15,28.96,--,87,251952,买盘
747,14:12:12,28.96,0.01,56,162176,买盘
748,14:12:09,28.95,-0.01,67,193965,卖盘
749,14:12:03,28.96,--,14,40544,买盘
750,14:12:00,28.96,--,42,121632,买盘
751,14:11:54,28.96,-0.02,152,440192,卖盘
752,14:11:51,28.98,--,20,57960,买盘
753,14:11:45,28.98,--,51,147798,买盘
754,14:11:42,28.98,0.02,11,31878,买盘
755,14:11:39,28.96,-0.02,106,306976,卖盘
756,14:11:36,28.98,--,4,11592,买盘
757,14:11:33,28.98,--,12,34776,买盘
758,14:11:27,28.98,--,23,66654,买盘
759,14:11:24,28.98,--,6,17388,买盘
760,14:11:21,28.98,-0.02,162,469476,卖盘
761,14:11:18,29.0,--,106,307400,买盘
762,14:11:15,29.0,0.01,21,60900,买盘
763,14:11:12,28.99,--,131,379769,卖盘
764,14:11:09,28.99,-0.01,19,55081,卖盘
765,14:11:06,29.0,--,38,110200,买盘
766,14:11:03,29.0,--,24,69600,买盘
767,14:11:00,29.0,--,3,8700,买盘
768,14:10:57,29.0,--,7,20300,买盘
769,14:10:54,29.0,-0.04,177,515127,卖盘
770,14:10:45,29.04,0.04,4,11616,买盘
771,14:10:39,29.0,-0.01,12,34800,卖盘
772,14:10:36,29.01,--,1,2901,买盘
773,14:10:33,29.01,--,5,14505,卖盘
774,14:10:30,29.01,-0.03,14,40614,卖盘
775,14:10:24,29.04,0.04,2,5808,买盘
776,14:10:21,29.0,-0.02,431,1250538,卖盘
777,14:10:18,29.02,-0.02,2,5804,卖盘
778,14:10:15,29.04,0.03,2,5808,买盘
779,14:10:09,29.01,0.01,8,23208,卖盘
780,14:10:06,29.0,-0.01,43,124700,卖盘
781,14:10:00,29.01,--,45,130545,卖盘
782,14:09:57,29.01,0.01,1,2901,买盘
783,14:09:54,29.0,--,1,2900,卖盘
784,14:09:42,29.0,0.01,718,2082635,买盘
785,14:09:39,28.99,-0.01,32,92768,卖盘
786,14:09:36,29.0,--,3,8700,买盘
787,14:09:33,29.0,--,12,34800,买盘
788,14:09:27,29.0,0.01,32,92800,买盘
789,14:09:24,28.99,-0.01,1,2899,卖盘
790,14:09:21,29.0,0.01,33,95700,买盘
791,14:09:18,28.99,-0.01,12,34788,卖盘
792,14:09:15,29.0,--,1,2900,买盘
793,14:09:12,29.0,--,10,29000,买盘
794,14:09:09,29.0,-0.04,712,2067294,卖盘
795,14:09:06,29.04,--,11,31944,买盘
796,14:09:03,29.04,0.03,8,23232,买盘
797,14:09:00,29.01,--,18,52218,卖盘
798,14:08:57,29.01,-0.04,181,525081,卖盘
799,14:08:54,29.05,--,13,37765,买盘
800,14:08:51,29.05,--,30,87150,买盘
801,14:08:45,29.05,--,4,11620,买盘
802,14:08:42,29.05,0.01,14,40670,买盘
803,14:08:39,29.04,-0.01,14,40656,卖盘
804,14:08:36,29.05,--,1,2905,买盘
805,14:08:33,29.05,--,13,37765,买盘
806,14:08:30,29.05,0.01,23,66815,买盘
807,14:08:27,29.04,-0.01,5,14520,卖盘
808,14:08:24,29.05,--,37,107485,买盘
809,14:08:21,29.05,--,29,84245,买盘
810,14:08:12,29.05,0.01,19,55195,买盘
811,14:08:09,29.04,-0.01,16,46464,卖盘
812,14:08:06,29.05,--,1,2905,买盘
813,14:08:03,29.05,--,6,17430,买盘
814,14:08:00,29.05,--,54,156870,买盘
815,14:07:57,29.05,0.01,1,2905,买盘
816,14:07:54,29.04,-0.01,25,72600,卖盘
817,14:07:51,29.05,--,52,151060,买盘
818,14:07:48,29.05,0.02,20,58100,买盘
819,14:07:39,29.03,-0.01,10,29030,卖盘
820,14:07:33,29.04,--,6,17424,买盘
821,14:07:30,29.04,--,10,29040,买盘
822,14:07:27,29.04,--,5,14520,买盘
823,14:07:24,29.04,0.02,17,49948,买盘
824,14:07:21,29.02,-0.02,33,95766,卖盘
825,14:07:15,29.04,--,1,2904,买盘
826,14:07:12,29.04,0.02,4,11616,买盘
827,14:07:09,29.02,-0.03,14,40628,卖盘
828,14:07:06,29.05,0.01,195,566475,买盘
829,14:07:03,29.04,--,9,26136,买盘
830,14:07:00,29.04,--,11,31944,买盘
831,14:06:54,29.04,0.02,14,40656,买盘
832,14:06:51,29.02,-0.02,20,58040,卖盘
833,14:06:48,29.04,--,21,60984,买盘
834,14:06:45,29.04,--,13,37752,买盘
835,14:06:42,29.04,0.02,19,55176,买盘
836,14:06:39,29.02,--,38,110276,卖盘
837,14:06:33,29.02,-0.02,2,5804,中性盘
838,14:06:30,29.04,0.02,42,121968,买盘
839,14:06:24,29.02,0.02,10,29020,买盘
840,14:06:15,29.0,--,630,1829726,买盘
841,14:06:12,29.0,0.02,32,92800,买盘
842,14:06:09,28.98,-0.02,29,84042,买盘
843,14:06:06,29.0,0.01,66,191400,买盘
844,14:06:03,28.99,-0.01,124,359476,买盘
845,14:06:00,29.0,--,254,736600,买盘
846,14:05:57,29.0,--,101,292900,买盘
847,14:05:54,29.0,--,76,220400,买盘
848,14:05:51,29.0,--,5,14500,买盘
849,14:05:48,29.0,--,58,168200,买盘
850,14:05:45,29.0,--,13,37700,买盘
851,14:05:42,29.0,0.01,422,1223800,买盘
852,14:05:39,28.99,-0.01,25,72475,卖盘
853,14:05:36,29.0,--,42,121800,买盘
854,14:05:33,29.0,--,115,333500,买盘
855,14:05:30,29.0,--,31,89900,买盘
856,14:05:27,29.0,--,59,171100,买盘
857,14:05:24,29.0,--,41,118900,买盘
858,14:05:21,29.0,-0.02,300,870435,卖盘
859,14:05:18,29.02,0.02,10,29020,买盘
860,14:05:12,29.0,0.01,170,495465,买盘
861,14:05:09,28.99,-0.01,13,37687,卖盘
862,14:05:06,29.0,--,40,116000,买盘
863,14:05:03,29.0,--,28,81200,买盘
864,14:05:00,29.0,--,84,243600,买盘
865,14:04:57,29.0,--,9,26100,买盘
866,14:04:54,29.0,--,52,150800,买盘
867,14:04:48,29.0,--,9,26100,买盘
868,14:04:45,29.0,-0.05,56,162835,卖盘
869,14:04:42,29.05,0.03,1022,2968910,买盘
870,14:04:39,29.02,-0.02,14,40628,卖盘
871,14:04:36,29.04,--,4,11616,买盘
872,14:04:33,29.04,--,39,113256,买盘
873,14:04:30,29.04,-0.01,15,43560,中性盘
874,14:04:27,29.05,0.03,30,87150,买盘
875,14:04:24,29.02,-0.03,6,17412,卖盘
876,14:04:21,29.05,--,111,322455,买盘
877,14:04:18,29.05,--,1,2905,买盘
878,14:04:15,29.05,--,15,43575,买盘
879,14:04:12,29.05,0.01,4,11620,买盘
880,14:04:09,29.04,-0.01,8,23232,卖盘
881,14:04:06,29.05,0.01,7,20335,买盘
882,14:04:03,29.04,-0.01,3,8712,卖盘
883,14:03:57,29.05,0.01,17,49385,买盘
884,14:03:54,29.04,--,4,11616,买盘
885,14:03:51,29.04,--,12,34848,买盘
886,14:03:48,29.04,-0.01,7,20328,卖盘
887,14:03:45,29.05,0.01,11,31955,买盘
888,14:03:42,29.04,-0.01,31,90024,卖盘
889,14:03:36,29.05,0.01,13,37765,中性盘
890,14:03:30,29.04,--,4,11616,卖盘
891,14:03:27,29.04,-0.01,42,121968,卖盘
892,14:03:24,29.05,--,10,29050,卖盘
893,14:03:21,29.05,--,100,290500,买盘
894,14:03:15,29.05,--,10,29050,买盘
895,14:03:12,29.05,0.01,8,23240,买盘
896,14:03:09,29.04,-0.02,48,139392,卖盘
897,14:03:06,29.06,--,1,2906,买盘
898,14:03:03,29.06,0.01,9,26154,中性盘
899,14:03:00,29.05,-0.03,142,412510,卖盘
900,14:02:57,29.08,0.02,5,14540,买盘
901,14:02:51,29.06,--,64,185984,卖盘
902,14:02:48,29.06,-0.04,300,871800,卖盘
903,14:02:45,29.1,0.01,62,180420,买盘
904,14:02:42,29.09,0.04,4,11636,买盘
905,14:02:39,29.05,-0.01,17,49385,卖盘
906,14:02:36,29.06,--,16,46496,买盘
907,14:02:33,29.06,-0.03,36,104616,中性盘
908,14:02:24,29.09,--,4,11636,卖盘
909,14:02:15,29.09,0.04,20,58180,买盘
910,14:02:12,29.05,0.04,7,20335,买盘
911,14:02:09,29.01,-0.04,21,60921,卖盘
912,14:02:06,29.05,0.02,15,43575,买盘
913,14:02:03,29.03,--,2,5806,买盘
914,14:01:57,29.03,0.02,6,17418,买盘
915,14:01:54,29.01,0.01,126,365526,买盘
916,14:01:45,29.0,0.05,255,741965,买盘
917,14:01:42,28.95,0.01,16,46320,买盘
918,14:01:39,28.94,-0.01,14,40516,卖盘
919,14:01:36,28.95,0.02,295,854025,买盘
920,14:01:33,28.93,--,16,46288,卖盘
921,14:01:30,28.93,-0.01,86,248798,卖盘
922,14:01:27,28.94,0.01,88,254672,买盘
923,14:01:24,28.93,--,2,5786,买盘
924,14:01:21,28.93,0.02,57,164901,买盘
925,14:01:18,28.91,-0.01,115,332465,卖盘
926,14:01:15,28.92,--,155,448260,买盘
927,14:01:12,28.92,--,39,112788,买盘
928,14:01:09,28.92,0.01,18,52056,买盘
929,14:01:06,28.91,-0.02,309,893319,卖盘
930,14:01:03,28.93,0.02,41,118613,中性盘
931,14:01:00,28.91,-0.02,152,439432,卖盘
932,14:00:57,28.93,--,67,193831,买盘
933,14:00:54,28.93,0.02,129,373197,买盘
934,14:00:51,28.91,--,141,407631,卖盘
935,14:00:48,28.91,-0.02,42,121422,卖盘
936,14:00:45,28.93,--,407,1177451,买盘
937,14:00:42,28.93,0.01,67,193831,买盘
938,14:00:39,28.92,0.01,44,127248,中性盘
939,14:00:36,28.91,0.01,78,225498,卖盘
940,14:00:33,28.9,-0.03,124,358360,卖盘
941,14:00:30,28.93,--,75,216975,买盘
942,14:00:27,28.93,--,72,208296,卖盘
943,14:00:24,28.93,--,25,72325,卖盘
944,14:00:21,28.93,-0.01,55,159115,卖盘
945,14:00:18,28.94,0.01,13,37622,买盘
946,14:00:15,28.93,-0.01,51,147543,卖盘
947,14:00:12,28.94,0.01,75,217050,买盘
948,14:00:09,28.93,-0.01,197,569921,卖盘
949,14:00:06,28.94,-0.01,60,173640,卖盘
950,14:00:03,28.95,-0.01,13,37635,中性盘
951,14:00:00,28.96,0.01,55,159280,买盘
952,13:59:57,28.95,--,54,156330,卖盘
953,13:59:54,28.95,-0.01,55,159225,卖盘
954,13:59:51,28.96,-0.02,57,165072,中性盘
955,13:59:48,28.98,--,25,72450,买盘
956,13:59:45,28.98,--,135,391230,买盘
957,13:59:42,28.98,0.02,412,1193976,买盘
958,13:59:39,28.96,-0.02,9,26064,卖盘
959,13:59:36,28.98,--,2,5796,买盘
960,13:59:33,28.98,--,21,60858,买盘
961,13:59:30,28.98,-0.02,131,379638,卖盘
962,13:59:27,29.0,0.02,460,1334000,买盘
963,13:59:24,28.98,-0.02,84,243432,卖盘
964,13:59:21,29.0,--,133,385700,买盘
965,13:59:15,29.0,--,131,379900,买盘
966,13:59:12,29.0,--,128,371635,卖盘
967,13:59:09,29.0,-0.01,51,147900,卖盘
968,13:59:06,29.01,--,60,174060,卖盘
969,13:59:03,29.01,0.01,53,153753,卖盘
970,13:59:00,29.0,-0.01,62,179800,卖盘
971,13:58:57,29.01,0.01,1,2901,买盘
972,13:58:54,29.0,-0.02,79,229100,卖盘
973,13:58:51,29.02,--,67,194434,买盘
974,13:58:48,29.02,0.01,35,101570,买盘
975,13:58:45,29.01,-0.01,56,162456,卖盘
976,13:58:42,29.02,0.02,17,49334,买盘
977,13:58:39,29.0,--,58,168200,卖盘
978,13:58:36,29.0,-0.05,80,232000,卖盘
979,13:58:33,29.05,0.02,308,894740,买盘
980,13:58:30,29.03,0.02,74,214822,买盘
981,13:58:27,29.01,-0.01,36,104436,买盘
982,13:58:24,29.02,-0.01,14,40628,卖盘
983,13:58:21,29.03,--,83,240949,买盘
984,13:58:18,29.03,0.03,1,2903,买盘
985,13:58:15,29.0,-0.03,161,466900,卖盘
986,13:58:12,29.03,0.02,25,72575,买盘
987,13:58:09,29.01,-0.02,88,255288,卖盘
988,13:58:06,29.03,--,72,209016,买盘
989,13:58:03,29.03,0.03,11,31933,中性盘
990,13:58:00,29.0,-0.05,150,435000,卖盘
991,13:57:57,29.05,0.05,5,14525,买盘
992,13:57:54,29.0,-0.02,114,330803,卖盘
993,13:57:51,29.02,-0.03,31,89962,卖盘
994,13:57:48,29.05,0.05,10,29050,买盘
995,13:57:45,29.0,-0.04,1156,3352400,卖盘
996,13:57:42,29.04,--,30,87120,买盘
997,13:57:39,29.04,-0.01,42,121968,卖盘
998,13:57:36,29.05,--,75,217875,卖盘
999,13:57:33,29.05,--,57,165585,卖盘
1000,13:57:30,29.05,--,97,281785,卖盘
1001,13:57:27,29.05,--,10,29050,卖盘
1002,13:57:24,29.05,--,68,197714,卖盘
1003,13:57:21,29.05,-0.04,55,159775,卖盘
1004,13:57:18,29.09,0.04,2,5818,买盘
1005,13:57:15,29.05,--,591,1716855,买盘
1006,13:57:12,29.05,0.03,69,200445,买盘
1007,13:57:09,29.02,-0.03,353,1024406,卖盘
1008,13:57:06,29.05,0.02,171,496755,买盘
1009,13:57:03,29.03,0.01,48,139344,卖盘
1010,13:57:00,29.02,-0.03,90,261180,卖盘
1011,13:56:54,29.05,0.04,52,151060,买盘
1012,13:56:51,29.01,-0.01,48,139248,卖盘
1013,13:56:45,29.02,0.01,113,330160,买盘
1014,13:56:42,29.01,0.01,131,380321,买盘
1015,13:56:39,29.0,-0.01,368,1067200,卖盘
1016,13:56:36,29.01,0.01,120,348120,买盘
1017,13:56:33,29.0,-0.01,45,130500,卖盘
1018,13:56:30,29.01,--,15,43515,买盘
1019,13:56:27,29.01,--,10,29010,买盘
1020,13:56:24,29.01,-0.01,255,742365,卖盘
1021,13:56:21,29.02,0.01,592,1718274,买盘
1022,13:56:18,29.01,--,7,20307,卖盘
1023,13:56:15,29.01,--,290,841290,卖盘
1024,13:56:12,29.01,--,25,72525,卖盘
1025,13:56:09,29.01,--,137,397437,买盘
1026,13:56:06,29.01,--,52,150852,中性盘
1027,13:56:03,29.01,0.01,8,23208,卖盘
1028,13:56:00,29.0,-0.02,65,188500,卖盘
1029,13:55:54,29.02,0.01,103,298906,中性盘
1030,13:55:51,29.01,--,54,156654,卖盘
1031,13:55:48,29.01,0.01,70,203099,买盘
1032,13:55:45,29.0,--,50,145000,卖盘
1033,13:55:39,29.0,--,827,2399808,卖盘
1034,13:55:36,29.0,-0.01,934,2708600,卖盘
1035,13:55:33,29.01,--,38,110238,买盘
1036,13:55:30,29.01,--,85,246585,买盘
1037,13:55:27,29.01,--,208,603408,买盘
1038,13:55:24,29.01,--,29,84129,买盘
1039,13:55:21,29.01,-0.03,100,291492,卖盘
1040,13:55:18,29.04,--,401,1164504,买盘
1041,13:55:15,29.04,--,59,171336,买盘
1042,13:55:12,29.04,0.01,41,119064,买盘
1043,13:55:09,29.03,0.01,37,107411,卖盘
1044,13:55:06,29.02,--,25,74059,卖盘
1045,13:55:03,29.02,-0.02,30,87060,卖盘
1046,13:55:00,29.04,-0.05,50,145200,卖盘
1047,13:54:57,29.09,0.05,2,5818,卖盘
1048,13:54:54,29.04,-0.03,1437,4173338,卖盘
1049,13:54:51,29.07,0.02,344,1001461,中性盘
1050,13:54:48,29.05,0.02,12,34860,中性盘
1051,13:54:45,29.03,-0.01,54,156762,卖盘
1052,13:54:42,29.04,0.01,5,14520,卖盘
1053,13:54:39,29.03,-0.02,57,165471,卖盘
1054,13:54:36,29.05,-0.02,51,148155,卖盘
1055,13:54:33,29.07,0.04,20,58140,买盘
1056,13:54:30,29.03,--,55,159665,卖盘
1057,13:54:27,29.03,--,130,377390,卖盘
1058,13:54:24,29.03,--,63,185327,卖盘
1059,13:54:21,29.03,--,111,324961,买盘
1060,13:54:18,29.03,--,6,17418,买盘
1061,13:54:15,29.03,-0.03,99,290125,卖盘
1062,13:54:12,29.06,--,36,104616,卖盘
1063,13:54:09,29.06,0.02,280,813680,中性盘
1064,13:54:06,29.04,-0.02,50,145200,卖盘
1065,13:54:03,29.06,--,5,14530,卖盘
1066,13:54:00,29.06,--,60,174360,卖盘
1067,13:53:57,29.06,0.02,455,1322404,买盘
1068,13:53:54,29.04,-0.02,567,1646568,卖盘
1069,13:53:51,29.06,--,92,267352,买盘
1070,13:53:48,29.06,--,16,46496,买盘
1071,13:53:45,29.06,--,54,156924,买盘
1072,13:53:42,29.06,0.01,5,14530,买盘
1073,13:53:39,29.05,-0.01,68,197540,卖盘
1074,13:53:36,29.06,--,12,34872,买盘
1075,13:53:33,29.06,--,181,525986,买盘
1076,13:53:30,29.06,--,51,150617,卖盘
1077,13:53:27,29.06,-0.04,427,1240862,卖盘
1078,13:53:24,29.1,0.03,91,264810,买盘
1079,13:53:21,29.07,-0.01,46,133722,卖盘
1080,13:53:18,29.08,--,5,14540,卖盘
1081,13:53:15,29.08,-0.02,59,171572,卖盘
1082,13:53:12,29.1,0.02,64,186240,买盘
1083,13:53:09,29.08,-0.02,61,177388,卖盘
1084,13:53:06,29.1,0.03,130,380744,买盘
1085,13:53:03,29.07,-0.01,55,160350,卖盘
1086,13:53:00,29.08,0.01,16,46528,卖盘
1087,13:52:54,29.07,-0.02,61,177327,卖盘
1088,13:52:51,29.09,0.02,92,270071,买盘
1089,13:52:48,29.07,-0.01,54,156978,卖盘
1090,13:52:45,29.08,--,75,218100,买盘
1091,13:52:42,29.08,0.01,61,177388,买盘
1092,13:52:39,29.07,-0.01,68,197676,卖盘
1093,13:52:36,29.08,0.01,16,46528,买盘
1094,13:52:33,29.07,-0.01,66,191862,卖盘
1095,13:52:30,29.08,--,155,450740,卖盘
1096,13:52:27,29.08,--,58,168664,卖盘
1097,13:52:24,29.08,--,51,148308,卖盘
1098,13:52:18,29.08,--,105,305340,买盘
1099,13:52:12,29.08,0.01,4,11632,买盘
1100,13:52:09,29.07,-0.03,65,188955,卖盘
1101,13:52:06,29.1,--,11,32010,卖盘
1102,13:52:03,29.1,0.03,40,116400,中性盘
1103,13:52:00,29.07,-0.02,51,148257,卖盘
1104,13:51:57,29.09,0.02,20,58180,中性盘
1105,13:51:54,29.07,-0.03,67,194769,卖盘
1106,13:51:51,29.1,--,2,5820,卖盘
1107,13:51:48,29.1,--,51,148410,卖盘
1108,13:51:45,29.1,0.01,61,179256,买盘
1109,13:51:42,29.09,0.03,4,11636,买盘
1110,13:51:39,29.06,-0.04,71,206326,卖盘
1111,13:51:36,29.1,0.01,33,96030,买盘
1112,13:51:33,29.09,0.01,85,247265,中性盘
1113,13:51:30,29.08,-0.01,50,145400,卖盘
1114,13:51:27,29.09,0.01,26,75634,中性盘
1115,13:51:24,29.08,-0.02,51,148308,卖盘
1116,13:51:21,29.1,0.01,6,17460,买盘
1117,13:51:18,29.09,-0.01,60,174540,卖盘
1118,13:51:15,29.1,0.01,54,157140,买盘
1119,13:51:09,29.09,-0.01,480,1399199,中性盘
1120,13:51:06,29.1,0.02,12,34920,买盘
1121,13:51:03,29.08,-0.02,55,159940,卖盘
1122,13:51:00,29.1,0.01,55,160050,买盘
1123,13:50:57,29.09,0.01,6,17454,卖盘
1124,13:50:54,29.08,--,78,226824,卖盘
1125,13:50:48,29.08,-0.02,51,148308,卖盘
1126,13:50:45,29.1,--,54,157140,买盘
1127,13:50:42,29.1,--,19,55290,买盘
1128,13:50:39,29.1,0.01,113,328830,买盘
1129,13:50:36,29.09,--,10,29090,卖盘
1130,13:50:33,29.09,-0.01,175,509075,卖盘
1131,13:50:30,29.1,--,70,203700,买盘
1132,13:50:27,29.1,--,30,87300,买盘
1133,13:50:24,29.1,-0.02,61,177510,买盘
1134,13:50:21,29.12,0.04,32,93184,买盘
1135,13:50:18,29.08,-0.04,360,1046879,卖盘
1136,13:50:15,29.12,--,28,81536,买盘
1137,13:50:12,29.12,--,7,20384,买盘
1138,13:50:09,29.12,--,18,52416,买盘
1139,13:50:06,29.12,--,99,288288,买盘
1140,13:50:03,29.12,-0.01,17,49504,卖盘
1141,13:50:00,29.13,--,50,145650,卖盘
1142,13:49:54,29.13,--,471,1372023,买盘
1143,13:49:51,29.13,0.04,23,66999,买盘
1144,13:49:48,29.09,-0.04,60,174540,卖盘
1145,13:49:45,29.13,0.01,52,151476,买盘
1146,13:49:42,29.12,0.03,12,34944,买盘
1147,13:49:39,29.09,--,40,116360,卖盘
1148,13:49:33,29.09,-0.04,53,154177,卖盘
1149,13:49:30,29.13,0.03,69,200997,买盘
1150,13:49:24,29.1,-0.02,73,212430,卖盘
1151,13:49:21,29.12,0.04,57,165984,买盘
1152,13:49:18,29.08,-0.02,73,212284,卖盘
1153,13:49:15,29.1,--,97,282270,买盘
1154,13:49:12,29.1,--,77,224070,买盘
1155,13:49:09,29.1,--,116,337560,买盘
1156,13:49:06,29.1,--,160,465600,买盘
1157,13:49:03,29.1,--,138,401580,买盘
1158,13:49:00,29.1,--,89,258990,买盘
1159,13:48:57,29.1,0.01,67,194970,买盘
1160,13:48:54,29.09,-0.01,86,250174,卖盘
1161,13:48:51,29.1,--,43,125130,买盘
1162,13:48:48,29.1,--,49,142590,买盘
1163,13:48:45,29.1,0.01,53,154230,买盘
1164,13:48:42,29.09,-0.01,51,148359,卖盘
1165,13:48:39,29.1,0.01,61,177510,买盘
1166,13:48:36,29.09,-0.01,22,63998,卖盘
1167,13:48:33,29.1,0.01,59,171690,买盘
1168,13:48:30,29.09,--,289,840701,买盘
1169,13:48:27,29.09,--,19,55271,买盘
1170,13:48:24,29.09,--,112,325808,买盘
1171,13:48:21,29.09,0.01,5,14545,买盘
1172,13:48:18,29.08,-0.01,53,154124,卖盘
1173,13:48:15,29.09,0.01,107,312252,买盘
1174,13:48:12,29.08,--,19,55252,买盘
1175,13:48:09,29.08,--,20,58160,买盘
1176,13:48:06,29.08,-0.03,227,662035,卖盘
1177,13:48:03,29.11,0.01,100,291100,买盘
1178,13:48:00,29.1,--,51,148410,卖盘
1179,13:47:57,29.1,0.03,301,876899,买盘
1180,13:47:54,29.07,-0.01,55,159885,卖盘
1181,13:47:51,29.08,--,22,63975,买盘
1182,13:47:48,29.08,-0.02,45,130859,卖盘
1183,13:47:45,29.1,0.02,94,273540,买盘
1184,13:47:42,29.08,--,20,58160,卖盘
1185,13:47:39,29.08,-0.01,54,157032,卖盘
1186,13:47:36,29.09,0.01,10,29090,中性盘
1187,13:47:33,29.08,--,129,375132,买盘
1188,13:47:30,29.08,0.01,61,177388,买盘
1189,13:47:27,29.07,-0.01,57,165699,卖盘
1190,13:47:24,29.08,--,69,200652,卖盘
1191,13:47:21,29.08,0.01,99,287892,中性盘
1192,13:47:18,29.07,-0.02,72,209304,卖盘
1193,13:47:15,29.09,--,60,174540,买盘
1194,13:47:12,29.09,--,10,29090,买盘
1195,13:47:09,29.09,-0.01,146,424714,卖盘
1196,13:47:06,29.1,0.01,39,113490,买盘
1197,13:47:03,29.09,--,36,104724,卖盘
1198,13:47:00,29.09,-0.02,51,148359,卖盘
1199,13:46:57,29.11,--,10,29110,买盘
1200,13:46:54,29.11,-0.01,134,390074,中性盘
1201,13:46:51,29.12,0.02,55,160160,买盘
1202,13:46:48,29.1,-0.01,58,168780,卖盘
1203,13:46:45,29.11,-0.01,76,221236,卖盘
1204,13:46:42,29.12,--,155,451360,买盘
1205,13:46:39,29.12,--,1,2912,买盘
1206,13:46:36,29.12,--,4,11648,买盘
1207,13:46:33,29.12,--,238,693056,卖盘
1208,13:46:30,29.12,-0.03,114,331968,卖盘
1209,13:46:27,29.15,--,16,46640,买盘
1210,13:46:24,29.15,--,94,274010,买盘
1211,13:46:21,29.15,0.01,53,154495,买盘
1212,13:46:18,29.14,-0.01,1,2914,中性盘
1213,13:46:15,29.15,--,11,32065,买盘
1214,13:46:12,29.15,0.02,39,113685,买盘
1215,13:46:09,29.13,-0.02,30,87390,卖盘
1216,13:46:06,29.15,--,183,533445,卖盘
1217,13:46:03,29.15,--,93,271095,卖盘
1218,13:46:00,29.15,--,80,233200,卖盘
1219,13:45:57,29.15,--,298,868670,卖盘
1220,13:45:54,29.15,--,25,72875,卖盘
1221,13:45:51,29.15,-0.01,15,43725,卖盘
1222,13:45:48,29.16,--,80,233280,卖盘
1223,13:45:45,29.16,--,220,641520,卖盘
1224,13:45:42,29.16,-0.02,143,416988,卖盘
1225,13:45:39,29.18,-0.01,42,122556,卖盘
1226,13:45:36,29.19,0.01,68,198492,买盘
1227,13:45:33,29.18,-0.02,13,37934,卖盘
1228,13:45:30,29.2,--,40,116800,买盘
1229,13:45:27,29.2,0.01,215,627800,买盘
1230,13:45:24,29.19,-0.01,123,359037,卖盘
1231,13:45:21,29.2,--,10,29200,买盘
1232,13:45:18,29.2,--,37,108040,买盘
1233,13:45:15,29.2,--,24,70080,买盘
1234,13:45:12,29.2,--,85,248200,卖盘
1235,13:45:06,29.2,-0.01,121,353320,卖盘
1236,13:45:03,29.21,0.01,20,58420,中性盘
1237,13:45:00,29.2,-0.01,507,1480440,卖盘
1238,13:44:57,29.21,-0.01,8,23368,卖盘
1239,13:44:54,29.22,-0.01,10,29220,中性盘
1240,13:44:51,29.23,0.03,50,146150,买盘
1241,13:44:45,29.2,--,35,102200,卖盘
1242,13:44:42,29.2,--,200,584000,卖盘
1243,13:44:39,29.2,-0.03,80,233600,卖盘
1244,13:44:36,29.23,0.02,10,29230,买盘
1245,13:44:33,29.21,--,13,37973,买盘
1246,13:44:30,29.21,--,32,93472,买盘
1247,13:44:27,29.21,-0.02,169,495343,卖盘
1248,13:44:24,29.23,--,4,11692,买盘
1249,13:44:21,29.23,0.01,12,35076,买盘
1250,13:44:18,29.22,-0.01,50,146100,卖盘
1251,13:44:15,29.23,--,52,151996,买盘
1252,13:44:12,29.23,--,11,32153,买盘
1253,13:44:09,29.23,--,1,2923,买盘
1254,13:44:06,29.23,--,1,2923,买盘
1255,13:44:03,29.23,--,27,78921,买盘
1256,13:44:00,29.23,-0.04,287,841590,卖盘
1257,13:43:57,29.27,-0.01,58,169766,卖盘
1258,13:43:54,29.28,--,21,61488,买盘
1259,13:43:51,29.28,--,5,14640,买盘
1260,13:43:45,29.28,0.01,96,281088,买盘
1261,13:43:42,29.27,-0.01,7,20489,卖盘
1262,13:43:39,29.28,0.01,13,38064,买盘
1263,13:43:36,29.27,--,39,115587,买盘
1264,13:43:33,29.27,--,9,26343,买盘
1265,13:43:30,29.27,--,8,23416,买盘
1266,13:43:27,29.27,-0.01,42,122934,卖盘
1267,13:43:24,29.28,--,88,257664,买盘
1268,13:43:21,29.28,--,48,140544,买盘
1269,13:43:18,29.28,--,14,40992,买盘
1270,13:43:15,29.28,--,20,58560,卖盘
1271,13:43:12,29.28,--,2,5856,买盘
1272,13:43:06,29.28,--,4,11712,买盘
1273,13:43:03,29.28,--,9,26352,买盘
1274,13:43:00,29.28,--,15,43920,买盘
1275,13:42:57,29.28,-0.01,175,512400,卖盘
1276,13:42:54,29.29,0.02,58,169882,买盘
1277,13:42:48,29.27,-0.01,19,55613,卖盘
1278,13:42:45,29.28,-0.01,37,109507,卖盘
1279,13:42:42,29.29,0.01,36,107201,买盘
1280,13:42:39,29.28,--,99,289872,卖盘
1281,13:42:36,29.28,-0.01,16,46848,卖盘
1282,13:42:33,29.29,--,52,152308,买盘
1283,13:42:30,29.29,0.01,4,11716,买盘
1284,13:42:27,29.28,-0.01,60,175680,卖盘
1285,13:42:24,29.29,0.01,5,14645,买盘
1286,13:42:21,29.28,--,14,40992,买盘
1287,13:42:18,29.28,--,42,122976,买盘
1288,13:42:15,29.28,--,2,5856,买盘
1289,13:42:12,29.28,0.02,4,11712,买盘
1290,13:42:09,29.26,--,1,2926,卖盘
1291,13:42:06,29.26,-0.02,10,29260,卖盘
1292,13:42:03,29.28,0.04,368,1077504,买盘
1293,13:41:57,29.24,--,62,181288,卖盘
1294,13:41:54,29.24,--,12,36813,买盘
1295,13:41:51,29.24,--,21,61404,买盘
1296,13:41:48,29.24,--,35,102340,买盘
1297,13:41:45,29.24,--,3,8772,买盘
1298,13:41:42,29.24,--,1,2924,买盘
1299,13:41:39,29.24,0.01,9,26316,买盘
1300,13:41:36,29.23,--,8,23384,买盘
1301,13:41:33,29.23,--,37,108151,买盘
1302,13:41:30,29.23,-0.01,172,502756,卖盘
1303,13:41:24,29.24,0.03,55,160820,买盘
1304,13:41:18,29.21,-0.01,150,438150,卖盘
1305,13:41:15,29.22,-0.01,11,32142,卖盘
1306,13:41:12,29.23,--,27,78921,买盘
1307,13:41:09,29.23,0.01,56,165207,买盘
1308,13:41:06,29.22,-0.01,8,23376,卖盘
1309,13:41:03,29.23,--,5,14615,买盘
1310,13:41:00,29.23,0.01,3,8769,买盘
1311,13:40:57,29.22,-0.01,29,84738,卖盘
1312,13:40:54,29.23,0.01,2,5846,买盘
1313,13:40:51,29.22,-0.01,1,2922,卖盘
1314,13:40:48,29.23,0.03,1,5553,买盘
1315,13:40:45,29.2,-0.02,370,1080400,卖盘
1316,13:40:42,29.22,--,23,67206,买盘
1317,13:40:39,29.22,--,7,20454,买盘
1318,13:40:36,29.22,--,139,406158,买盘
1319,13:40:33,29.22,--,31,90582,买盘
1320,13:40:30,29.22,-0.02,43,125646,卖盘
1321,13:40:27,29.24,--,116,339184,买盘
1322,13:40:24,29.24,--,24,70176,买盘
1323,13:40:21,29.24,0.04,7,20468,买盘
1324,13:40:18,29.2,-0.04,200,584000,卖盘
1325,13:40:15,29.24,--,33,96492,买盘
1326,13:40:12,29.24,--,22,64328,买盘
1327,13:40:09,29.24,-0.01,15,43860,中性盘
1328,13:40:06,29.25,--,1,2925,买盘
1329,13:40:03,29.25,--,61,178425,买盘
1330,13:40:00,29.25,--,13,38025,买盘
1331,13:39:54,29.25,--,11,32175,买盘
1332,13:39:51,29.25,--,13,38025,买盘
1333,13:39:48,29.25,--,90,263601,卖盘
1334,13:39:45,29.25,--,4,11700,卖盘
1335,13:39:42,29.25,--,22,66924,买盘
1336,13:39:39,29.25,0.05,167,488475,买盘
1337,13:39:36,29.2,--,244,712480,卖盘
1338,13:39:33,29.2,-0.04,15,43800,卖盘
1339,13:39:30,29.24,-0.01,60,175440,卖盘
1340,13:39:27,29.25,--,70,204750,买盘
1341,13:39:24,29.25,--,19,55575,买盘
1342,13:39:21,29.25,--,409,1196325,买盘
1343,13:39:18,29.25,--,23,67275,买盘
1344,13:39:15,29.25,--,25,73125,买盘
1345,13:39:12,29.25,--,124,362700,买盘
1346,13:39:09,29.25,-0.01,25,73125,卖盘
1347,13:39:06,29.26,0.01,4,11704,卖盘
1348,13:39:03,29.25,0.05,3,8775,卖盘
1349,13:39:00,29.2,--,113,331653,买盘
1350,13:38:57,29.2,-0.05,888,2594186,卖盘
1351,13:38:54,29.25,-0.01,10,29250,卖盘
1352,13:38:51,29.26,0.01,27,79002,中性盘
1353,13:38:48,29.25,--,36,106996,卖盘
1354,13:38:45,29.25,--,10,29250,卖盘
1355,13:38:42,29.25,--,27,78975,卖盘
1356,13:38:39,29.25,-0.04,13,38025,卖盘
1357,13:38:36,29.29,0.04,30,87870,买盘
1358,13:38:33,29.25,0.01,2,5850,卖盘
1359,13:38:30,29.24,--,24,70176,卖盘
1360,13:38:27,29.24,-0.01,3,8772,卖盘
1361,13:38:24,29.25,--,26,76050,买盘
1362,13:38:21,29.25,--,12,35100,买盘
1363,13:38:18,29.25,-0.05,299,874575,卖盘
1364,13:38:15,29.3,--,5,14650,买盘
1365,13:38:12,29.3,--,13,38090,买盘
1366,13:38:09,29.3,--,17,49810,买盘
1367,13:38:06,29.3,-0.02,860,2519800,卖盘
1368,13:38:03,29.32,-0.02,57,167124,卖盘
1369,13:38:00,29.34,--,14,41076,买盘
1370,13:37:57,29.34,--,21,61614,买盘
1371,13:37:54,29.34,--,324,950616,买盘
1372,13:37:51,29.34,0.01,24,70416,买盘
1373,13:37:48,29.33,-0.01,17,49861,卖盘
1374,13:37:45,29.34,0.01,275,806850,买盘
1375,13:37:42,29.33,--,23,67459,卖盘
1376,13:37:36,29.33,--,18,52794,卖盘
1377,13:37:33,29.33,-0.01,8,23464,卖盘
1378,13:37:30,29.34,0.01,3,8802,买盘
1379,13:37:27,29.33,-0.01,18,52794,卖盘
1380,13:37:24,29.34,--,14,41076,买盘
1381,13:37:21,29.34,--,1,2934,买盘
1382,13:37:18,29.34,--,22,64548,买盘
1383,13:37:15,29.34,--,34,99756,买盘
1384,13:37:12,29.34,-0.01,67,196578,卖盘
1385,13:37:09,29.35,0.01,15,44025,卖盘
1386,13:37:06,29.34,-0.01,120,352080,卖盘
1387,13:37:03,29.35,-0.01,8,23480,卖盘
1388,13:37:00,29.36,--,20,58720,买盘
1389,13:36:57,29.36,--,10,29360,买盘
1390,13:36:54,29.36,0.01,4,11744,买盘
1391,13:36:51,29.35,-0.01,88,258573,卖盘
1392,13:36:48,29.36,0.01,2,5872,中性盘
1393,13:36:45,29.35,-0.02,38,111530,卖盘
1394,13:36:42,29.37,--,5,14685,买盘
1395,13:36:39,29.37,0.01,10,29370,买盘
1396,13:36:36,29.36,--,1,2936,买盘
1397,13:36:33,29.36,0.01,14,41104,买盘
1398,13:36:30,29.35,-0.02,27,79245,卖盘
1399,13:36:27,29.37,--,1,2937,买盘
1400,13:36:24,29.37,--,22,64614,买盘
1401,13:36:21,29.37,--,76,223212,买盘
1402,13:36:18,29.37,--,178,522786,买盘
1403,13:36:12,29.37,--,10,29370,买盘
1404,13:36:09,29.37,--,2,5874,买盘
1405,13:36:06,29.37,-0.02,159,469714,卖盘
1406,13:36:03,29.39,-0.01,5,14695,中性盘
1407,13:35:57,29.4,--,5,14700,买盘
1408,13:35:51,29.4,0.03,1,2940,买盘
1409,13:35:48,29.37,0.01,33,97126,买盘
1410,13:35:45,29.36,-0.01,39,117146,卖盘
1411,13:35:42,29.37,--,4,11748,买盘
1412,13:35:39,29.37,--,14,41118,买盘
1413,13:35:36,29.37,--,10,29370,买盘
1414,13:35:33,29.37,--,8,23496,买盘
1415,13:35:30,29.37,0.01,10,29370,买盘
1416,13:35:27,29.36,-0.01,60,176160,卖盘
1417,13:35:24,29.37,--,38,111606,买盘
1418,13:35:21,29.37,--,131,384747,买盘
1419,13:35:18,29.37,--,1,2937,买盘
1420,13:35:15,29.37,--,45,132165,买盘
1421,13:35:12,29.37,-0.01,173,508101,卖盘
1422,13:35:09,29.38,-0.02,10,29380,卖盘
1423,13:35:06,29.4,--,10,29400,买盘
1424,13:35:03,29.4,--,9,26460,买盘
1425,13:35:00,29.4,--,6,17640,买盘
1426,13:34:57,29.4,--,206,605640,买盘
1427,13:34:54,29.4,-0.01,209,615224,卖盘
1428,13:34:51,29.41,--,37,108817,卖盘
1429,13:34:45,29.41,--,203,597023,卖盘
1430,13:34:42,29.41,--,8,23528,卖盘
1431,13:34:39,29.41,--,21,61761,卖盘
1432,13:34:33,29.41,--,3,8823,卖盘
1433,13:34:30,29.41,--,11,32351,卖盘
1434,13:34:27,29.41,--,51,149991,中性盘
1435,13:34:24,29.41,--,17,49997,买盘
1436,13:34:21,29.41,-0.01,12,35292,中性盘
1437,13:34:18,29.42,--,23,67666,买盘
1438,13:34:15,29.42,--,146,429532,买盘
1439,13:34:12,29.42,--,391,1152410,买盘
1440,13:34:09,29.42,0.01,22,64724,买盘
1441,13:34:06,29.41,-0.01,39,114699,卖盘
1442,13:34:03,29.42,0.01,10,29420,买盘
1443,13:34:00,29.41,--,19,55879,卖盘
1444,13:33:57,29.41,-0.01,39,114699,卖盘
1445,13:33:54,29.42,--,89,261838,买盘
1446,13:33:51,29.42,--,58,170724,买盘
1447,13:33:48,29.42,0.01,3,8826,买盘
1448,13:33:45,29.41,--,9,26469,卖盘
1449,13:33:42,29.41,-0.01,60,176460,卖盘
1450,13:33:39,29.42,0.01,23,67666,买盘
1451,13:33:33,29.41,--,3,8823,卖盘
1452,13:33:30,29.41,-0.01,1,2941,卖盘
1453,13:33:24,29.42,0.01,14,41188,买盘
1454,13:33:21,29.41,--,22,64702,买盘
1455,13:33:18,29.41,-0.01,26,76466,卖盘
1456,13:33:15,29.42,--,11,32362,买盘
1457,13:33:12,29.42,0.01,20,58840,买盘
1458,13:33:09,29.41,-0.01,3,8823,卖盘
1459,13:33:06,29.42,--,13,38246,买盘
1460,13:33:03,29.42,--,13,38246,买盘
1461,13:32:57,29.42,--,327,962034,卖盘
1462,13:32:54,29.42,--,8,23536,卖盘
1463,13:32:51,29.42,-0.01,6,17652,卖盘
1464,13:32:48,29.43,0.01,1,2943,买盘
1465,13:32:45,29.42,-0.01,14,41188,卖盘
1466,13:32:42,29.43,--,16,47088,买盘
1467,13:32:39,29.43,--,41,120663,买盘
1468,13:32:36,29.43,--,37,108891,卖盘
1469,13:32:33,29.43,-0.04,57,170458,卖盘
1470,13:32:27,29.47,0.02,20,58940,买盘
1471,13:32:24,29.45,-0.01,7,20615,卖盘
1472,13:32:21,29.46,0.01,13,38298,中性盘
1473,13:32:18,29.45,--,24,70680,卖盘
1474,13:32:15,29.45,-0.02,533,1569685,卖盘
1475,13:32:12,29.47,--,8,23576,买盘
1476,13:32:06,29.47,--,1,2947,买盘
1477,13:32:03,29.47,0.01,33,97251,买盘
1478,13:32:00,29.46,--,15,44190,卖盘
1479,13:31:57,29.46,--,26,76596,卖盘
1480,13:31:54,29.46,--,3,8838,卖盘
1481,13:31:51,29.46,-0.01,3,8838,卖盘
1482,13:31:48,29.47,--,2,8575,买盘
1483,13:31:45,29.47,0.01,3,8841,买盘
1484,13:31:42,29.46,--,67,197382,卖盘
1485,13:31:39,29.46,-0.01,103,303438,卖盘
1486,13:31:36,29.47,--,200,589400,卖盘
1487,13:31:33,29.47,--,114,335958,卖盘
1488,13:31:30,29.47,--,11,32417,卖盘
1489,13:31:27,29.47,-0.01,104,306488,卖盘
1490,13:31:24,29.48,-0.01,100,294800,中性盘
1491,13:31:21,29.49,0.01,30,88470,买盘
1492,13:31:18,29.48,--,154,453992,买盘
1493,13:31:15,29.48,--,4,11792,买盘
1494,13:31:12,29.48,--,45,133986,卖盘
1495,13:31:09,29.48,-0.01,100,294800,卖盘
1496,13:31:06,29.49,--,19,56031,卖盘
1497,13:31:03,29.49,--,6,17694,卖盘
1498,13:31:00,29.49,--,35,103215,卖盘
1499,13:30:57,29.49,-0.01,3,8847,卖盘
1500,13:30:54,29.5,0.01,107,317272,买盘
1501,13:30:51,29.49,0.01,13,38337,买盘
1502,13:30:48,29.48,-0.01,19,56012,卖盘
1503,13:30:45,29.49,--,8,23592,买盘
1504,13:30:42,29.49,--,14,41286,买盘
1505,13:30:39,29.49,--,3,8847,买盘
1506,13:30:36,29.49,-0.01,232,685613,卖盘
1507,13:30:33,29.5,--,18,53100,卖盘
1508,13:30:27,29.5,-0.01,14,41300,卖盘
1509,13:30:24,29.51,-0.02,13,38363,卖盘
1510,13:30:21,29.53,0.02,52,153556,买盘
1511,13:30:18,29.51,--,10,29510,卖盘
1512,13:30:15,29.51,0.01,7,20657,中性盘
1513,13:30:12,29.5,--,27,79650,卖盘
1514,13:30:09,29.5,-0.01,106,312700,卖盘
1515,13:30:06,29.51,0.01,71,211026,买盘
1516,13:30:03,29.5,--,77,227150,卖盘
1517,13:29:57,29.5,--,36,106200,卖盘
1518,13:29:54,29.5,-0.01,14,41300,卖盘
1519,13:29:51,29.51,0.01,51,150501,买盘
1520,13:29:48,29.5,-0.01,29,85550,卖盘
1521,13:29:45,29.51,--,1,2951,买盘
1522,13:29:42,29.51,0.01,4,11804,买盘
1523,13:29:39,29.5,-0.01,4,13098,卖盘
1524,13:29:36,29.51,-0.01,223,659725,卖盘
1525,13:29:33,29.52,-0.01,14,41328,卖盘
1526,13:29:30,29.53,--,21,62013,卖盘
1527,13:29:27,29.53,-0.02,10,29530,卖盘
1528,13:29:24,29.55,0.02,14,41370,买盘
1529,13:29:18,29.53,-0.02,13,38389,卖盘
1530,13:29:15,29.55,0.02,2,5910,中性盘
1531,13:29:12,29.53,--,55,162415,卖盘
1532,13:29:09,29.53,--,13,38389,卖盘
1533,13:29:03,29.53,--,10,29530,卖盘
1534,13:28:57,29.53,-0.02,14,41342,卖盘
1535,13:28:54,29.55,--,10,29550,卖盘
1536,13:28:51,29.55,--,17,50235,买盘
1537,13:28:48,29.55,0.02,14,41370,买盘
1538,13:28:45,29.53,0.01,3,8859,卖盘
1539,13:28:42,29.52,--,10,29520,卖盘
1540,13:28:39,29.52,-0.03,10,29520,卖盘
1541,13:28:36,29.55,0.02,2,5910,买盘
1542,13:28:33,29.53,0.01,16,47248,中性盘
1543,13:28:27,29.52,--,18,53136,卖盘
1544,13:28:24,29.52,-0.01,10,29520,卖盘
1545,13:28:21,29.53,0.01,3,8859,中性盘
1546,13:28:18,29.52,--,10,29520,卖盘
1547,13:28:12,29.52,--,14,41328,卖盘
1548,13:28:09,29.52,--,10,29520,卖盘
1549,13:28:03,29.52,--,13,38376,卖盘
1550,13:27:57,29.52,-0.04,10,29520,卖盘
1551,13:27:54,29.56,0.04,12,35472,买盘
1552,13:27:51,29.52,--,3,8856,卖盘
1553,13:27:48,29.52,--,10,29520,卖盘
1554,13:27:42,29.52,--,14,41328,卖盘
1555,13:27:39,29.52,-0.03,13,38376,卖盘
1556,13:27:36,29.55,0.02,5,14775,买盘
1557,13:27:33,29.53,0.01,16,47248,中性盘
1558,13:27:27,29.52,-0.01,28,82656,卖盘
1559,13:27:24,29.53,--,10,29530,卖盘
1560,13:27:21,29.53,0.01,3,8859,买盘
1561,13:27:18,29.52,--,13,38376,卖盘
1562,13:27:15,29.52,-0.01,13,38376,卖盘
1563,13:27:12,29.53,0.01,17,50201,买盘
1564,13:27:09,29.52,--,10,29520,卖盘
1565,13:27:06,29.52,0.02,4,11808,卖盘
1566,13:27:03,29.5,--,10,29500,卖盘
1567,13:27:00,29.5,--,13,38350,卖盘
1568,13:26:57,29.5,--,13,38350,卖盘
1569,13:26:54,29.5,--,210,619500,卖盘
1570,13:26:48,29.5,-0.02,10,29500,卖盘
1571,13:26:45,29.52,--,205,605160,买盘
1572,13:26:42,29.52,0.02,9,26568,卖盘
1573,13:26:39,29.5,-0.03,231,681450,卖盘
1574,13:26:36,29.53,0.01,16,47248,卖盘
1575,13:26:33,29.52,-0.01,215,634680,卖盘
1576,13:26:27,29.53,--,11,32483,卖盘
1577,13:26:24,29.53,--,10,29530,卖盘
1578,13:26:21,29.53,-0.03,3,8859,卖盘
1579,13:26:18,29.56,0.03,143,422708,买盘
1580,13:26:15,29.53,--,1,2953,买盘
1581,13:26:12,29.53,--,36,106308,买盘
1582,13:26:09,29.53,-0.02,85,251005,卖盘
1583,13:26:06,29.55,--,101,298455,买盘
1584,13:26:03,29.55,0.02,20,59100,买盘
1585,13:26:00,29.53,--,3,8859,卖盘
1586,13:25:57,29.53,--,10,29530,卖盘
1587,13:25:51,29.53,0.01,21,62013,中性盘
1588,13:25:48,29.52,--,13,38376,卖盘
1589,13:25:42,29.52,-0.01,10,29520,卖盘
1590,13:25:39,29.53,0.01,6,17718,中性盘
1591,13:25:36,29.52,-0.03,31,91512,卖盘
1592,13:25:33,29.55,0.03,14,41370,中性盘
1593,13:25:27,29.52,-0.04,3,8856,卖盘
1594,13:25:18,29.56,0.04,15,44340,买盘
1595,13:25:15,29.52,--,60,179334,买盘
1596,13:25:12,29.52,--,4,11808,买盘
1597,13:25:09,29.52,--,2,5904,买盘
1598,13:25:06,29.52,--,25,73800,买盘
1599,13:25:03,29.52,--,15,45018,卖盘
1600,13:25:00,29.52,-0.06,1,2952,卖盘
1601,13:24:57,29.58,0.02,10,29580,买盘
1602,13:24:54,29.56,--,7,20692,买盘
1603,13:24:48,29.56,-0.01,10,29560,卖盘
1604,13:24:45,29.57,0.05,1,2957,卖盘
1605,13:24:42,29.52,-0.05,504,1487808,卖盘
1606,13:24:36,29.57,--,7,20699,买盘
1607,13:24:33,29.57,0.02,27,79839,买盘
1608,13:24:30,29.55,-0.02,4,11820,卖盘
1609,13:24:24,29.57,0.02,4,11828,买盘
1610,13:24:21,29.55,-0.02,3,8865,卖盘
1611,13:24:15,29.57,--,16,47312,买盘
1612,13:24:12,29.57,0.02,4,11828,买盘
1613,13:24:09,29.55,-0.02,3,8865,卖盘
1614,13:24:06,29.57,0.02,2,5914,买盘
1615,13:24:03,29.55,-0.02,14,41370,卖盘
1616,13:24:00,29.57,-0.01,3,8871,卖盘
1617,13:23:48,29.58,0.01,6,17748,买盘
1618,13:23:45,29.57,--,8,23656,卖盘
1619,13:23:39,29.57,--,1,2957,卖盘
1620,13:23:36,29.57,--,6,17742,卖盘
1621,13:23:33,29.57,--,5,14785,卖盘
1622,13:23:27,29.57,0.01,12,35484,买盘
1623,13:23:24,29.56,0.01,4,11824,买盘
1624,13:23:18,29.55,-0.02,1,2955,卖盘
1625,13:23:15,29.57,0.01,20,59140,买盘
1626,13:23:12,29.56,--,3,11085,买盘
1627,13:23:09,29.56,-0.02,35,103460,卖盘
1628,13:23:06,29.58,0.02,2,5916,买盘
1629,13:23:03,29.56,-0.02,5,14780,卖盘
1630,13:23:00,29.58,0.02,2,5916,买盘
1631,13:22:57,29.56,--,3,8868,卖盘
1632,13:22:54,29.56,--,3,8868,卖盘
1633,13:22:51,29.56,--,1,2956,卖盘
1634,13:22:45,29.56,--,10,29560,卖盘
1635,13:22:42,29.56,--,3,8868,卖盘
1636,13:22:36,29.56,--,4,11824,卖盘
1637,13:22:30,29.56,-0.01,3,8868,卖盘
1638,13:22:27,29.57,0.01,3,8871,中性盘
1639,13:22:21,29.56,--,3,8868,卖盘
1640,13:22:09,29.56,--,4,11824,卖盘
1641,13:21:57,29.56,0.01,4,11824,中性盘
1642,13:21:51,29.55,-0.03,24,70920,卖盘
1643,13:21:48,29.58,0.02,5,14790,买盘
1644,13:21:45,29.56,--,42,124152,卖盘
1645,13:21:36,29.56,--,3,8868,卖盘
1646,13:21:30,29.56,--,6,17736,卖盘
1647,13:21:24,29.56,--,7,20692,卖盘
1648,13:21:15,29.56,-0.03,3,8868,卖盘
1649,13:21:12,29.59,--,4,11836,买盘
1650,13:21:03,29.59,-0.01,6,17754,买盘
1651,13:21:00,29.6,--,2,5920,卖盘
1652,13:20:54,29.6,0.04,8,23680,买盘
1653,13:20:51,29.56,-0.04,3,8868,中性盘
1654,13:20:42,29.6,0.05,7,20720,买盘
1655,13:20:36,29.55,-0.06,2,5910,卖盘
1656,13:20:33,29.61,0.06,4,11844,买盘
1657,13:20:30,29.55,-0.06,3,8865,卖盘
1658,13:20:24,29.61,0.01,9,26649,买盘
1659,13:20:21,29.6,0.05,2,5920,买盘
1660,13:20:18,29.55,-0.05,13,38415,卖盘
1661,13:20:12,29.6,0.05,4,11840,买盘
1662,13:20:09,29.55,-0.05,4,11820,卖盘
1663,13:20:03,29.6,-0.01,4,11840,买盘
1664,13:19:57,29.61,--,9,26649,卖盘
1665,13:19:54,29.61,-0.01,5,14805,中性盘
1666,13:19:51,29.62,0.07,100,296200,买盘
1667,13:19:45,29.55,-0.06,5,15040,卖盘
1668,13:19:42,29.61,--,3,11577,买盘
1669,13:19:39,29.61,--,36,106862,卖盘
1670,13:19:36,29.61,--,3,8883,卖盘
1671,13:19:27,29.61,0.06,13,41187,买盘
1672,13:19:24,29.55,-0.06,29,85695,卖盘
1673,13:19:21,29.61,0.03,10,29610,买盘
1674,13:19:15,29.58,0.03,1,2958,卖盘
1675,13:19:12,29.55,--,19,56145,买盘
1676,13:19:09,29.55,-0.05,85,251175,卖盘
1677,13:19:06,29.6,0.02,6,17760,买盘
1678,13:19:00,29.58,--,5,14790,卖盘
1679,13:18:57,29.58,--,7,20706,买盘
1680,13:18:54,29.58,0.02,10,29580,买盘
1681,13:18:51,29.56,0.01,3,8868,中性盘
1682,13:18:42,29.55,--,10,29550,卖盘
1683,13:18:39,29.55,--,4,11820,卖盘
1684,13:18:27,29.55,--,41,121155,买盘
1685,13:18:24,29.55,--,7,20685,买盘
1686,13:18:21,29.55,--,12,35460,买盘
1687,13:18:18,29.55,0.01,4,11820,买盘
1688,13:18:15,29.54,-0.01,10,29540,卖盘
1689,13:18:12,29.55,--,31,91605,买盘
1690,13:18:06,29.55,--,17,50235,买盘
1691,13:18:03,29.55,0.01,4,11820,买盘
1692,13:17:57,29.54,-0.01,42,124068,卖盘
1693,13:17:54,29.55,--,4,11820,买盘
1694,13:17:45,29.55,--,17,50235,买盘
1695,13:17:42,29.55,--,3,8865,买盘
1696,13:17:39,29.55,--,2,5910,买盘
1697,13:17:36,29.55,0.01,10,29550,买盘
1698,13:17:33,29.54,--,6,17724,卖盘
1699,13:17:24,29.54,-0.01,7,20678,卖盘
1700,13:17:15,29.55,0.01,35,103425,买盘
1701,13:17:12,29.54,0.01,3,8862,卖盘
1702,13:17:09,29.53,-0.01,10,29530,卖盘
1703,13:17:03,29.54,0.01,2,5908,中性盘
1704,13:17:00,29.53,-0.02,3,8859,卖盘
1705,13:16:57,29.55,0.01,5,14775,买盘
1706,13:16:54,29.54,0.01,68,200872,买盘
1707,13:16:51,29.53,--,33,97449,卖盘
1708,13:16:48,29.53,-0.01,5,14765,卖盘
1709,13:16:45,29.54,0.01,10,29540,买盘
1710,13:16:42,29.53,--,10,29530,卖盘
1711,13:16:39,29.53,-0.01,3,8859,卖盘
1712,13:16:33,29.54,0.01,4,11816,买盘
1713,13:16:27,29.53,-0.01,3,8859,卖盘
1714,13:16:24,29.54,0.01,4,11816,买盘
1715,13:16:21,29.53,-0.01,4,11812,中性盘
1716,13:16:18,29.54,0.01,6,17724,买盘
1717,13:16:15,29.53,-0.01,1,2953,卖盘
1718,13:16:12,29.54,0.02,56,165424,买盘
1719,13:16:09,29.52,-0.01,3,8856,卖盘
1720,13:16:06,29.53,--,4,11812,买盘
1721,13:16:03,29.53,--,4,11812,买盘
1722,13:15:57,29.53,--,30,88590,买盘
1723,13:15:54,29.53,--,9,26577,卖盘
1724,13:15:51,29.53,--,1,2953,卖盘
1725,13:15:48,29.53,--,6,17718,卖盘
1726,13:15:45,29.53,-0.01,3,8859,卖盘
1727,13:15:36,29.54,0.01,2,5908,买盘
1728,13:15:33,29.53,--,4,11812,卖盘
1729,13:15:30,29.53,--,10,29530,卖盘
1730,13:15:27,29.53,--,20,59060,卖盘
1731,13:15:24,29.53,--,14,41342,卖盘
1732,13:15:21,29.53,-0.01,5,14765,卖盘
1733,13:15:12,29.54,0.01,4,11816,买盘
1734,13:15:09,29.53,-0.02,5,14765,卖盘
1735,13:15:06,29.55,--,19,56145,买盘
1736,13:15:03,29.55,0.01,6,17730,买盘
1737,13:15:00,29.54,-0.01,13,38402,卖盘
1738,13:14:54,29.55,-0.03,32,94560,中性盘
1739,13:14:48,29.58,0.04,13,38454,买盘
1740,13:14:45,29.54,-0.01,40,118160,卖盘
1741,13:14:42,29.55,-0.03,2,5910,卖盘
1742,13:14:39,29.58,0.03,2,5916,买盘
1743,13:14:36,29.55,--,23,67965,买盘
1744,13:14:33,29.55,--,9,26595,中性盘
1745,13:14:30,29.55,--,5,14775,卖盘
1746,13:14:27,29.55,-0.02,4,11820,卖盘
1747,13:14:24,29.57,0.03,4,11828,买盘
1748,13:14:15,29.54,--,5,14770,卖盘
1749,13:14:12,29.54,--,54,159516,卖盘
1750,13:14:09,29.54,-0.02,36,106344,卖盘
1751,13:14:06,29.56,-0.01,1,2956,卖盘
1752,13:14:03,29.57,--,5,14785,买盘
1753,13:14:00,29.57,0.01,1,2957,买盘
1754,13:13:57,29.56,-0.01,3,8868,卖盘
1755,13:13:54,29.57,-0.01,4,11828,买盘
1756,13:13:51,29.58,0.04,1,2958,中性盘
1757,13:13:45,29.54,--,10,29540,卖盘
1758,13:13:42,29.54,--,50,147700,卖盘
1759,13:13:39,29.54,--,36,106344,卖盘
1760,13:13:33,29.54,--,18,53172,卖盘
1761,13:13:21,29.54,0.03,4,11816,卖盘
1762,13:13:12,29.51,-0.02,50,147550,卖盘
1763,13:13:09,29.53,--,35,103355,卖盘
1764,13:13:06,29.53,--,5,14765,卖盘
1765,13:13:03,29.53,--,47,138791,卖盘
1766,13:12:57,29.53,-0.01,3,8859,卖盘
1767,13:12:51,29.54,-0.02,2,5908,买盘
1768,13:12:48,29.56,0.03,4,11824,卖盘
1769,13:12:42,29.53,-0.05,50,147650,卖盘
1770,13:12:39,29.58,0.04,31,91698,买盘
1771,13:12:36,29.54,-0.02,3,8862,卖盘
1772,13:12:33,29.56,-0.01,6,17736,买盘
1773,13:12:27,29.57,--,1,2957,卖盘
1774,13:12:24,29.57,0.02,3,8871,中性盘
1775,13:12:21,29.55,-0.02,100,295500,卖盘
1776,13:12:18,29.57,0.01,33,97581,买盘
1777,13:12:15,29.56,0.01,8,23648,买盘
1778,13:12:12,29.55,-0.02,57,168435,卖盘
1779,13:12:09,29.57,0.02,31,91667,买盘
1780,13:12:03,29.55,-0.02,15,44325,卖盘
1781,13:12:00,29.57,0.01,7,20699,买盘
1782,13:11:57,29.56,--,10,29560,卖盘
1783,13:11:54,29.56,--,5,14780,卖盘
1784,13:11:51,29.56,--,3,8868,卖盘
1785,13:11:45,29.56,-0.01,10,29560,卖盘
1786,13:11:42,29.57,--,7,20699,买盘
1787,13:11:33,29.57,0.01,6,17742,买盘
1788,13:11:30,29.56,-0.02,5,14780,卖盘
1789,13:11:24,29.58,0.01,32,94656,买盘
1790,13:11:21,29.57,0.01,7,20699,买盘
1791,13:11:18,29.56,-0.02,56,165536,卖盘
1792,13:11:12,29.58,0.02,4,11832,买盘
1793,13:11:09,29.56,-0.02,61,180316,卖盘
1794,13:11:03,29.58,0.01,4,11832,买盘
1795,13:10:57,29.57,-0.01,6,17742,卖盘
1796,13:10:51,29.58,--,5,14790,买盘
1797,13:10:48,29.58,0.01,2,5916,买盘
1798,13:10:45,29.57,-0.01,9,26613,卖盘
1799,13:10:39,29.58,0.01,1,2958,买盘
1800,13:10:36,29.57,--,5,14785,卖盘
1801,13:10:33,29.57,--,8,23656,卖盘
1802,13:10:24,29.57,-0.01,5,14785,卖盘
1803,13:10:15,29.58,0.01,2,5916,买盘
1804,13:10:12,29.57,--,3,8871,卖盘
1805,13:10:03,29.57,--,5,14785,卖盘
1806,13:10:00,29.57,--,14,41398,卖盘
1807,13:09:54,29.57,--,52,153764,卖盘
1808,13:09:51,29.57,-0.01,3,8871,卖盘
1809,13:09:42,29.58,0.01,5,14790,买盘
1810,13:09:39,29.57,-0.01,3,8871,卖盘
1811,13:09:36,29.58,-0.01,92,272136,卖盘
1812,13:09:33,29.59,0.01,4,11836,买盘
1813,13:09:30,29.58,-0.02,12,35496,卖盘
1814,13:09:24,29.6,0.02,4,11840,买盘
1815,13:09:18,29.58,-0.02,3,8874,卖盘
1816,13:09:15,29.6,0.01,13,38480,买盘
1817,13:09:09,29.59,--,13,38467,卖盘
1818,13:09:06,29.59,--,3,8877,卖盘
1819,13:08:57,29.59,--,3,8877,卖盘
1820,13:08:54,29.59,0.01,7,20713,买盘
1821,13:08:51,29.58,--,5,14790,卖盘
1822,13:08:48,29.58,-0.01,10,29580,卖盘
1823,13:08:45,29.59,--,8,23672,买盘
1824,13:08:42,29.59,--,5,14795,买盘
1825,13:08:39,29.59,--,2,5918,买盘
1826,13:08:33,29.59,0.01,7,20713,买盘
1827,13:08:30,29.58,-0.01,10,29580,卖盘
1828,13:08:27,29.59,--,5,14795,买盘
1829,13:08:24,29.59,0.01,4,11836,买盘
1830,13:08:21,29.58,-0.01,27,79866,卖盘
1831,13:08:12,29.59,--,11,32549,买盘
1832,13:08:03,29.59,0.01,6,17754,买盘
1833,13:08:00,29.58,--,16,47328,卖盘
1834,13:07:48,29.58,--,18,53244,卖盘
1835,13:07:39,29.58,--,4,11832,卖盘
1836,13:07:33,29.58,--,3,8874,卖盘
1837,13:07:30,29.58,--,1,2958,卖盘
1838,13:07:27,29.58,-0.01,3,8874,卖盘
1839,13:07:24,29.59,0.01,5,14795,买盘
1840,13:07:15,29.58,0.01,3,8874,中性盘
1841,13:07:06,29.57,-0.01,8,23656,卖盘
1842,13:07:03,29.58,-0.01,4,11832,卖盘
1843,13:07:00,29.59,0.01,12,35508,买盘
1844,13:06:57,29.58,0.01,8,23664,买盘
1845,13:06:54,29.57,-0.02,7,20699,卖盘
1846,13:06:42,29.59,0.02,8,23672,买盘
1847,13:06:39,29.57,-0.02,42,124194,卖盘
1848,13:06:33,29.59,--,7,20713,买盘
1849,13:06:24,29.59,0.01,9,26631,买盘
1850,13:06:21,29.58,-0.03,7,20706,卖盘
1851,13:06:12,29.61,0.01,4,11844,买盘
1852,13:06:09,29.6,-0.01,12,35786,卖盘
1853,13:06:03,29.61,--,2,5922,卖盘
1854,13:06:00,29.61,--,4,11844,卖盘
1855,13:05:51,29.61,--,25,74025,卖盘
1856,13:05:48,29.61,--,3,8883,卖盘
1857,13:05:45,29.61,--,3,8883,卖盘
1858,13:05:33,29.61,0.01,2,5922,卖盘
1859,13:05:27,29.6,--,8,26373,买盘
1860,13:05:24,29.6,--,6,17760,买盘
1861,13:05:21,29.6,-0.01,15,44666,卖盘
1862,13:05:18,29.61,0.01,2,5922,买盘
1863,13:05:12,29.6,--,4,11840,卖盘
1864,13:05:09,29.6,--,1,2960,卖盘
1865,13:05:00,29.6,--,27,79920,卖盘
1866,13:04:57,29.6,--,10,29600,卖盘
1867,13:04:54,29.6,--,12,35520,卖盘
1868,13:04:48,29.6,--,3,8880,卖盘
1869,13:04:45,29.6,-0.01,8,23680,卖盘
1870,13:04:39,29.61,--,3,8883,卖盘
1871,13:04:36,29.61,--,16,47376,卖盘
1872,13:04:33,29.61,--,9,26649,卖盘
1873,13:04:27,29.61,--,3,8883,卖盘
1874,13:04:21,29.61,--,2,5922,卖盘
1875,13:04:15,29.61,--,7,20727,卖盘
1876,13:04:12,29.61,--,1,2961,卖盘
1877,13:04:03,29.61,0.01,6,17766,中性盘
1878,13:03:54,29.6,-0.02,32,94720,卖盘
1879,13:03:51,29.62,--,17,50354,买盘
1880,13:03:45,29.62,--,20,59240,买盘
1881,13:03:42,29.62,0.02,7,20734,买盘
1882,13:03:39,29.6,-0.02,33,97680,卖盘
1883,13:03:33,29.62,--,12,35544,卖盘
1884,13:03:21,29.62,--,3,8886,卖盘
1885,13:03:09,29.62,0.01,19,56278,买盘
1886,13:03:06,29.61,-0.01,2,5922,卖盘
1887,13:03:03,29.62,0.01,24,71088,买盘
1888,13:03:00,29.61,--,10,29610,卖盘
1889,13:02:57,29.61,-0.01,3,8883,卖盘
1890,13:02:54,29.62,0.01,6,17772,买盘
1891,13:02:48,29.61,-0.01,3,8883,卖盘
1892,13:02:42,29.62,--,4,11848,买盘
1893,13:02:39,29.62,--,76,225112,卖盘
1894,13:02:36,29.62,-0.04,3,8886,卖盘
1895,13:02:33,29.66,0.04,4,11864,买盘
1896,13:02:27,29.62,-0.04,46,136252,卖盘
1897,13:02:24,29.66,--,4,11864,买盘
1898,13:02:21,29.66,0.04,43,127538,买盘
1899,13:02:15,29.62,-0.04,3,8886,卖盘
1900,13:02:06,29.66,0.04,1,2966,买盘
1901,13:02:03,29.62,--,6,17772,卖盘
1902,13:01:51,29.62,--,3,8886,卖盘
1903,13:01:42,29.62,-0.04,4,11848,卖盘
1904,13:01:39,29.66,0.04,32,94912,买盘
1905,13:01:33,29.62,-0.02,2,5924,卖盘
1906,13:01:30,29.64,0.03,3,8892,中性盘
1907,13:01:18,29.61,-0.03,42,124362,卖盘
1908,13:01:09,29.64,0.02,3,8892,中性盘
1909,13:01:00,29.62,-0.03,10,29620,卖盘
1910,13:00:57,29.65,0.01,49,147953,买盘
1911,13:00:45,29.64,-0.01,4,11856,卖盘
1912,13:00:42,29.65,--,107,317551,卖盘
1913,13:00:36,29.65,-0.03,3,8895,卖盘
1914,13:00:33,29.68,0.02,5,14840,买盘
1915,13:00:30,29.66,--,2,5932,卖盘
1916,13:00:24,29.66,-0.02,7,20762,卖盘
1917,13:00:09,29.68,--,20,59360,买盘
1918,13:00:06,29.68,-0.02,31,92008,中性盘
1919,13:00:03,29.7,--,258,766260,卖盘
1920,13:00:00,29.7,--,0,0,卖盘
1921,11:30:00,29.7,--,0,0,卖盘
1922,11:29:57,29.7,-0.02,3,8910,中性盘
1923,11:29:54,29.72,0.04,5,14860,买盘
1924,11:29:51,29.68,-0.03,3,8904,卖盘
1925,11:29:48,29.71,0.01,298,888031,买盘
1926,11:29:45,29.7,--,4,11880,买盘
1927,11:29:42,29.7,0.02,3,8910,买盘
1928,11:29:39,29.68,-0.02,108,320544,卖盘
1929,11:29:33,29.7,0.02,4,11880,买盘
1930,11:29:30,29.68,-0.02,3,8904,卖盘
1931,11:29:24,29.7,--,4,11880,买盘
1932,11:29:18,29.7,--,71,211167,卖盘
1933,11:29:15,29.7,--,50,148500,卖盘
1934,11:29:06,29.7,--,47,139590,卖盘
1935,11:29:00,29.7,-0.01,100,297000,卖盘
1936,11:28:57,29.71,--,27,82890,卖盘
1937,11:28:54,29.71,0.01,2,5942,买盘
1938,11:28:48,29.7,--,50,148500,卖盘
1939,11:28:45,29.7,-0.01,3,8910,卖盘
1940,11:28:36,29.71,0.01,16,47536,买盘
1941,11:28:33,29.7,--,42,124740,买盘
1942,11:28:27,29.7,-0.01,200,594000,卖盘
1943,11:28:24,29.71,0.01,3,8913,中性盘
1944,11:28:18,29.7,-0.02,1,2970,卖盘
1945,11:28:12,29.72,0.01,8,23776,买盘
1946,11:28:09,29.71,-0.01,56,166376,中性盘
1947,11:28:03,29.72,0.02,19,56468,买盘
1948,11:27:57,29.7,--,5,14850,卖盘
1949,11:27:54,29.7,-0.01,26,77220,中性盘
1950,11:27:51,29.71,--,3,8913,中性盘
1951,11:27:45,29.71,--,2,5942,卖盘
1952,11:27:42,29.71,0.01,3,8913,买盘
1953,11:27:39,29.7,-0.01,3,8910,卖盘
1954,11:27:33,29.71,0.05,100,297100,买盘
1955,11:27:27,29.66,-0.04,24,73022,卖盘
1956,11:27:24,29.7,0.01,104,308880,买盘
1957,11:27:18,29.69,--,4,11876,买盘
1958,11:27:15,29.69,0.03,5,14845,买盘
1959,11:27:12,29.66,-0.03,2,5932,卖盘
1960,11:27:06,29.69,0.03,103,305807,买盘
1961,11:27:03,29.66,-0.03,5,14830,卖盘
1962,11:27:00,29.69,0.01,102,302838,买盘
1963,11:26:57,29.68,0.02,10,29680,买盘
1964,11:26:54,29.66,--,108,320328,卖盘
1965,11:26:45,29.66,-0.02,3,8898,卖盘
1966,11:26:42,29.68,--,4,11872,买盘
1967,11:26:33,29.68,--,7,20776,买盘
1968,11:26:30,29.68,-0.01,16,47488,卖盘
1969,11:26:24,29.69,0.01,3,8907,买盘
1970,11:26:21,29.68,-0.01,8,23744,卖盘
1971,11:26:15,29.69,--,1,2969,买盘
1972,11:26:12,29.69,--,7,20783,买盘
1973,11:26:09,29.69,--,7,22119,卖盘
1974,11:26:03,29.69,--,19,58043,卖盘
1975,11:26:00,29.69,--,5,14845,卖盘
1976,11:25:51,29.69,--,3,8907,卖盘
1977,11:25:42,29.69,0.01,15,44535,买盘
1978,11:25:39,29.68,-0.01,60,178080,卖盘
1979,11:25:36,29.69,0.01,10,29690,买盘
1980,11:25:27,29.68,--,6,17808,卖盘
1981,11:25:21,29.68,-0.01,16,47488,卖盘
1982,11:25:18,29.69,0.01,4,11876,中性盘
1983,11:25:15,29.68,-0.01,3,8904,卖盘
1984,11:25:12,29.69,-0.01,2,5938,中性盘
1985,11:25:06,29.7,0.01,13,38610,买盘
1986,11:25:03,29.69,--,10,29690,卖盘
1987,11:24:54,29.69,-0.01,16,47504,卖盘
1988,11:24:42,29.7,--,10,30828,卖盘
1989,11:24:39,29.7,--,4,11880,卖盘
1990,11:24:36,29.7,--,10,29700,卖盘
1991,11:24:33,29.7,--,3,8910,卖盘
1992,11:24:21,29.7,--,5,14850,卖盘
1993,11:24:18,29.7,--,3,8910,卖盘
1994,11:24:09,29.7,-0.01,4,11880,卖盘
1995,11:24:06,29.71,--,4,11884,买盘
1996,11:24:03,29.71,0.01,15,44565,买盘
1997,11:24:00,29.7,-0.01,3,8910,卖盘
1998,11:23:54,29.71,0.01,4,11884,买盘
1999,11:23:51,29.7,-0.01,11,32670,卖盘
2000,11:23:48,29.71,--,24,71304,卖盘
2001,11:23:45,29.71,-0.01,15,44565,卖盘
2002,11:23:42,29.72,0.01,300,891600,买盘
2003,11:23:36,29.71,--,12,35652,卖盘
2004,11:23:30,29.71,0.01,174,516954,买盘
2005,11:23:27,29.7,-0.01,5,14850,卖盘
2006,11:23:24,29.71,0.01,200,594200,买盘
2007,11:23:18,29.7,--,14,43421,买盘
2008,11:23:15,29.7,--,200,594000,买盘
2009,11:23:06,29.7,0.04,207,614790,买盘
2010,11:23:03,29.66,-0.01,13,38558,买盘
2011,11:23:00,29.67,-0.03,15,44505,卖盘
2012,11:22:57,29.7,0.01,208,617760,买盘
2013,11:22:51,29.69,0.03,200,593800,买盘
2014,11:22:42,29.66,--,210,622860,卖盘
2015,11:22:36,29.66,-0.01,7,20762,卖盘
2016,11:22:30,29.67,0.01,2,5934,买盘
2017,11:22:24,29.66,--,3,8898,卖盘
2018,11:22:21,29.66,--,2,5932,卖盘
2019,11:22:12,29.66,--,1,2966,卖盘
2020,11:22:03,29.66,--,22,65252,卖盘
2021,11:22:00,29.66,--,3,8898,卖盘
2022,11:21:57,29.66,--,3,8898,卖盘
2023,11:21:54,29.66,--,1,2966,卖盘
2024,11:21:51,29.66,-0.01,1,2966,卖盘
2025,11:21:48,29.67,0.01,4,11868,买盘
2026,11:21:45,29.66,--,10,29660,卖盘
2027,11:21:39,29.66,-0.01,1,2966,卖盘
2028,11:21:36,29.67,0.01,4,11868,买盘
2029,11:21:30,29.66,--,1,2966,卖盘
2030,11:21:24,29.66,--,3,8898,卖盘
2031,11:21:15,29.66,--,4,11864,卖盘
2032,11:21:09,29.66,--,1,2966,卖盘
2033,11:21:03,29.66,--,3,8898,卖盘
2034,11:20:57,29.66,-0.02,2,5932,卖盘
2035,11:20:54,29.68,--,7,20776,买盘
2036,11:20:42,29.68,0.02,13,38584,买盘
2037,11:20:36,29.66,-0.02,6,17796,卖盘
2038,11:20:33,29.68,0.02,4,11872,买盘
2039,11:20:30,29.66,-0.02,9,26694,卖盘
2040,11:20:24,29.68,0.02,4,11872,买盘
2041,11:20:21,29.66,-0.02,9,26694,卖盘
2042,11:20:18,29.68,--,6,17808,买盘
2043,11:20:15,29.68,0.02,20,59360,买盘
2044,11:20:12,29.66,--,1,2966,卖盘
2045,11:20:09,29.66,--,2,5932,卖盘
2046,11:20:03,29.66,--,6,17796,卖盘
2047,11:19:57,29.66,--,4,11864,卖盘
2048,11:19:48,29.66,--,3,8898,卖盘
2049,11:19:39,29.66,--,10,29660,卖盘
2050,11:19:36,29.66,--,3,8898,卖盘
2051,11:19:30,29.66,--,5,14830,卖盘
2052,11:19:27,29.66,--,4,11864,卖盘
2053,11:19:24,29.66,--,3,8898,卖盘
2054,11:19:15,29.66,--,3,8898,卖盘
2055,11:19:03,29.66,-0.03,3,8898,卖盘
2056,11:19:00,29.69,0.03,10,29690,买盘
2057,11:18:51,29.66,--,4,11864,卖盘
2058,11:18:42,29.66,--,2,5932,卖盘
2059,11:18:33,29.66,--,13,38558,卖盘
2060,11:18:30,29.66,-0.04,14,41524,卖盘
2061,11:18:24,29.7,0.04,4,11880,买盘
2062,11:18:18,29.66,-0.04,3,8898,卖盘
2063,11:18:12,29.7,0.04,4,11880,买盘
2064,11:18:06,29.66,-0.04,8,23728,卖盘
2065,11:18:03,29.7,--,5,14850,卖盘
2066,11:17:57,29.7,--,9,26730,卖盘
2067,11:17:54,29.7,--,1,2970,卖盘
2068,11:17:51,29.7,0.04,15,44550,买盘
2069,11:17:45,29.66,-0.03,9,26694,卖盘
2070,11:17:36,29.69,--,3,8907,卖盘
2071,11:17:24,29.69,0.03,3,8907,中性盘
2072,11:17:21,29.66,-0.03,18,53388,卖盘
2073,11:17:18,29.69,--,10,29690,卖盘
2074,11:17:12,29.69,-0.01,104,308776,卖盘
2075,11:17:09,29.7,--,3,8910,买盘
2076,11:17:03,29.7,0.01,37,109890,买盘
2077,11:17:00,29.69,--,8,23752,卖盘
2078,11:16:54,29.69,--,30,89070,卖盘
2079,11:16:51,29.69,--,6,17814,卖盘
2080,11:16:39,29.69,0.03,23,68287,买盘
2081,11:16:33,29.66,0.01,3,8898,卖盘
2082,11:16:27,29.65,-0.05,4,11860,卖盘
2083,11:16:24,29.7,--,10,29700,买盘
2084,11:16:15,29.7,--,14,41580,买盘
2085,11:16:12,29.7,--,4,11880,买盘
2086,11:16:06,29.7,0.04,4,11880,买盘
2087,11:16:00,29.66,-0.04,5,14830,中性盘
2088,11:15:54,29.7,0.05,4,11880,买盘
2089,11:15:51,29.65,-0.05,4,11860,卖盘
2090,11:15:45,29.7,--,6,17820,买盘
2091,11:15:42,29.7,0.05,4,11880,买盘
2092,11:15:39,29.65,-0.05,3,8895,卖盘
2093,11:15:36,29.7,--,76,225720,卖盘
2094,11:15:30,29.7,-0.02,3,8910,卖盘
2095,11:15:27,29.72,0.02,3,8916,买盘
2096,11:15:21,29.7,-0.02,1,2970,卖盘
2097,11:15:18,29.72,0.02,8,23776,买盘
2098,11:15:15,29.7,-0.02,38,112860,卖盘
2099,11:15:12,29.72,0.02,4,11888,买盘
2100,11:15:06,29.7,-0.02,19,56430,卖盘
2101,11:15:03,29.72,--,20,59440,卖盘
2102,11:15:00,29.72,--,2,5944,卖盘
2103,11:14:57,29.72,-0.01,8,23776,卖盘
2104,11:14:54,29.73,0.01,3,8919,买盘
2105,11:14:51,29.72,-0.01,16,47552,卖盘
2106,11:14:48,29.73,0.01,5,14865,买盘
2107,11:14:45,29.72,--,8,23776,中性盘
2108,11:14:42,29.72,0.02,28,83216,买盘
2109,11:14:39,29.7,-0.02,20,59400,卖盘
2110,11:14:36,29.72,--,3,8916,买盘
2111,11:14:33,29.72,--,18,53496,卖盘
2112,11:14:24,29.72,0.02,129,383388,买盘
2113,11:14:21,29.7,--,8,23760,卖盘
2114,11:14:15,29.7,0.07,509,1511730,买盘
2115,11:14:12,29.63,0.01,3,8889,中性盘
2116,11:14:00,29.62,-0.01,4,11848,卖盘
2117,11:13:51,29.63,0.01,3,8889,卖盘
2118,11:13:39,29.62,-0.05,3,8886,卖盘
2119,11:13:33,29.67,0.05,7,20769,买盘
2120,11:13:27,29.62,-0.05,4,11848,卖盘
2121,11:13:24,29.67,--,10,29670,买盘
2122,11:13:21,29.67,0.05,33,97911,买盘
2123,11:13:18,29.62,-0.05,3,8886,卖盘
2124,11:13:12,29.67,0.05,5,14835,买盘
2125,11:13:06,29.62,-0.05,3,8886,卖盘
2126,11:13:03,29.67,--,8,23736,买盘
2127,11:12:54,29.67,-0.01,8,23736,卖盘
2128,11:12:45,29.68,--,7,20776,买盘
2129,11:12:42,29.68,--,1,2968,买盘
2130,11:12:36,29.68,0.01,25,74200,买盘
2131,11:12:33,29.67,--,20,59340,卖盘
2132,11:12:21,29.67,-0.01,3,8901,卖盘
2133,11:12:18,29.68,0.07,3,8904,买盘
2134,11:12:15,29.61,-0.07,4,11844,卖盘
2135,11:12:12,29.68,--,5,14840,买盘
2136,11:12:03,29.68,0.07,27,80136,买盘
2137,11:12:00,29.61,--,4,11844,卖盘
2138,11:11:57,29.61,-0.07,100,296100,卖盘
2139,11:11:54,29.68,0.01,2,5936,买盘
2140,11:11:51,29.67,--,1,2967,卖盘
2141,11:11:48,29.67,-0.01,3,8901,卖盘
2142,11:11:45,29.68,0.01,4,11872,买盘
2143,11:11:42,29.67,--,9,26703,卖盘
2144,11:11:39,29.67,0.01,18,53406,买盘
2145,11:11:36,29.66,-0.01,15,44490,卖盘
2146,11:11:30,29.67,0.01,16,47472,买盘
2147,11:11:27,29.66,--,3,8898,卖盘
2148,11:11:24,29.66,--,3,8898,卖盘
2149,11:11:21,29.66,0.06,219,649554,买盘
2150,11:11:15,29.6,-0.03,3,8880,卖盘
2151,11:11:12,29.63,-0.01,1,2963,卖盘
2152,11:11:06,29.64,0.04,3,8892,买盘
2153,11:11:03,29.6,-0.01,6,17760,卖盘
2154,11:11:00,29.61,--,14,41454,卖盘
2155,11:10:54,29.61,-0.02,7,20727,卖盘
2156,11:10:42,29.63,0.02,7,20741,买盘
2157,11:10:39,29.61,-0.03,1,2961,卖盘
2158,11:10:36,29.64,--,3,8892,买盘
2159,11:10:33,29.64,0.03,4,11856,买盘
2160,11:10:30,29.61,-0.03,23,68103,卖盘
2161,11:10:21,29.64,--,3,8892,卖盘
2162,11:10:18,29.64,--,1,2964,买盘
2163,11:10:12,29.64,0.03,4,11856,买盘
2164,11:10:09,29.61,-0.03,3,8883,卖盘
2165,11:10:06,29.64,--,1,2964,买盘
2166,11:10:03,29.64,--,4,11856,买盘
2167,11:10:00,29.64,0.03,6,17784,买盘
2168,11:09:57,29.61,-0.04,4,11844,卖盘
2169,11:09:54,29.65,0.01,51,151215,买盘
2170,11:09:48,29.64,0.03,4,11856,中性盘
2171,11:09:36,29.61,-0.03,3,8883,卖盘
2172,11:09:33,29.64,0.03,2,5957,买盘
2173,11:09:24,29.61,-0.03,8,23688,卖盘
2174,11:09:15,29.64,--,6,17784,买盘
2175,11:09:12,29.64,0.02,9,26676,买盘
2176,11:09:09,29.62,-0.02,45,136222,卖盘
2177,11:09:06,29.64,--,1,2964,卖盘
2178,11:09:03,29.64,--,4,11856,卖盘
2179,11:09:00,29.64,--,1,2964,卖盘
2180,11:08:54,29.64,-0.01,3,8892,卖盘
2181,11:08:51,29.65,0.01,3,8895,买盘
2182,11:08:45,29.64,0.02,8,23712,买盘
2183,11:08:42,29.62,--,3,8886,卖盘
2184,11:08:39,29.62,--,5,14810,卖盘
2185,11:08:30,29.62,--,3,8886,卖盘
2186,11:08:21,29.62,--,1,2962,卖盘
2187,11:08:18,29.62,-0.03,20,59240,卖盘
2188,11:08:12,29.65,0.03,4,11860,买盘
2189,11:08:09,29.62,--,3,8886,卖盘
2190,11:08:06,29.62,-0.03,25,74050,卖盘
2191,11:08:03,29.65,0.02,4,11860,买盘
2192,11:08:00,29.63,--,12,35556,卖盘
2193,11:07:57,29.63,-0.02,9,26667,卖盘
2194,11:07:51,29.65,0.02,3,8895,买盘
2195,11:07:45,29.63,-0.01,3,8889,卖盘
2196,11:07:42,29.64,--,4,11856,中性盘
2197,11:07:36,29.64,-0.01,3,8892,卖盘
2198,11:07:33,29.65,0.01,2,5930,买盘
2199,11:07:30,29.64,--,2,5928,卖盘
2200,11:07:24,29.64,0.01,10,29640,中性盘
2201,11:07:18,29.63,-0.02,5,14815,卖盘
2202,11:07:12,29.65,--,13,38545,买盘
2203,11:07:09,29.65,--,1,2965,买盘
2204,11:07:06,29.65,--,27,80055,卖盘
2205,11:07:03,29.65,--,9,26685,卖盘
2206,11:06:54,29.65,-0.01,13,38545,卖盘
2207,11:06:51,29.66,--,16,47456,买盘
2208,11:06:48,29.66,0.01,10,29660,买盘
2209,11:06:42,29.65,-0.01,3,8895,卖盘
2210,11:06:36,29.66,0.01,32,94912,买盘
2211,11:06:33,29.65,--,4,11860,卖盘
2212,11:06:30,29.65,--,4,11860,卖盘
2213,11:06:27,29.65,--,21,62265,买盘
2214,11:06:24,29.65,0.01,26,77090,买盘
2215,11:06:18,29.64,-0.01,3,8892,卖盘
2216,11:06:15,29.65,0.01,3,8895,买盘
2217,11:06:09,29.64,--,9,26676,买盘
2218,11:06:03,29.64,0.01,4,11856,买盘
2219,11:05:57,29.63,-0.01,3,8889,卖盘
2220,11:05:54,29.64,0.02,6,17784,买盘
2221,11:05:48,29.62,--,8,23696,卖盘
2222,11:05:45,29.62,-0.02,4,11848,卖盘
2223,11:05:42,29.64,0.02,8,23712,买盘
2224,11:05:39,29.62,--,5,14810,卖盘
2225,11:05:33,29.62,--,7,20734,卖盘
2226,11:05:24,29.62,--,3,8886,卖盘
2227,11:05:18,29.62,-0.02,5,14810,卖盘
2228,11:05:15,29.64,0.02,7,20748,买盘
2229,11:05:12,29.62,--,8,23696,卖盘
2230,11:05:09,29.62,0.02,103,305115,买盘
2231,11:05:00,29.6,-0.02,5,14800,卖盘
2232,11:04:57,29.62,0.01,4,11848,买盘
2233,11:04:51,29.61,0.01,3,8883,中性盘
2234,11:04:42,29.6,--,2,7607,卖盘
2235,11:04:39,29.6,-0.01,3,8880,卖盘
2236,11:04:36,29.61,--,1,2961,卖盘
2237,11:04:33,29.61,0.01,6,17766,买盘
2238,11:04:30,29.6,--,10,29600,卖盘
2239,11:04:27,29.6,-0.01,12,35520,卖盘
2240,11:04:24,29.61,--,4,11844,买盘
2241,11:04:18,29.61,--,57,168777,买盘
2242,11:04:12,29.61,0.01,25,74025,买盘
2243,11:04:09,29.6,--,2,5920,卖盘
2244,11:04:06,29.6,--,4,11840,卖盘
2245,11:04:03,29.6,-0.01,4,11840,卖盘
2246,11:03:57,29.61,--,3,8883,买盘
2247,11:03:54,29.61,-0.01,4,11844,中性盘
2248,11:03:48,29.62,0.02,5,14810,买盘
2249,11:03:45,29.6,--,4,11840,卖盘
2250,11:03:42,29.6,-0.01,50,148000,卖盘
2251,11:03:36,29.61,0.01,6,17766,买盘
2252,11:03:33,29.6,-0.01,12,35520,卖盘
2253,11:03:30,29.61,--,70,207270,卖盘
2254,11:03:27,29.61,--,2,5922,卖盘
2255,11:03:21,29.61,--,4,11844,卖盘
2256,11:03:12,29.61,-0.01,9,26649,卖盘
2257,11:03:09,29.62,--,3,8886,买盘
2258,11:03:03,29.62,0.01,11,32582,买盘
2259,11:03:00,29.61,-0.01,5,14805,中性盘
2260,11:02:54,29.62,0.02,7,20734,买盘
2261,11:02:48,29.6,-0.01,3,8880,卖盘
2262,11:02:45,29.61,-0.01,2,5922,卖盘
2263,11:02:42,29.62,--,8,23696,买盘
2264,11:02:39,29.62,--,4,11848,买盘
2265,11:02:30,29.62,0.02,7,20734,买盘
2266,11:02:24,29.6,-0.01,75,222000,中性盘
2267,11:02:12,29.61,-0.01,4,11844,中性盘
2268,11:02:03,29.62,--,5,14810,买盘
2269,11:01:54,29.62,--,4,11848,买盘
2270,11:01:48,29.62,--,1,2962,买盘
2271,11:01:42,29.62,--,7,20734,买盘
2272,11:01:39,29.62,--,3,11818,卖盘
2273,11:01:33,29.62,--,15,44430,卖盘
2274,11:01:30,29.62,--,0,29,买盘
2275,11:01:27,29.62,-0.02,1,5894,卖盘
2276,11:01:24,29.64,-0.01,8,23712,中性盘
2277,11:01:12,29.65,--,4,11860,买盘
2278,11:01:06,29.65,0.03,9,26685,买盘
2279,11:01:00,29.62,--,5,14810,卖盘
2280,11:00:57,29.62,0.03,96,284381,买盘
2281,11:00:54,29.59,0.01,5,14795,中性盘
2282,11:00:51,29.58,-0.01,20,59160,卖盘
2283,11:00:48,29.59,-0.02,21,62139,卖盘
2284,11:00:42,29.61,--,6,17766,买盘
2285,11:00:36,29.61,-0.01,14,41454,卖盘
2286,11:00:33,29.62,0.01,4,11848,买盘
2287,11:00:30,29.61,-0.01,6,17766,卖盘
2288,11:00:18,29.62,0.01,3,8886,中性盘
2289,11:00:09,29.61,--,3,8883,卖盘
2290,11:00:06,29.61,--,10,29610,卖盘
2291,10:59:57,29.61,--,1,2961,买盘
2292,10:59:51,29.61,0.01,16,47376,买盘
2293,10:59:48,29.6,--,8,23680,买盘
2294,10:59:45,29.6,-0.04,90,266400,卖盘
2295,10:59:42,29.64,-0.01,4,11856,买盘
2296,10:59:33,29.65,0.04,4,11860,买盘
2297,10:59:30,29.61,-0.04,5,14805,卖盘
2298,10:59:24,29.65,--,7,20755,买盘
2299,10:59:21,29.65,-0.01,1,2965,买盘
2300,10:59:12,29.66,--,4,11864,买盘
2301,10:59:00,29.66,0.06,3,8898,中性盘
2302,10:58:57,29.6,--,15,44400,卖盘
2303,10:58:54,29.6,-0.07,6,17760,卖盘
2304,10:58:48,29.67,0.07,2,5934,买盘
2305,10:58:45,29.6,-0.07,3,8880,卖盘
2306,10:58:42,29.67,--,4,11868,买盘
2307,10:58:39,29.67,--,17,50439,买盘
2308,10:58:33,29.67,-0.02,128,381140,卖盘
2309,10:58:30,29.69,0.02,78,231582,买盘
2310,10:58:27,29.67,-0.02,35,103845,卖盘
2311,10:58:24,29.69,0.02,23,68287,买盘
2312,10:58:21,29.67,-0.01,9,26703,卖盘
2313,10:58:18,29.68,0.01,2,5936,买盘
2314,10:58:15,29.67,--,200,593400,卖盘
2315,10:58:12,29.67,--,30,89010,卖盘
2316,10:58:09,29.67,--,30,89010,卖盘
2317,10:58:06,29.67,-0.02,41,121647,卖盘
2318,10:58:03,29.69,--,4,11876,买盘
2319,10:58:00,29.69,0.02,4,11876,买盘
2320,10:57:57,29.67,--,103,305601,卖盘
2321,10:57:54,29.67,--,204,605268,卖盘
2322,10:57:51,29.67,-0.03,25,74175,卖盘
2323,10:57:42,29.7,0.03,10,29700,买盘
2324,10:57:36,29.67,--,6,17802,卖盘
2325,10:57:33,29.67,--,12,35604,卖盘
2326,10:57:21,29.67,-0.04,3,8901,卖盘
2327,10:57:18,29.71,0.03,5,14855,买盘
2328,10:57:12,29.68,0.01,7,20776,中性盘
2329,10:57:09,29.67,-0.04,6,17802,卖盘
2330,10:57:06,29.71,-0.01,6,17826,卖盘
2331,10:57:03,29.72,0.04,11,32692,买盘
2332,10:57:00,29.68,0.01,7,20776,卖盘
2333,10:56:57,29.67,-0.04,28,83076,卖盘
2334,10:56:51,29.71,0.04,17,50507,买盘
2335,10:56:45,29.67,-0.01,19,56373,卖盘
2336,10:56:42,29.68,-0.02,11,32648,卖盘
2337,10:56:39,29.7,0.02,393,1167210,买盘
2338,10:56:36,29.68,--,36,106848,买盘
2339,10:56:33,29.68,0.01,6,17808,中性盘
2340,10:56:27,29.67,-0.02,29,86043,卖盘
2341,10:56:24,29.69,0.01,4,11876,买盘
2342,10:56:18,29.68,-0.01,6,17808,中性盘
2343,10:56:15,29.69,--,4,11876,买盘
2344,10:56:12,29.69,--,45,133605,卖盘
2345,10:56:09,29.69,0.02,10,29690,买盘
2346,10:56:06,29.67,-0.02,26,77142,卖盘
2347,10:56:03,29.69,--,24,71256,买盘
2348,10:56:00,29.69,0.02,3,8907,买盘
2349,10:55:57,29.67,-0.01,100,296700,卖盘
2350,10:55:54,29.68,-0.02,11,32648,卖盘
2351,10:55:51,29.7,0.02,32,95040,买盘
2352,10:55:45,29.68,0.01,84,250914,买盘
2353,10:55:36,29.67,--,10,29670,卖盘
2354,10:55:33,29.67,-0.01,3,8901,卖盘
2355,10:55:30,29.68,0.01,9,26712,买盘
2356,10:55:21,29.67,0.03,133,394611,买盘
2357,10:55:15,29.64,0.04,3,8892,买盘
2358,10:55:09,29.6,--,3,8880,卖盘
2359,10:55:06,29.6,--,6,17760,卖盘
2360,10:55:00,29.6,--,4,11840,卖盘
2361,10:54:57,29.6,0.01,2,5920,中性盘
2362,10:54:48,29.59,-0.05,2,5918,卖盘
2363,10:54:45,29.64,0.04,1,2964,买盘
2364,10:54:42,29.6,--,4,11840,买盘
2365,10:54:39,29.6,-0.02,4,11840,中性盘
2366,10:54:30,29.62,0.03,5,14810,买盘
2367,10:54:27,29.59,-0.01,3,8877,卖盘
2368,10:54:24,29.6,--,4,11840,买盘
2369,10:54:21,29.6,-0.05,49,145040,卖盘
2370,10:54:15,29.65,0.01,9,26685,买盘
2371,10:54:12,29.64,--,60,177840,中性盘
2372,10:54:06,29.64,--,53,157092,卖盘
2373,10:54:03,29.64,--,6,17784,卖盘
2374,10:53:54,29.64,--,8,23712,卖盘
2375,10:53:48,29.64,0.03,1,2964,买盘
2376,10:53:45,29.61,--,6,17766,买盘
2377,10:53:42,29.61,--,11,32571,买盘
2378,10:53:39,29.61,-0.03,7,20727,卖盘
2379,10:53:36,29.64,--,10,29640,买盘
2380,10:53:33,29.64,0.03,16,47424,买盘
2381,10:53:30,29.61,-0.03,4,11844,卖盘
2382,10:53:27,29.64,0.04,4,11856,买盘
2383,10:53:21,29.6,-0.01,3,8880,卖盘
2384,10:53:18,29.61,0.01,50,148050,买盘
2385,10:53:15,29.6,-0.01,4,11840,卖盘
2386,10:53:12,29.61,0.01,4,11844,买盘
2387,10:53:09,29.6,-0.01,3,8880,卖盘
2388,10:53:06,29.61,--,29,85869,买盘
2389,10:53:03,29.61,--,4,11844,买盘
2390,10:53:00,29.61,--,24,71064,卖盘
2391,10:52:57,29.61,--,4,11844,卖盘
2392,10:52:48,29.61,--,4,11844,卖盘
2393,10:52:39,29.61,--,3,8883,卖盘
2394,10:52:36,29.61,--,18,53298,卖盘
2395,10:52:33,29.61,--,1,2961,卖盘
2396,10:52:27,29.61,--,3,8883,卖盘
2397,10:52:15,29.61,-0.04,3,8883,卖盘
2398,10:52:12,29.65,--,3,8895,买盘
2399,10:52:09,29.65,0.04,3,8895,买盘
2400,10:52:03,29.61,-0.03,8,23688,卖盘
2401,10:51:54,29.64,0.03,4,11856,买盘
2402,10:51:51,29.61,-0.04,5,17469,卖盘
2403,10:51:42,29.65,--,7,20755,买盘
2404,10:51:33,29.65,--,4,11860,买盘
2405,10:51:30,29.65,--,5,14825,卖盘
2406,10:51:18,29.65,--,2,5930,卖盘
2407,10:51:12,29.65,0.01,5,14825,买盘
2408,10:51:09,29.64,-0.01,4,11856,卖盘
2409,10:51:03,29.65,0.01,12,35876,买盘
2410,10:51:00,29.64,--,27,82695,卖盘
2411,10:50:57,29.64,-0.01,3,8892,卖盘
2412,10:50:54,29.65,0.01,5,14825,买盘
2413,10:50:45,29.64,-0.01,3,8892,卖盘
2414,10:50:42,29.65,0.01,7,20755,买盘
2415,10:50:36,29.64,0.04,99,293732,买盘
2416,10:50:24,29.6,--,20,59200,卖盘
2417,10:50:18,29.6,--,1,2960,卖盘
2418,10:50:15,29.6,0.01,3,8880,卖盘
2419,10:50:03,29.59,-0.01,5,14795,卖盘
2420,10:50:00,29.6,0.01,1,2960,中性盘
2421,10:49:54,29.59,--,6,17754,卖盘
2422,10:49:51,29.59,--,8,23672,卖盘
2423,10:49:39,29.59,--,38,113536,买盘
2424,10:49:33,29.59,--,7,20713,买盘
2425,10:49:30,29.59,--,13,38467,买盘
2426,10:49:27,29.59,0.01,10,29590,买盘
2427,10:49:24,29.58,-0.01,18,53244,卖盘
2428,10:49:21,29.59,-0.01,18,55126,卖盘
2429,10:49:18,29.6,--,9,27735,买盘
2430,10:49:15,29.6,0.01,17,50320,买盘
2431,10:49:12,29.59,-0.01,10,29590,卖盘
2432,10:49:09,29.6,0.01,5,14800,买盘
2433,10:49:06,29.59,--,3,8877,卖盘
2434,10:48:57,29.59,--,4,11836,卖盘
2435,10:48:45,29.59,-0.01,11,32549,卖盘
2436,10:48:42,29.6,--,4,11840,买盘
2437,10:48:36,29.6,--,83,247544,卖盘
2438,10:48:33,29.6,--,7,20720,卖盘
2439,10:48:30,29.6,-0.03,2,5920,卖盘
2440,10:48:27,29.63,--,2,5926,买盘
2441,10:48:24,29.63,--,7,20741,买盘
2442,10:48:21,29.63,--,3,8889,买盘
2443,10:48:12,29.63,--,17,50371,买盘
2444,10:48:03,29.63,0.02,4,11852,买盘
2445,10:48:00,29.61,-0.02,3,8883,卖盘
2446,10:47:54,29.63,0.03,3,8889,买盘
2447,10:47:51,29.6,-0.03,4,11840,卖盘
2448,10:47:48,29.63,0.02,13,38519,买盘
2449,10:47:45,29.61,--,44,130284,买盘
2450,10:47:42,29.61,--,7,20727,卖盘
2451,10:47:39,29.61,0.01,3,8883,中性盘
2452,10:47:36,29.6,-0.03,403,1192880,卖盘
2453,10:47:33,29.63,0.02,4,11852,买盘
2454,10:47:27,29.61,-0.02,6,17766,卖盘
2455,10:47:24,29.63,--,24,71112,买盘
2456,10:47:18,29.63,--,5,14815,买盘
2457,10:47:15,29.63,0.03,3,8889,买盘
2458,10:47:09,29.6,-0.03,83,245680,卖盘
2459,10:47:06,29.63,0.01,5,14815,买盘
2460,10:47:03,29.62,--,1,2962,卖盘
2461,10:46:54,29.62,--,3,8886,卖盘
2462,10:46:45,29.62,--,3,8886,卖盘
2463,10:46:42,29.62,--,3,8886,卖盘
2464,10:46:33,29.62,-0.01,7,20734,卖盘
2465,10:46:30,29.63,--,3,8889,买盘
2466,10:46:24,29.63,0.03,4,11852,买盘
2467,10:46:21,29.6,--,6,17760,卖盘
2468,10:46:15,29.6,-0.01,5,14800,卖盘
2469,10:46:12,29.61,--,5,14805,买盘
2470,10:46:03,29.61,0.01,11,32571,买盘
2471,10:46:00,29.6,-0.03,21,62160,卖盘
2472,10:45:57,29.63,0.02,3,8889,买盘
2473,10:45:48,29.61,0.01,16,47376,卖盘
2474,10:45:39,29.6,-0.01,18,53280,卖盘
2475,10:45:27,29.61,-0.01,4,11844,卖盘
2476,10:45:24,29.62,0.01,3,8886,买盘
2477,10:45:18,29.61,--,10,29610,卖盘
2478,10:45:15,29.61,-0.02,16,47376,卖盘
2479,10:45:12,29.63,0.01,8,23704,买盘
2480,10:45:09,29.62,--,8,23696,卖盘
2481,10:45:06,29.62,-0.01,3,8886,卖盘
2482,10:45:00,29.63,0.01,6,17778,买盘
2483,10:44:57,29.62,--,1,2962,卖盘
2484,10:44:54,29.62,-0.01,70,207340,卖盘
2485,10:44:48,29.63,--,5,14815,买盘
2486,10:44:45,29.63,-0.01,864,2562698,卖盘
2487,10:44:42,29.64,-0.01,18,53352,卖盘
2488,10:44:39,29.65,-0.01,14,41510,卖盘
2489,10:44:36,29.66,0.02,3,8898,买盘
2490,10:44:30,29.64,--,3,8892,卖盘
2491,10:44:27,29.64,--,10,29640,卖盘
2492,10:44:24,29.64,--,5,14820,卖盘
2493,10:44:21,29.64,-0.01,7,20748,卖盘
2494,10:44:15,29.65,-0.01,1,2965,卖盘
2495,10:44:12,29.66,0.02,14,41524,买盘
2496,10:44:09,29.64,-0.01,9,26676,卖盘
2497,10:44:03,29.65,0.01,4,11860,买盘
2498,10:44:00,29.64,-0.01,3,8892,卖盘
2499,10:43:54,29.65,-0.01,26,77090,卖盘
2500,10:43:51,29.66,0.01,3,8898,买盘
2501,10:43:48,29.65,-0.01,3,8895,卖盘
2502,10:43:42,29.66,--,11,33990,卖盘
2503,10:43:36,29.66,--,2,5932,卖盘
2504,10:43:24,29.66,--,3,8898,卖盘
2505,10:43:18,29.66,--,5,14830,卖盘
2506,10:43:15,29.66,-0.02,13,40159,买盘
2507,10:43:12,29.68,--,4,11872,买盘
2508,10:43:06,29.68,--,3,8904,买盘
2509,10:43:03,29.68,--,8,23744,买盘
2510,10:43:00,29.68,--,20,59360,买盘
2511,10:42:57,29.68,--,2,5936,卖盘
2512,10:42:54,29.68,0.02,2,5936,买盘
2513,10:42:51,29.66,-0.02,3,8898,卖盘
2514,10:42:42,29.68,--,12,35616,买盘
2515,10:42:39,29.68,0.02,3,8904,买盘
2516,10:42:33,29.66,0.02,4,11864,买盘
2517,10:42:30,29.64,-0.01,3,8892,卖盘
2518,10:42:27,29.65,-0.01,8,23720,卖盘
2519,10:42:24,29.66,0.01,4,11864,中性盘
2520,10:42:18,29.65,-0.04,13,38545,卖盘
2521,10:42:12,29.69,0.04,14,41566,买盘
2522,10:42:09,29.65,-0.01,3,8895,卖盘
2523,10:42:03,29.66,0.01,27,80082,卖盘
2524,10:41:57,29.65,-0.04,5,14825,卖盘
2525,10:41:54,29.69,--,4,11876,买盘
2526,10:41:51,29.69,0.04,3,8907,买盘
2527,10:41:45,29.65,-0.05,6,17790,卖盘
2528,10:41:42,29.7,--,14,41580,买盘
2529,10:41:39,29.7,0.05,11,32670,买盘
2530,10:41:36,29.65,-0.04,3,8895,卖盘
2531,10:41:33,29.69,--,4,11876,买盘
2532,10:41:30,29.69,--,6,17814,卖盘
2533,10:41:24,29.69,--,12,35628,买盘
2534,10:41:12,29.69,0.04,28,83132,买盘
2535,10:41:09,29.65,-0.04,97,287605,卖盘
2536,10:41:03,29.69,--,8,23752,买盘
2537,10:40:54,29.69,0.01,4,11876,买盘
2538,10:40:51,29.68,-0.01,9,26712,卖盘
2539,10:40:42,29.69,0.04,15,44535,买盘
2540,10:40:39,29.65,-0.03,10,29650,卖盘
2541,10:40:36,29.68,0.03,4,11872,买盘
2542,10:40:30,29.65,-0.03,3,8895,卖盘
2543,10:40:27,29.68,0.01,14,41552,买盘
2544,10:40:24,29.67,--,7,20769,卖盘
2545,10:40:18,29.67,--,3,8901,卖盘
2546,10:40:15,29.67,0.01,94,278898,买盘
2547,10:40:12,29.66,0.01,30,88980,买盘
2548,10:40:06,29.65,-0.01,20,59300,卖盘
2549,10:40:03,29.66,0.01,5,14830,买盘
2550,10:39:54,29.65,--,5,14825,卖盘
2551,10:39:45,29.65,--,126,373590,买盘
2552,10:39:42,29.65,--,21,62265,买盘
2553,10:39:39,29.65,--,2,5930,买盘
2554,10:39:36,29.65,--,4,11860,买盘
2555,10:39:33,29.65,--,25,74125,买盘
2556,10:39:24,29.65,0.02,4,11860,买盘
2557,10:39:21,29.63,-0.02,3,8889,卖盘
2558,10:39:18,29.65,0.02,10,29650,买盘
2559,10:39:15,29.63,--,5,14815,卖盘
2560,10:39:12,29.63,--,3,8889,卖盘
2561,10:39:09,29.63,--,3,8889,卖盘
2562,10:39:06,29.63,-0.01,5,14815,卖盘
2563,10:39:03,29.64,0.01,4,11856,买盘
2564,10:39:00,29.63,--,24,71112,卖盘
2565,10:38:57,29.63,-0.01,10,29630,卖盘
2566,10:38:54,29.64,0.01,4,11856,买盘
2567,10:38:51,29.63,--,11,32593,卖盘
2568,10:38:45,29.63,-0.01,1,3259,卖盘
2569,10:38:42,29.64,0.01,8,23712,买盘
2570,10:38:39,29.63,-0.01,3,8889,卖盘
2571,10:38:33,29.64,--,4,11856,买盘
2572,10:38:30,29.64,0.01,1,2964,买盘
2573,10:38:27,29.63,--,23,68149,卖盘
2574,10:38:24,29.63,-0.01,105,311115,卖盘
2575,10:38:21,29.64,0.01,1,2964,买盘
2576,10:38:15,29.63,-0.01,3,8889,卖盘
2577,10:38:12,29.64,0.02,8,23712,买盘
2578,10:38:06,29.62,0.02,8,23696,买盘
2579,10:38:03,29.6,-0.02,20,59200,卖盘
2580,10:38:00,29.62,--,1,2962,卖盘
2581,10:37:54,29.62,-0.02,7,20734,卖盘
2582,10:37:51,29.64,--,12,35568,买盘
2583,10:37:42,29.64,--,19,56316,买盘
2584,10:37:33,29.64,--,4,11856,买盘
2585,10:37:27,29.64,--,33,97812,卖盘
2586,10:37:15,29.64,-0.03,5,14820,卖盘
2587,10:37:12,29.67,0.03,16,47472,买盘
2588,10:37:03,29.64,0.04,1,2964,卖盘
2589,10:36:42,29.6,-0.04,24,71040,卖盘
2590,10:36:33,29.64,0.03,1,2964,买盘
2591,10:36:27,29.61,0.01,17,50337,中性盘
2592,10:36:18,29.6,-0.01,10,29600,卖盘
2593,10:36:15,29.61,-0.03,15,45273,卖盘
2594,10:36:12,29.64,0.03,18,53352,买盘
2595,10:36:09,29.61,-0.03,11,32571,卖盘
2596,10:36:03,29.64,0.03,4,11856,买盘
2597,10:36:00,29.61,-0.04,10,29610,卖盘
2598,10:35:54,29.65,--,3,8895,买盘
2599,10:35:51,29.65,--,69,204585,买盘
2600,10:35:48,29.65,--,4,11860,买盘
2601,10:35:45,29.65,0.01,12,35580,买盘
2602,10:35:42,29.64,-0.01,36,106704,卖盘
2603,10:35:36,29.65,--,80,237200,买盘
2604,10:35:33,29.65,--,4,11860,买盘
2605,10:35:24,29.65,--,26,77090,买盘
2606,10:35:21,29.65,--,11,32615,买盘
2607,10:35:18,29.65,--,2,5930,买盘
2608,10:35:15,29.65,-0.01,13,38545,卖盘
2609,10:35:12,29.66,--,43,127538,买盘
2610,10:35:03,29.66,--,4,11864,买盘
2611,10:34:51,29.66,0.01,1,2966,买盘
2612,10:34:48,29.65,0.01,2,5930,中性盘
2613,10:34:39,29.64,-0.01,1,2964,卖盘
2614,10:34:36,29.65,0.01,10,29650,买盘
2615,10:34:33,29.64,-0.01,5,14820,卖盘
2616,10:34:24,29.65,0.01,8,23720,买盘
2617,10:34:12,29.64,0.03,2,5928,买盘
2618,10:34:09,29.61,--,24,71064,卖盘
2619,10:34:06,29.61,-0.03,11,32807,卖盘
2620,10:34:03,29.64,--,4,11856,买盘
2621,10:34:00,29.64,0.03,2,5928,买盘
2622,10:33:57,29.61,-0.01,30,88830,卖盘
2623,10:33:54,29.62,--,12,35544,卖盘
2624,10:33:48,29.62,--,1,2962,卖盘
2625,10:33:45,29.62,--,31,91822,买盘
2626,10:33:42,29.62,--,4,11848,买盘
2627,10:33:33,29.62,-0.02,105,311010,卖盘
2628,10:33:27,29.64,0.01,10,29640,买盘
2629,10:33:24,29.63,--,7,20741,买盘
2630,10:33:21,29.63,-0.02,4,11852,卖盘
2631,10:33:15,29.65,0.02,37,109705,买盘
2632,10:33:12,29.63,-0.01,56,165928,卖盘
2633,10:33:03,29.64,--,4,11856,卖盘
2634,10:32:57,29.64,--,2,5928,卖盘
2635,10:32:54,29.64,-0.01,6,17784,卖盘
2636,10:32:42,29.65,--,4,11860,买盘
2637,10:32:33,29.65,0.01,34,100810,买盘
2638,10:32:30,29.64,--,16,47424,卖盘
2639,10:32:27,29.64,-0.01,2,5928,中性盘
2640,10:32:18,29.65,0.01,42,124530,买盘
2641,10:32:15,29.64,--,6,17784,买盘
2642,10:32:12,29.64,--,13,38532,买盘
2643,10:32:06,29.64,--,3,8892,卖盘
2644,10:32:03,29.64,--,5,14820,买盘
2645,10:31:57,29.64,--,3,8892,卖盘
2646,10:31:54,29.64,--,1,2964,买盘
2647,10:31:51,29.64,--,4,11856,买盘
2648,10:31:48,29.64,--,4,11856,买盘
2649,10:31:42,29.64,--,3,8892,买盘
2650,10:31:39,29.64,--,6,17784,买盘
2651,10:31:36,29.64,-0.01,10,29640,卖盘
2652,10:31:33,29.65,0.01,4,11860,买盘
2653,10:31:27,29.64,-0.01,2,5928,卖盘
2654,10:31:21,29.65,0.04,5,14825,买盘
2655,10:31:18,29.61,0.01,1,2961,中性盘
2656,10:31:15,29.6,-0.04,50,148000,卖盘
2657,10:31:12,29.64,0.04,1,2964,买盘
2658,10:31:00,29.6,--,4,11840,卖盘
2659,10:30:57,29.6,--,22,65120,卖盘
2660,10:30:45,29.6,--,30,88800,卖盘
2661,10:30:42,29.6,--,21,62160,卖盘
2662,10:30:36,29.6,--,5,14800,卖盘
2663,10:30:33,29.6,0.01,99,293040,买盘
2664,10:30:30,29.59,-0.01,11,32549,卖盘
2665,10:30:27,29.6,--,10,29600,买盘
2666,10:30:24,29.6,0.01,73,216080,买盘
2667,10:30:21,29.59,-0.01,17,50303,卖盘
2668,10:30:18,29.6,--,1,2960,买盘
2669,10:30:15,29.6,--,10,29600,买盘
2670,10:30:12,29.6,--,4,11840,买盘
2671,10:30:06,29.6,0.01,35,103600,买盘
2672,10:30:03,29.59,--,3,8877,卖盘
2673,10:29:57,29.59,0.01,6,17754,中性盘
2674,10:29:51,29.58,-0.01,157,464406,卖盘
2675,10:29:48,29.59,--,3,8877,卖盘
2676,10:29:45,29.59,--,14,41426,买盘
2677,10:29:42,29.59,--,9,26631,买盘
2678,10:29:39,29.59,--,2,5918,买盘
2679,10:29:36,29.59,--,28,82852,买盘
2680,10:29:33,29.59,--,17,50303,买盘
2681,10:29:30,29.59,--,3,8877,买盘
2682,10:29:27,29.59,--,25,73975,买盘
2683,10:29:24,29.59,0.01,6,17754,买盘
2684,10:29:21,29.58,-0.01,8,23664,卖盘
2685,10:29:18,29.59,--,10,29590,买盘
2686,10:29:15,29.59,--,5,14795,买盘
2687,10:29:12,29.59,--,132,390588,买盘
2688,10:29:09,29.59,--,104,307736,卖盘
2689,10:29:06,29.59,--,5,14795,卖盘
2690,10:29:03,29.59,--,3,8877,卖盘
2691,10:29:00,29.59,--,7,20713,卖盘
2692,10:28:57,29.59,--,18,53262,买盘
2693,10:28:54,29.59,-0.01,6,17754,卖盘
2694,10:28:48,29.6,--,4,11840,买盘
2695,10:28:45,29.6,--,1,2960,买盘
2696,10:28:42,29.6,--,4,11840,买盘
2697,10:28:39,29.6,-0.03,559,1654640,卖盘
2698,10:28:36,29.63,--,11,32593,买盘
2699,10:28:33,29.63,--,14,41482,卖盘
2700,10:28:24,29.63,-0.02,10,29630,卖盘
2701,10:28:15,29.65,--,1,2965,卖盘
2702,10:28:12,29.65,--,1,2965,买盘
2703,10:28:06,29.65,-0.05,4,11860,卖盘
2704,10:28:03,29.7,--,1,2970,卖盘
2705,10:28:00,29.7,0.07,253,751528,买盘
2706,10:27:57,29.63,-0.01,10,29630,卖盘
2707,10:27:54,29.64,-0.01,8,23712,卖盘
2708,10:27:48,29.65,--,1,2965,买盘
2709,10:27:45,29.65,--,16,47440,买盘
2710,10:27:42,29.65,--,100,296500,卖盘
2711,10:27:39,29.65,--,15,44475,卖盘
2712,10:27:36,29.65,--,10,29650,卖盘
2713,10:27:33,29.65,-0.02,21,62265,卖盘
2714,10:27:24,29.67,--,6,17802,买盘
2715,10:27:21,29.67,--,4,11868,买盘
2716,10:27:18,29.67,--,2,5934,卖盘
2717,10:27:15,29.67,--,12,35604,卖盘
2718,10:27:12,29.67,--,27,80109,卖盘
2719,10:27:09,29.67,--,7,20769,卖盘
2720,10:27:03,29.67,--,4,11868,卖盘
2721,10:27:00,29.67,--,209,620103,买盘
2722,10:26:54,29.67,--,16,47472,卖盘
2723,10:26:48,29.67,--,47,139449,卖盘
2724,10:26:45,29.67,-0.01,4,11868,卖盘
2725,10:26:42,29.68,0.01,4,11872,买盘
2726,10:26:39,29.67,-0.01,21,62307,卖盘
2727,10:26:33,29.68,--,4,11872,买盘
2728,10:26:30,29.68,0.01,5,14840,买盘
2729,10:26:27,29.67,-0.01,32,94944,卖盘
2730,10:26:24,29.68,-0.02,10,29680,卖盘
2731,10:26:21,29.7,--,5,14850,买盘
2732,10:26:18,29.7,0.02,15,44550,买盘
2733,10:26:12,29.68,--,22,65296,卖盘
2734,10:26:06,29.68,-0.02,2,5936,中性盘
2735,10:25:57,29.7,0.03,1,2970,买盘
2736,10:25:54,29.67,-0.02,25,74175,卖盘
2737,10:25:42,29.69,0.02,4,11876,买盘
2738,10:25:33,29.67,-0.03,34,100878,卖盘
2739,10:25:30,29.7,--,2,5940,买盘
2740,10:25:27,29.7,0.01,5,14850,买盘
2741,10:25:24,29.69,-0.01,9,26721,卖盘
2742,10:25:21,29.7,--,1,2970,买盘
2743,10:25:15,29.7,--,3,8910,买盘
2744,10:25:12,29.7,-0.01,6,19186,卖盘
2745,10:25:06,29.71,0.01,1,2971,买盘
2746,10:25:03,29.7,--,5,14850,卖盘
2747,10:25:00,29.7,--,12,35640,卖盘
2748,10:24:57,29.7,--,13,38610,卖盘
2749,10:24:54,29.7,--,39,115830,卖盘
2750,10:24:45,29.7,0.02,40,120403,买盘
2751,10:24:42,29.68,--,33,97944,买盘
2752,10:24:36,29.68,-0.01,18,53424,卖盘
2753,10:24:33,29.69,--,24,71256,买盘
2754,10:24:24,29.69,-0.01,3,8907,中性盘
2755,10:24:21,29.7,0.01,7,20790,买盘
2756,10:24:18,29.69,--,6,17814,买盘
2757,10:24:15,29.69,--,15,44535,卖盘
2758,10:24:09,29.69,--,1,2969,卖盘
2759,10:24:06,29.69,--,2,5938,卖盘
2760,10:24:03,29.69,0.02,41,121729,买盘
2761,10:23:57,29.67,-0.01,21,62307,卖盘
2762,10:23:54,29.68,--,34,100912,卖盘
2763,10:23:48,29.68,--,50,148400,卖盘
2764,10:23:45,29.68,-0.01,7,20776,卖盘
2765,10:23:42,29.69,0.01,24,71256,买盘
2766,10:23:39,29.68,-0.02,5,14840,卖盘
2767,10:23:33,29.7,0.02,4,11880,中性盘
2768,10:23:30,29.68,-0.02,125,371000,卖盘
2769,10:23:24,29.7,0.01,5,14850,买盘
2770,10:23:18,29.69,--,19,56411,卖盘
2771,10:23:15,29.69,-0.01,25,74225,卖盘
2772,10:23:12,29.7,--,13,38610,买盘
2773,10:23:03,29.7,--,19,56430,卖盘
2774,10:23:00,29.7,--,22,65340,卖盘
2775,10:22:57,29.7,--,1,2970,卖盘
2776,10:22:54,29.7,--,21,62370,卖盘
2777,10:22:45,29.7,-0.01,9,26730,卖盘
2778,10:22:42,29.71,--,4,11884,买盘
2779,10:22:39,29.71,0.01,6,17826,买盘
2780,10:22:36,29.7,-0.03,4,11880,卖盘
2781,10:22:33,29.73,0.01,105,312165,买盘
2782,10:22:30,29.72,-0.01,63,187236,中性盘
2783,10:22:24,29.73,--,4,11892,买盘
2784,10:22:15,29.73,0.01,5,14865,买盘
2785,10:22:12,29.72,-0.01,4,11888,中性盘
2786,10:22:09,29.73,--,2,5946,卖盘
2787,10:22:06,29.73,--,239,710547,卖盘
2788,10:22:03,29.73,-0.01,5,14865,卖盘
2789,10:22:00,29.74,0.01,2,5948,买盘
2790,10:21:57,29.73,--,3,8919,卖盘
2791,10:21:54,29.73,--,30,89190,卖盘
2792,10:21:51,29.73,--,5,14865,卖盘
2793,10:21:48,29.73,--,10,29730,卖盘
2794,10:21:42,29.73,0.01,23,68379,卖盘
2795,10:21:39,29.72,0.01,197,585484,中性盘
2796,10:21:36,29.71,--,1,2971,卖盘
