,time,price,change,volume,amount,type
0,15:00:03,14.76,-0.01,953,1406628,卖盘
1,14:57:00,14.77,0.01,10,14770,买盘
2,14:56:57,14.76,--,34,50184,卖盘
3,14:56:51,14.76,-0.01,14,20664,卖盘
4,14:56:48,14.77,--,46,67942,买盘
5,14:56:39,14.77,--,14,20678,买盘
6,14:56:36,14.77,0.01,55,81235,买盘
7,14:56:33,14.76,--,9,13284,卖盘
8,14:56:30,14.76,--,1,1476,卖盘
9,14:56:27,14.76,--,18,26568,买盘
10,14:56:24,14.76,-0.01,22,32472,卖盘
11,14:56:18,14.77,--,146,216720,买盘
12,14:56:15,14.77,0.01,2,2954,买盘
13,14:56:12,14.76,--,15,22140,卖盘
14,14:56:09,14.76,-0.01,6,8856,卖盘
15,14:56:06,14.77,--,25,36925,买盘
16,14:56:03,14.77,0.01,6,8862,买盘
17,14:56:00,14.76,-0.01,2,2952,卖盘
18,14:55:54,14.77,--,83,122591,买盘
19,14:55:51,14.77,0.01,12,17724,买盘
20,14:55:48,14.76,-0.01,9,13284,卖盘
21,14:55:45,14.77,--,201,296877,买盘
22,14:55:42,14.77,--,1,1477,买盘
23,14:55:36,14.77,--,9,13293,买盘
24,14:55:33,14.77,0.01,15,22155,买盘
25,14:55:24,14.76,-0.01,19,28044,卖盘
26,14:55:21,14.77,0.01,9,13293,买盘
27,14:55:15,14.76,--,36,53136,卖盘
28,14:55:12,14.76,--,15,22140,卖盘
29,14:55:09,14.76,--,13,19188,卖盘
30,14:55:06,14.76,--,43,63468,卖盘
31,14:55:03,14.76,--,3,4428,卖盘
32,14:54:57,14.76,--,34,50184,买盘
33,14:54:51,14.76,--,24,35424,买盘
34,14:54:48,14.76,--,4,5904,买盘
35,14:54:45,14.76,--,1,1476,买盘
36,14:54:42,14.76,--,18,26568,卖盘
37,14:54:39,14.76,--,30,44280,卖盘
38,14:54:36,14.76,0.01,3,4428,买盘
39,14:54:33,14.75,-0.01,131,193225,卖盘
40,14:54:30,14.76,--,32,47232,买盘
41,14:54:27,14.76,--,43,63468,买盘
42,14:54:18,14.76,0.01,8,11808,买盘
43,14:54:15,14.75,--,50,73750,卖盘
44,14:54:12,14.75,-0.01,21,30975,卖盘
45,14:54:09,14.76,--,8,11808,买盘
46,14:54:03,14.76,0.01,20,29520,中性盘
47,14:54:00,14.75,-0.01,205,302375,卖盘
48,14:53:57,14.76,--,21,30996,买盘
49,14:53:54,14.76,--,3,4428,买盘
50,14:53:51,14.76,0.01,148,218448,卖盘
51,14:53:48,14.75,--,90,132750,卖盘
52,14:53:45,14.75,-0.01,132,194700,卖盘
53,14:53:36,14.76,--,29,43571,买盘
54,14:53:33,14.76,--,40,59040,买盘
55,14:53:30,14.76,--,100,147600,买盘
56,14:53:27,14.76,0.01,6,8856,买盘
57,14:53:24,14.75,--,20,29500,卖盘
58,14:53:21,14.75,-0.01,18,26550,卖盘
59,14:53:18,14.76,0.01,20,29520,买盘
60,14:53:15,14.75,-0.01,14,20650,卖盘
61,14:53:12,14.76,0.01,10,14760,买盘
62,14:53:09,14.75,-0.01,81,119475,卖盘
63,14:53:06,14.76,0.01,22,32472,买盘
64,14:53:03,14.75,-0.01,10,14750,卖盘
65,14:53:00,14.76,0.01,18,26568,买盘
66,14:52:57,14.75,--,5,7375,卖盘
67,14:52:54,14.75,--,10,14750,卖盘
68,14:52:51,14.75,-0.01,5,7375,卖盘
69,14:52:48,14.76,--,20,29520,买盘
70,14:52:45,14.76,--,20,29520,买盘
71,14:52:42,14.76,--,42,61992,买盘
72,14:52:39,14.76,--,5,7380,买盘
73,14:52:33,14.76,--,38,56088,买盘
74,14:52:30,14.76,--,19,28044,买盘
75,14:52:27,14.76,--,5,7380,买盘
76,14:52:24,14.76,-0.01,134,197784,卖盘
77,14:52:21,14.77,0.01,22,32494,买盘
78,14:52:18,14.76,-0.01,19,28044,卖盘
79,14:52:15,14.77,0.01,9,13293,买盘
80,14:52:03,14.76,--,40,59040,卖盘
81,14:52:00,14.76,-0.01,100,147600,卖盘
82,14:51:57,14.77,0.01,11,16247,买盘
83,14:51:51,14.76,-0.01,7,10332,卖盘
84,14:51:48,14.77,--,5,7385,买盘
85,14:51:42,14.77,--,5,7385,买盘
86,14:51:39,14.77,--,4,5908,买盘
87,14:51:36,14.77,--,36,53172,卖盘
88,14:51:33,14.77,-0.01,51,75327,卖盘
89,14:51:30,14.78,0.01,4,5912,买盘
90,14:51:27,14.77,--,10,14770,卖盘
91,14:51:24,14.77,--,2,2954,卖盘
92,14:51:21,14.77,--,10,14770,卖盘
93,14:51:18,14.77,-0.01,1,1477,卖盘
94,14:51:15,14.78,--,24,35472,买盘
95,14:51:12,14.78,0.01,1,1478,买盘
96,14:51:09,14.77,--,22,32494,卖盘
97,14:51:06,14.77,--,5,7385,卖盘
98,14:51:03,14.77,--,1,1477,卖盘
99,14:50:57,14.77,--,1,1477,卖盘
100,14:50:42,14.77,--,51,75327,卖盘
101,14:50:36,14.77,-0.01,11,16247,卖盘
102,14:50:27,14.78,--,9,13302,买盘
103,14:50:24,14.78,--,61,90158,买盘
104,14:50:21,14.78,--,20,29560,买盘
105,14:50:18,14.78,--,51,75378,买盘
106,14:50:15,14.78,--,14,20692,买盘
107,14:49:57,14.78,-0.01,207,306064,卖盘
108,14:49:51,14.79,--,4,5916,买盘
109,14:49:45,14.79,--,1,1479,买盘
110,14:49:36,14.79,--,10,14790,买盘
111,14:49:33,14.79,0.01,15,22185,买盘
112,14:49:27,14.78,-0.01,79,116762,卖盘
113,14:49:24,14.79,--,10,14790,买盘
114,14:49:21,14.79,0.01,23,34017,买盘
115,14:49:18,14.78,-0.01,9,13302,卖盘
116,14:49:15,14.79,0.01,18,26622,买盘
117,14:49:12,14.78,--,2,2956,卖盘
118,14:49:09,14.78,-0.01,40,59120,卖盘
119,14:49:03,14.79,0.01,2,2958,买盘
120,14:49:00,14.78,-0.01,5,7390,卖盘
121,14:48:54,14.79,0.01,26,38454,买盘
122,14:48:45,14.78,-0.02,11,16258,卖盘
123,14:48:39,14.8,0.01,50,74000,买盘
124,14:48:36,14.79,--,69,102051,买盘
125,14:48:33,14.79,--,3,4437,买盘
126,14:48:30,14.79,--,24,36205,卖盘
127,14:48:24,14.79,-0.01,11,16268,卖盘
128,14:48:09,14.8,0.01,5,8169,买盘
129,14:48:06,14.79,--,36,53244,买盘
130,14:48:03,14.79,--,14,20706,买盘
131,14:48:00,14.79,--,22,32537,买盘
132,14:47:57,14.79,--,15,22185,买盘
133,14:47:54,14.79,--,12,17748,买盘
134,14:47:51,14.79,0.01,6,8874,买盘
135,14:47:48,14.78,-0.01,1,1478,卖盘
136,14:47:42,14.79,--,4,5916,买盘
137,14:47:39,14.79,0.01,30,44370,买盘
138,14:47:33,14.78,--,10,14780,卖盘
139,14:47:27,14.78,--,1,1478,卖盘
140,14:47:24,14.78,--,100,147800,卖盘
141,14:47:21,14.78,--,1,1478,卖盘
142,14:47:12,14.78,--,20,29560,卖盘
143,14:47:09,14.78,0.03,84,125511,买盘
144,14:47:06,14.75,--,24,35400,买盘
145,14:47:03,14.75,-0.02,408,602832,卖盘
146,14:47:00,14.77,--,3,4431,买盘
147,14:46:57,14.77,--,4,5908,买盘
148,14:46:51,14.77,--,5,7385,买盘
149,14:46:48,14.77,-0.01,127,188140,卖盘
150,14:46:45,14.78,0.01,6,8868,买盘
151,14:46:42,14.77,-0.01,76,112252,卖盘
152,14:46:39,14.78,--,5,7390,买盘
153,14:46:36,14.78,--,4,5912,买盘
154,14:46:33,14.78,--,10,14780,买盘
155,14:46:27,14.78,--,7,10346,买盘
156,14:46:24,14.78,--,8,11824,买盘
157,14:46:12,14.78,--,5,7390,买盘
158,14:46:03,14.78,0.01,21,31038,买盘
159,14:45:54,14.77,--,29,43748,买盘
160,14:45:48,14.77,--,5,7385,买盘
161,14:45:45,14.77,--,4,5908,买盘
162,14:45:42,14.77,0.01,16,23632,买盘
163,14:45:36,14.76,-0.01,5,7380,卖盘
164,14:45:33,14.77,--,3,4431,买盘
165,14:45:30,14.77,-0.01,48,71457,卖盘
166,14:45:27,14.78,0.01,3,4434,买盘
167,14:45:21,14.77,--,5,7385,卖盘
168,14:45:15,14.77,--,3,4431,卖盘
169,14:45:12,14.77,--,5,7385,卖盘
170,14:45:09,14.77,--,50,73850,卖盘
171,14:45:06,14.77,--,15,22155,卖盘
172,14:45:03,14.77,--,90,132930,卖盘
173,14:45:00,14.77,--,391,578422,买盘
174,14:44:57,14.77,0.01,24,35448,买盘
175,14:44:54,14.76,--,4,5904,卖盘
176,14:44:42,14.76,--,12,17712,卖盘
177,14:44:36,14.76,--,5,7380,卖盘
178,14:44:33,14.76,0.01,2,2952,买盘
179,14:44:21,14.75,-0.01,33,48675,卖盘
180,14:44:12,14.76,--,21,30996,买盘
181,14:44:09,14.76,-0.01,13,19188,中性盘
182,14:44:06,14.77,--,1007,1487339,买盘
183,14:44:03,14.77,--,1,1477,买盘
184,14:43:57,14.77,--,43,63511,买盘
185,14:43:54,14.77,--,10,14770,买盘
186,14:43:51,14.77,-0.01,90,133491,卖盘
187,14:43:45,14.78,0.01,11,16258,买盘
188,14:43:36,14.77,--,13,19201,卖盘
189,14:43:30,14.77,-0.01,3,4431,卖盘
190,14:43:24,14.78,0.01,12,17736,买盘
191,14:43:21,14.77,--,79,117598,买盘
192,14:43:15,14.77,--,9,13293,买盘
193,14:43:06,14.77,-0.01,56,83273,卖盘
194,14:43:03,14.78,0.01,33,48774,买盘
195,14:43:00,14.77,--,20,29540,卖盘
196,14:42:57,14.77,-0.01,57,84189,卖盘
197,14:42:54,14.78,--,5,7390,买盘
198,14:42:51,14.78,--,10,14780,买盘
199,14:42:48,14.78,0.01,24,35472,买盘
200,14:42:45,14.77,--,4,5908,卖盘
201,14:42:39,14.77,--,9,13293,卖盘
202,14:42:36,14.77,-0.01,6,8862,卖盘
203,14:42:30,14.78,0.01,33,48774,买盘
204,14:42:18,14.77,-0.01,111,163947,卖盘
205,14:42:12,14.78,-0.01,51,75378,卖盘
206,14:42:06,14.79,0.01,1,1479,买盘
207,14:42:00,14.78,-0.01,10,14780,卖盘
208,14:41:51,14.79,--,4,5916,买盘
209,14:41:48,14.79,0.01,5,7395,买盘
210,14:41:45,14.78,--,42,62076,卖盘
211,14:41:36,14.78,--,14,20692,卖盘
212,14:41:33,14.78,-0.01,6,8868,卖盘
213,14:41:24,14.79,--,5,7395,买盘
214,14:41:21,14.79,--,22,32537,买盘
215,14:41:15,14.79,--,46,68743,卖盘
216,14:41:09,14.79,-0.01,3,4437,卖盘
217,14:41:00,14.8,--,44,65120,买盘
218,14:40:54,14.8,--,3,4440,买盘
219,14:40:36,14.8,--,8,11840,买盘
220,14:40:24,14.8,0.01,4,5920,买盘
221,14:40:15,14.79,-0.01,250,369750,卖盘
222,14:40:12,14.8,0.01,2,2960,买盘
223,14:40:03,14.79,--,80,119089,买盘
224,14:39:54,14.79,--,1,1479,买盘
225,14:39:48,14.79,--,3,4437,买盘
226,14:39:42,14.79,--,10,14790,买盘
227,14:39:36,14.79,--,3,4437,买盘
228,14:39:24,14.79,--,71,105718,卖盘
229,14:39:21,14.79,--,20,29580,卖盘
230,14:39:18,14.79,--,196,290653,买盘
231,14:39:12,14.79,--,4,5916,买盘
232,14:39:06,14.79,--,31,45849,买盘
233,14:39:03,14.79,0.02,25,36975,买盘
234,14:38:57,14.77,-0.01,24,35448,卖盘
235,14:38:54,14.78,-0.01,82,121196,卖盘
236,14:38:51,14.79,-0.01,7,10353,卖盘
237,14:38:48,14.8,--,12,17760,买盘
238,14:38:42,14.8,--,3,4440,买盘
239,14:38:27,14.8,--,3,4440,买盘
240,14:38:21,14.8,-0.01,216,319680,卖盘
241,14:38:18,14.81,--,4,5924,买盘
242,14:38:12,14.81,0.01,18,26658,买盘
243,14:38:03,14.8,--,10,14800,卖盘
244,14:38:00,14.8,-0.01,300,444000,卖盘
245,14:37:51,14.81,--,15,22215,买盘
246,14:37:48,14.81,--,12,17772,买盘
247,14:37:15,14.81,0.01,3,4443,买盘
248,14:37:12,14.8,--,3,4440,卖盘
249,14:37:06,14.8,--,5,7400,卖盘
250,14:36:48,14.8,--,10,14800,卖盘
251,14:36:45,14.8,--,8,11840,卖盘
252,14:36:42,14.8,-0.01,136,201280,卖盘
253,14:36:39,14.81,0.01,5,7405,买盘
254,14:36:36,14.8,--,2,2960,卖盘
255,14:36:33,14.8,-0.01,149,220520,卖盘
256,14:36:24,14.81,--,4,5924,买盘
257,14:36:15,14.81,--,14,20882,卖盘
258,14:36:12,14.81,-0.01,3,4443,卖盘
259,14:36:09,14.82,--,9,13338,买盘
260,14:36:06,14.82,--,1,1482,买盘
261,14:36:00,14.82,--,3,4446,买盘
262,14:35:57,14.82,0.01,2,2964,买盘
263,14:35:54,14.81,-0.01,2,2962,卖盘
264,14:35:45,14.82,0.01,5,7410,买盘
265,14:35:42,14.81,-0.01,17,25177,卖盘
266,14:35:36,14.82,0.01,5,7410,买盘
267,14:35:27,14.81,--,42,63534,卖盘
268,14:35:18,14.81,-0.01,10,14810,卖盘
269,14:35:12,14.82,0.01,16,23712,买盘
270,14:35:09,14.81,-0.01,50,74050,卖盘
271,14:35:00,14.82,0.01,8,11856,买盘
272,14:34:51,14.81,-0.01,5,7405,卖盘
273,14:34:45,14.82,--,10,14820,买盘
274,14:34:27,14.82,--,3,4446,卖盘
275,14:34:24,14.82,--,57,84474,卖盘
276,14:34:21,14.82,-0.01,3,4446,卖盘
277,14:34:18,14.83,0.01,15,22245,买盘
278,14:34:12,14.82,-0.02,10,14820,卖盘
279,14:33:54,14.84,0.01,102,151368,买盘
280,14:33:51,14.83,--,103,152749,买盘
281,14:33:48,14.83,--,17,25211,卖盘
282,14:33:45,14.83,--,10,14830,卖盘
283,14:33:42,14.83,-0.01,3,4449,卖盘
284,14:33:36,14.84,0.01,18,26712,买盘
285,14:33:33,14.83,-0.01,4,5932,卖盘
286,14:33:30,14.84,--,18,26712,买盘
287,14:33:21,14.84,--,24,35616,买盘
288,14:33:18,14.84,--,8,11872,买盘
289,14:33:12,14.84,--,28,41552,卖盘
290,14:33:09,14.84,--,9,13356,卖盘
291,14:33:06,14.84,--,2,2968,卖盘
292,14:33:03,14.84,--,37,54908,卖盘
293,14:32:57,14.84,--,19,28196,卖盘
294,14:32:51,14.84,--,39,57876,卖盘
295,14:32:45,14.84,--,100,148400,卖盘
296,14:32:36,14.84,--,10,14840,卖盘
297,14:32:33,14.84,--,17,25228,卖盘
298,14:32:30,14.84,0.01,269,399196,买盘
299,14:32:12,14.83,--,11,16313,买盘
300,14:32:09,14.83,0.01,1,1483,买盘
301,14:32:06,14.82,0.01,96,142272,买盘
302,14:32:03,14.81,-0.02,44,65164,卖盘
303,14:32:00,14.83,0.01,51,75633,买盘
304,14:31:51,14.82,--,21,31122,卖盘
305,14:31:45,14.82,-0.01,5,7410,卖盘
306,14:31:39,14.83,0.01,30,44490,买盘
307,14:31:36,14.82,--,5,7410,卖盘
308,14:31:30,14.82,--,21,31122,卖盘
309,14:31:27,14.82,-0.01,24,35568,卖盘
310,14:31:24,14.83,0.02,20,29660,买盘
311,14:31:15,14.81,-0.01,21,31101,卖盘
312,14:31:06,14.82,--,75,111150,买盘
313,14:31:03,14.82,0.01,60,88920,买盘
314,14:30:36,14.81,--,17,25177,买盘
315,14:30:33,14.81,--,14,20734,买盘
316,14:30:30,14.81,--,10,14810,买盘
317,14:30:27,14.81,--,20,29620,买盘
318,14:30:24,14.81,0.01,4,5924,买盘
319,14:30:21,14.8,-0.01,13,19240,卖盘
320,14:30:18,14.81,--,88,130328,买盘
321,14:30:12,14.81,--,30,44430,买盘
322,14:30:06,14.81,--,27,39987,买盘
323,14:29:54,14.81,0.01,10,14810,买盘
324,14:29:48,14.8,--,1,1480,卖盘
325,14:29:42,14.8,--,2,2960,卖盘
326,14:29:39,14.8,--,54,79920,买盘
327,14:29:36,14.8,--,10,14800,买盘
328,14:29:27,14.8,--,8,11840,买盘
329,14:29:21,14.8,0.01,40,59200,买盘
330,14:29:18,14.79,-0.01,10,14790,卖盘
331,14:29:15,14.8,0.01,100,148000,买盘
332,14:29:09,14.79,-0.01,21,31059,卖盘
333,14:29:06,14.8,--,13,19240,买盘
334,14:29:00,14.8,0.01,5,7400,买盘
335,14:28:42,14.79,--,24,35496,买盘
336,14:28:27,14.79,-0.01,38,56202,中性盘
337,14:28:00,14.8,--,21,31080,买盘
338,14:27:57,14.8,--,29,42920,买盘
339,14:27:45,14.8,--,42,62160,买盘
340,14:27:42,14.8,--,21,31080,买盘
341,14:27:39,14.8,0.02,26,38480,买盘
342,14:27:36,14.78,--,5,7390,卖盘
343,14:27:33,14.78,-0.02,6,8868,卖盘
344,14:27:30,14.8,--,21,31080,买盘
345,14:27:27,14.8,0.02,63,93240,买盘
346,14:27:24,14.78,-0.01,26,38428,卖盘
347,14:27:21,14.79,--,84,124236,买盘
348,14:27:18,14.79,0.02,42,62118,买盘
349,14:27:15,14.77,--,4,5908,卖盘
350,14:27:12,14.77,--,4,5908,卖盘
351,14:26:57,14.77,--,2,2954,卖盘
352,14:26:54,14.77,-0.01,2,2954,卖盘
353,14:26:48,14.78,0.01,13,19214,买盘
354,14:26:45,14.77,-0.01,5,7385,卖盘
355,14:26:33,14.78,--,5,7390,买盘
356,14:26:27,14.78,--,1,1478,卖盘
357,14:26:24,14.78,--,20,29560,卖盘
358,14:26:21,14.78,--,4,5912,卖盘
359,14:26:03,14.78,--,26,38428,卖盘
360,14:26:00,14.78,--,100,147800,买盘
361,14:25:54,14.78,0.01,2,2956,买盘
362,14:25:45,14.77,-0.01,5,7385,卖盘
363,14:25:33,14.78,--,6,8868,卖盘
364,14:25:30,14.78,-0.01,3,4434,中性盘
365,14:25:15,14.79,--,30,44370,买盘
366,14:25:06,14.79,0.01,17,25143,买盘
367,14:25:03,14.78,--,6,8868,卖盘
368,14:24:48,14.78,-0.01,1,1478,卖盘
369,14:24:45,14.79,0.01,3,4437,买盘
370,14:24:30,14.78,--,11,16258,卖盘
371,14:24:03,14.78,-0.01,84,124152,卖盘
372,14:23:54,14.79,--,105,155295,买盘
373,14:23:45,14.79,0.01,1,1479,买盘
374,14:23:36,14.78,-0.01,10,14780,卖盘
375,14:23:30,14.79,0.01,5,7395,买盘
376,14:23:24,14.78,-0.01,49,72422,卖盘
377,14:23:15,14.79,0.01,23,34017,买盘
378,14:23:09,14.78,-0.01,12,17736,卖盘
379,14:23:03,14.79,0.01,1,1479,买盘
380,14:22:57,14.78,-0.01,25,36950,卖盘
381,14:22:42,14.79,0.01,53,78387,买盘
382,14:22:36,14.78,-0.01,2,2956,卖盘
383,14:22:30,14.79,--,2,2958,买盘
384,14:22:21,14.79,0.01,2,2958,买盘
385,14:22:18,14.78,-0.01,50,73900,卖盘
386,14:22:15,14.79,0.01,5,7395,买盘
387,14:22:09,14.78,-0.01,8,11824,卖盘
388,14:22:06,14.79,--,10,14790,买盘
389,14:22:03,14.79,0.01,2,2958,买盘
390,14:21:57,14.78,--,57,84246,卖盘
391,14:21:54,14.78,--,5,7390,卖盘
392,14:21:51,14.78,-0.01,21,31038,卖盘
393,14:21:33,14.79,0.01,21,31059,买盘
394,14:21:27,14.78,--,15,22170,卖盘
395,14:21:18,14.78,-0.01,2,2956,卖盘
396,14:21:03,14.79,0.01,18,26622,买盘
397,14:20:48,14.78,-0.01,3,4434,卖盘
398,14:20:33,14.79,--,2,2958,买盘
399,14:20:30,14.79,--,11,16268,买盘
400,14:20:27,14.79,0.01,1,1479,买盘
401,14:20:15,14.78,-0.01,10,14780,卖盘
402,14:20:12,14.79,--,13,19227,买盘
403,14:20:03,14.79,0.01,2,2958,买盘
404,14:19:57,14.78,-0.01,12,17736,卖盘
405,14:19:45,14.79,--,99,146421,买盘
406,14:19:36,14.79,--,10,14790,买盘
407,14:19:33,14.79,--,2,2958,买盘
408,14:19:30,14.79,--,10,14790,买盘
409,14:19:21,14.79,--,2,2958,买盘
410,14:19:09,14.79,--,33,48807,卖盘
411,14:19:03,14.79,--,4,5916,卖盘
412,14:18:57,14.79,0.01,8,11832,卖盘
413,14:18:54,14.78,-0.02,5,7390,卖盘
414,14:18:45,14.8,0.02,70,103600,买盘
415,14:18:39,14.78,-0.01,2,2956,卖盘
416,14:18:36,14.79,-0.01,4,5916,中性盘
417,14:18:15,14.8,--,13,19240,买盘
418,14:18:12,14.8,--,200,296000,买盘
419,14:17:57,14.8,--,16,23680,买盘
420,14:17:45,14.8,0.02,5,7400,买盘
421,14:17:42,14.78,-0.01,74,109372,卖盘
422,14:17:39,14.79,-0.01,7,10353,卖盘
423,14:17:30,14.8,0.01,120,177600,买盘
424,14:17:24,14.79,-0.01,39,57681,卖盘
425,14:17:21,14.8,--,10,14800,买盘
426,14:17:09,14.8,--,10,14800,买盘
427,14:16:57,14.8,--,20,29600,买盘
428,14:16:54,14.8,-0.01,23,34691,卖盘
429,14:16:51,14.81,0.01,11,16291,买盘
430,14:16:39,14.8,--,24,35520,卖盘
431,14:16:33,14.8,-0.01,29,42920,卖盘
432,14:16:27,14.81,0.01,10,14810,买盘
433,14:16:24,14.8,-0.01,21,31080,卖盘
434,14:16:21,14.81,--,3,4443,买盘
435,14:16:15,14.81,0.01,1,1481,买盘
436,14:16:12,14.8,--,21,31080,卖盘
437,14:16:09,14.8,-0.01,41,60680,卖盘
438,14:16:00,14.81,--,40,59240,卖盘
439,14:15:45,14.81,0.01,54,79974,买盘
440,14:15:42,14.8,--,3,4440,卖盘
441,14:15:21,14.8,0.01,375,555828,买盘
442,14:15:12,14.79,--,30,44370,卖盘
443,14:15:06,14.79,--,81,119799,买盘
444,14:15:03,14.79,0.01,26,38454,买盘
445,14:14:48,14.78,--,22,32516,买盘
446,14:14:45,14.78,--,40,59120,买盘
447,14:14:42,14.78,0.01,100,147800,买盘
448,14:14:33,14.77,-0.01,94,138838,卖盘
449,14:14:30,14.78,--,10,14780,买盘
450,14:14:24,14.78,0.01,2,2956,买盘
451,14:14:15,14.77,--,1,1477,卖盘
452,14:14:12,14.77,--,4,6823,买盘
453,14:14:09,14.77,--,38,56126,买盘
454,14:14:06,14.77,--,2,2954,买盘
455,14:14:03,14.77,0.01,17,25109,买盘
456,14:14:00,14.76,--,58,85608,卖盘
457,14:13:57,14.76,-0.01,9,13284,卖盘
458,14:13:51,14.77,--,51,75327,买盘
459,14:13:42,14.77,0.01,16,23632,买盘
460,14:13:33,14.76,0.01,36,53136,买盘
461,14:13:15,14.75,--,3,4425,卖盘
462,14:13:12,14.75,0.01,126,186292,买盘
463,14:13:09,14.74,-0.01,5,7370,卖盘
464,14:13:06,14.75,--,28,41300,买盘
465,14:13:03,14.75,--,2,2950,买盘
466,14:13:00,14.75,0.01,5,7375,买盘
467,14:12:54,14.74,-0.01,43,63382,卖盘
468,14:12:48,14.75,0.01,49,72275,买盘
469,14:12:42,14.74,-0.01,100,147400,卖盘
470,14:12:36,14.75,--,10,14750,买盘
471,14:12:33,14.75,--,1,1475,买盘
472,14:12:30,14.75,--,10,14750,买盘
473,14:12:12,14.75,--,14,20650,买盘
474,14:12:09,14.75,0.01,20,29500,买盘
475,14:12:06,14.74,--,6,8844,卖盘
476,14:12:03,14.74,-0.01,23,33902,卖盘
477,14:11:57,14.75,0.01,32,47200,买盘
478,14:11:51,14.74,-0.01,21,30954,卖盘
479,14:11:48,14.75,--,1,1475,买盘
480,14:11:42,14.75,-0.01,7,11357,卖盘
481,14:11:39,14.76,0.01,2,2952,买盘
482,14:11:36,14.75,--,67,98825,卖盘
483,14:11:30,14.75,--,26,38350,卖盘
484,14:11:24,14.75,-0.01,30,44250,卖盘
485,14:11:18,14.76,--,3,4428,买盘
486,14:11:12,14.76,--,4,5904,买盘
487,14:11:09,14.76,0.01,2,2952,买盘
488,14:11:03,14.75,-0.01,1,1475,卖盘
489,14:11:00,14.76,0.01,50,73800,买盘
490,14:10:54,14.75,--,20,29500,卖盘
491,14:10:51,14.75,--,10,14750,卖盘
492,14:10:27,14.75,--,20,29500,卖盘
493,14:10:21,14.75,--,6,8850,卖盘
494,14:10:18,14.75,-0.01,1,1475,卖盘
495,14:10:15,14.76,0.01,1,1476,买盘
496,14:10:09,14.75,-0.01,23,33925,卖盘
497,14:09:48,14.76,--,4,5904,买盘
498,14:09:45,14.76,--,38,56088,卖盘
499,14:09:39,14.76,-0.01,1,1476,卖盘
500,14:09:36,14.77,0.01,21,31017,买盘
501,14:09:21,14.76,--,10,14760,卖盘
502,14:09:18,14.76,--,5,7380,卖盘
503,14:09:09,14.76,--,47,69372,卖盘
504,14:09:06,14.76,-0.01,34,50184,卖盘
505,14:08:57,14.77,0.01,5,7385,买盘
506,14:08:54,14.76,-0.01,3,4428,卖盘
507,14:08:39,14.77,0.01,1,1477,买盘
508,14:08:33,14.76,--,23,33948,卖盘
509,14:08:24,14.76,-0.01,1,1476,卖盘
510,14:08:18,14.77,--,2,2954,买盘
511,14:08:15,14.77,--,10,14770,买盘
512,14:08:12,14.77,0.01,1,1477,买盘
513,14:07:57,14.76,-0.01,1,1476,中性盘
514,14:07:51,14.77,--,30,44310,买盘
515,14:07:48,14.77,--,44,64988,买盘
516,14:07:42,14.77,--,5,7385,买盘
517,14:07:36,14.77,--,6,8862,买盘
518,14:07:33,14.77,0.01,15,22155,买盘
519,14:07:27,14.76,--,10,14760,卖盘
520,14:07:24,14.76,--,1,2656,卖盘
521,14:07:15,14.76,--,55,81180,卖盘
522,14:07:06,14.76,-0.01,8,11808,卖盘
523,14:07:03,14.77,--,1,1477,买盘
524,14:06:54,14.77,0.01,16,23632,买盘
525,14:06:51,14.76,-0.01,5,7380,卖盘
526,14:06:42,14.77,--,24,35448,买盘
527,14:06:39,14.77,--,1,1477,买盘
528,14:06:36,14.77,--,46,67942,买盘
529,14:06:33,14.77,--,30,44310,买盘
530,14:06:30,14.77,0.01,1,1477,买盘
531,14:06:21,14.76,--,2,2952,卖盘
532,14:06:15,14.76,-0.01,1,1476,卖盘
533,14:06:09,14.77,--,5,7385,买盘
534,14:06:06,14.77,0.01,1,1477,买盘
535,14:05:39,14.76,--,8,12546,买盘
536,14:05:36,14.76,--,6,8856,买盘
537,14:05:33,14.76,0.01,9,13284,买盘
538,14:05:30,14.75,-0.01,4,5900,卖盘
539,14:05:27,14.76,--,5,7380,买盘
540,14:05:21,14.76,--,1,1476,买盘
541,14:05:15,14.76,0.01,17,25092,买盘
542,14:05:12,14.75,-0.01,1,1475,卖盘
543,14:05:09,14.76,0.01,5,7380,买盘
544,14:05:06,14.75,--,1,1475,买盘
545,14:05:03,14.75,0.01,1,1475,中性盘
546,14:05:00,14.74,-0.02,368,542432,卖盘
547,14:04:57,14.76,0.01,1,1476,买盘
548,14:04:54,14.75,--,5,7375,卖盘
549,14:04:48,14.75,--,2,2950,卖盘
550,14:04:45,14.75,-0.01,17,25075,卖盘
551,14:04:39,14.76,--,9,14022,卖盘
552,14:04:36,14.76,--,3,5166,买盘
553,14:04:33,14.76,--,63,92988,买盘
554,14:04:30,14.76,--,6,8856,买盘
555,14:04:27,14.76,--,12,17712,买盘
556,14:04:24,14.76,--,15,22140,买盘
557,14:04:21,14.76,--,5,7380,买盘
558,14:04:12,14.76,0.02,130,191880,买盘
559,14:04:06,14.74,-0.01,9,13266,卖盘
560,14:04:03,14.75,0.01,4,5900,买盘
561,14:04:00,14.74,-0.01,18,26532,卖盘
562,14:03:57,14.75,--,10,14750,买盘
563,14:03:51,14.75,--,30,44250,买盘
564,14:03:45,14.75,0.01,7,10325,买盘
565,14:03:33,14.74,--,1,1474,卖盘
566,14:03:30,14.74,--,21,30954,买盘
567,14:03:27,14.74,--,2,2948,买盘
568,14:03:24,14.74,--,110,162140,买盘
569,14:03:21,14.74,0.01,13,19162,买盘
570,14:03:18,14.73,-0.01,7,10311,卖盘
571,14:03:15,14.74,--,10,14740,买盘
572,14:03:09,14.74,--,3,4422,买盘
573,14:03:03,14.74,0.01,8,11792,买盘
574,14:03:00,14.73,--,5,7365,卖盘
575,14:02:57,14.73,-0.01,55,81015,卖盘
576,14:02:51,14.74,0.01,7,10318,买盘
577,14:02:48,14.73,--,14,20622,卖盘
578,14:02:45,14.73,-0.01,1,1473,卖盘
579,14:02:39,14.74,--,10,14740,买盘
580,14:02:33,14.74,0.01,150,221100,买盘
581,14:02:30,14.73,--,109,160557,买盘
582,14:02:24,14.73,--,44,64812,买盘
583,14:02:21,14.73,--,6,8838,买盘
584,14:02:18,14.73,0.01,5,7365,买盘
585,14:02:15,14.72,-0.02,38,55936,卖盘
586,14:02:12,14.74,0.02,6,8844,买盘
587,14:02:09,14.72,-0.01,60,88320,卖盘
588,14:02:06,14.73,--,2,2946,卖盘
589,14:02:03,14.73,0.01,13,19149,中性盘
590,14:02:00,14.72,-0.01,102,150144,卖盘
591,14:01:57,14.73,0.01,3,4419,中性盘
592,14:01:51,14.72,-0.01,122,179584,卖盘
593,14:01:48,14.73,-0.01,32,47136,卖盘
594,14:01:45,14.74,--,2,2948,买盘
595,14:01:42,14.74,0.01,5,7370,中性盘
596,14:01:39,14.73,-0.03,141,207693,卖盘
597,14:01:36,14.76,--,63,92988,买盘
598,14:01:33,14.76,--,42,61992,买盘
599,14:01:30,14.76,--,21,30996,买盘
600,14:01:27,14.76,0.04,63,92988,买盘
601,14:01:24,14.72,-0.03,163,239936,卖盘
602,14:01:21,14.75,--,62,91450,买盘
603,14:01:18,14.75,0.02,21,30975,买盘
604,14:01:15,14.73,-0.02,2,2946,买盘
605,14:01:12,14.75,--,121,178475,买盘
606,14:01:09,14.75,--,40,59000,买盘
607,14:01:03,14.75,0.01,9,13275,买盘
608,14:01:00,14.74,0.02,3,4422,卖盘
609,14:00:57,14.72,-0.02,1325,1951857,卖盘
610,14:00:54,14.74,--,5,7370,卖盘
611,14:00:48,14.74,-0.01,78,114972,卖盘
612,14:00:45,14.75,0.01,1,1475,买盘
613,14:00:42,14.74,-0.01,2,2948,卖盘
614,14:00:39,14.75,--,177,261075,卖盘
615,14:00:36,14.75,--,21,30975,卖盘
616,14:00:30,14.75,0.01,113,166675,买盘
617,14:00:24,14.74,--,6,8844,卖盘
618,14:00:21,14.74,-0.01,34,50116,卖盘
619,14:00:18,14.75,0.01,2,2950,买盘
620,14:00:15,14.74,-0.01,7,10318,卖盘
621,14:00:12,14.75,0.01,1,1475,买盘
622,14:00:09,14.74,-0.01,17,25058,卖盘
623,14:00:03,14.75,0.01,21,30975,买盘
624,14:00:00,14.74,-0.01,5,7370,卖盘
625,13:59:54,14.75,--,7,10325,买盘
626,13:59:51,14.75,-0.01,12,17700,中性盘
627,13:59:42,14.76,0.01,477,704052,买盘
628,13:59:39,14.75,-0.01,31,45725,卖盘
629,13:59:33,14.76,--,12,17712,买盘
630,13:59:27,14.76,-0.01,49,72324,卖盘
631,13:59:15,14.77,0.01,5,7385,买盘
632,13:59:12,14.76,--,200,295200,卖盘
633,13:59:09,14.76,--,11,16236,卖盘
634,13:59:03,14.76,-0.01,90,132840,卖盘
635,13:59:00,14.77,0.01,65,96005,买盘
636,13:58:57,14.76,-0.01,31,45756,卖盘
637,13:58:51,14.77,0.01,28,41356,买盘
638,13:58:48,14.76,-0.01,1,1476,卖盘
639,13:58:36,14.77,--,3,4431,卖盘
640,13:58:30,14.77,--,23,33971,卖盘
641,13:58:27,14.77,--,72,106344,卖盘
642,13:58:24,14.77,-0.01,100,147700,卖盘
643,13:58:15,14.78,--,205,302990,买盘
644,13:58:12,14.78,--,2,2956,买盘
645,13:58:09,14.78,--,5,7390,买盘
646,13:58:03,14.78,0.01,7,10346,买盘
647,13:57:57,14.77,-0.01,10,14770,卖盘
648,13:57:48,14.78,--,29,42862,买盘
649,13:57:42,14.78,0.01,10,14780,买盘
650,13:57:39,14.77,-0.01,10,14770,卖盘
651,13:57:27,14.78,0.01,5,7390,买盘
652,13:57:18,14.77,-0.01,11,16247,卖盘
653,13:57:15,14.78,0.01,78,115284,买盘
654,13:57:09,14.77,0.01,11,16247,买盘
655,13:57:03,14.76,--,10,14760,卖盘
656,13:57:00,14.76,--,9,13284,卖盘
657,13:56:57,14.76,-0.01,10,14760,卖盘
658,13:56:54,14.77,--,11,16247,买盘
659,13:56:51,14.77,--,2,2954,买盘
660,13:56:48,14.77,0.01,2,2954,买盘
661,13:56:33,14.76,-0.01,2,2952,卖盘
662,13:56:30,14.77,--,2,2954,卖盘
663,13:56:24,14.77,--,57,84189,卖盘
664,13:56:18,14.77,--,4,5908,卖盘
665,13:56:12,14.77,--,57,84189,卖盘
666,13:56:09,14.77,--,1,1477,卖盘
667,13:56:06,14.77,--,28,41356,卖盘
668,13:56:03,14.77,--,1,1477,卖盘
669,13:56:00,14.77,-0.01,3,4431,卖盘
670,13:55:57,14.78,0.02,2,2956,买盘
671,13:55:51,14.76,--,67,98892,卖盘
672,13:55:39,14.76,--,1,1476,卖盘
673,13:55:36,14.76,--,22,32472,卖盘
674,13:55:33,14.76,-0.01,4,5904,卖盘
675,13:55:30,14.77,--,21,31017,买盘
676,13:55:24,14.77,0.01,14,20678,买盘
677,13:55:15,14.76,-0.01,5,7380,卖盘
678,13:55:09,14.77,0.01,1,1477,买盘
679,13:55:06,14.76,--,20,29520,卖盘
680,13:54:51,14.76,-0.02,10,14760,卖盘
681,13:54:42,14.78,--,5,7390,买盘
682,13:54:39,14.78,0.01,4,5912,买盘
683,13:54:36,14.77,-0.01,40,59080,卖盘
684,13:54:33,14.78,0.01,15,22170,买盘
685,13:54:24,14.77,--,15,22155,卖盘
686,13:54:15,14.77,--,5,7385,卖盘
687,13:54:12,14.77,-0.01,1,1477,卖盘
688,13:54:09,14.78,--,3,4434,买盘
689,13:54:06,14.78,0.01,8,11824,买盘
690,13:54:00,14.77,-0.01,45,66465,卖盘
691,13:53:57,14.78,0.01,16,23648,买盘
692,13:53:54,14.77,--,10,14770,卖盘
693,13:53:51,14.77,-0.01,20,29540,卖盘
694,13:53:39,14.78,--,2,2956,买盘
695,13:53:36,14.78,--,20,29560,买盘
696,13:53:27,14.78,--,10,14780,买盘
697,13:53:24,14.78,--,8,11824,卖盘
698,13:53:21,14.78,--,3,4434,卖盘
699,13:53:18,14.78,--,11,16258,买盘
700,13:53:15,14.78,--,8,11824,买盘
701,13:53:12,14.78,--,2,2956,买盘
702,13:53:09,14.78,--,5,7390,买盘
703,13:53:03,14.78,--,10,14780,买盘
704,13:53:00,14.78,--,80,118240,买盘
705,13:52:57,14.78,--,50,73900,买盘
706,13:52:51,14.78,--,20,29560,买盘
707,13:52:48,14.78,0.01,11,16258,买盘
708,13:52:42,14.77,--,5,7385,卖盘
709,13:52:39,14.77,--,1,1477,卖盘
710,13:52:30,14.77,--,20,29540,卖盘
711,13:52:18,14.77,-0.01,8,11816,卖盘
712,13:52:15,14.78,0.01,7,10346,买盘
713,13:52:12,14.77,--,3,4431,卖盘
714,13:52:09,14.77,--,17,25109,卖盘
715,13:52:06,14.77,-0.01,97,143269,卖盘
716,13:52:00,14.78,0.01,3,4434,买盘
717,13:51:57,14.77,--,2,2954,卖盘
718,13:51:54,14.77,-0.01,28,41356,卖盘
719,13:51:51,14.78,--,1,1478,买盘
720,13:51:42,14.78,0.01,7,10346,买盘
721,13:51:33,14.77,--,6,8862,卖盘
722,13:51:15,14.77,--,10,14770,中性盘
723,13:51:03,14.77,--,22,32494,买盘
724,13:50:57,14.77,--,23,33971,买盘
725,13:50:51,14.77,-0.01,69,101913,卖盘
726,13:50:45,14.78,0.01,4,5912,买盘
727,13:50:42,14.77,--,40,59080,卖盘
728,13:50:36,14.77,--,9,13293,卖盘
729,13:50:30,14.77,--,1,1477,卖盘
730,13:50:27,14.77,--,70,103390,卖盘
731,13:50:18,14.77,--,6,8862,卖盘
732,13:50:15,14.77,0.01,86,127022,买盘
733,13:50:12,14.76,-0.01,23,33948,卖盘
734,13:50:03,14.77,--,6,8862,买盘
735,13:50:00,14.77,--,25,36925,买盘
736,13:49:54,14.77,--,1,1477,买盘
737,13:49:45,14.77,--,5,7385,卖盘
738,13:49:42,14.77,--,1,1477,卖盘
739,13:49:39,14.77,-0.01,8,11816,卖盘
740,13:49:36,14.78,0.01,22,32516,买盘
741,13:49:33,14.77,-0.01,1,1477,中性盘
742,13:49:27,14.78,--,38,56164,买盘
743,13:49:18,14.78,0.02,6,8868,买盘
744,13:49:03,14.76,--,50,73800,卖盘
745,13:48:54,14.76,-0.01,30,44280,卖盘
746,13:48:51,14.77,--,10,14770,卖盘
747,13:48:45,14.77,0.01,7,10339,买盘
748,13:48:42,14.76,--,12,17712,卖盘
749,13:48:39,14.76,--,39,57564,卖盘
750,13:48:36,14.76,--,2,2952,卖盘
751,13:48:30,14.76,--,74,109224,卖盘
752,13:48:27,14.76,--,42,61992,卖盘
753,13:48:21,14.76,0.01,86,126936,买盘
754,13:48:18,14.75,--,30,44250,卖盘
755,13:48:15,14.75,-0.01,27,39825,卖盘
756,13:48:12,14.76,--,47,69372,买盘
757,13:48:06,14.76,--,21,30996,买盘
758,13:48:03,14.76,0.01,119,175644,买盘
759,13:47:57,14.75,-0.01,40,59000,卖盘
760,13:47:54,14.76,0.01,31,45756,买盘
761,13:47:51,14.75,--,32,47200,卖盘
762,13:47:45,14.75,--,21,30975,卖盘
763,13:47:42,14.75,--,25,36875,卖盘
764,13:47:39,14.75,--,35,51625,卖盘
765,13:47:36,14.75,-0.01,10,14750,卖盘
766,13:47:33,14.76,0.01,26,38376,买盘
767,13:47:27,14.75,--,10,14750,卖盘
768,13:47:24,14.75,-0.01,60,88500,卖盘
769,13:47:21,14.76,0.01,14,20664,买盘
770,13:47:18,14.75,--,2,2950,卖盘
771,13:47:15,14.75,-0.01,3,4425,卖盘
772,13:47:12,14.76,--,20,29520,买盘
773,13:47:06,14.76,--,92,135792,买盘
774,13:47:03,14.76,--,4,5904,卖盘
775,13:47:00,14.76,--,44,64944,卖盘
776,13:46:54,14.76,--,151,222876,卖盘
777,13:46:48,14.76,--,19,28044,卖盘
778,13:46:45,14.76,--,5,7380,卖盘
779,13:46:42,14.76,--,45,66420,卖盘
780,13:46:39,14.76,--,85,125460,卖盘
781,13:46:36,14.76,--,100,147600,卖盘
782,13:46:33,14.76,--,51,75276,卖盘
783,13:46:30,14.76,--,43,63468,卖盘
784,13:46:24,14.76,--,30,44280,卖盘
785,13:46:15,14.76,--,40,59040,卖盘
786,13:46:12,14.76,-0.01,2,2952,卖盘
787,13:46:03,14.77,--,16,23632,卖盘
788,13:46:00,14.77,-0.01,85,125545,卖盘
789,13:45:51,14.78,0.01,48,70944,买盘
790,13:45:48,14.77,--,20,29540,卖盘
791,13:45:42,14.77,--,3,4431,卖盘
792,13:45:33,14.77,-0.01,9,13293,卖盘
793,13:45:30,14.78,0.01,31,45818,买盘
794,13:45:27,14.77,--,12,17724,卖盘
795,13:45:24,14.77,--,29,42833,卖盘
796,13:45:21,14.77,-0.01,29,42833,卖盘
797,13:45:18,14.78,0.01,10,14780,买盘
798,13:45:15,14.77,--,23,33971,卖盘
799,13:45:12,14.77,--,22,32494,卖盘
800,13:45:09,14.77,--,77,113729,卖盘
801,13:45:06,14.77,-0.01,21,31017,卖盘
802,13:45:03,14.78,--,2,2956,买盘
803,13:45:00,14.78,-0.01,88,130064,卖盘
804,13:44:57,14.79,--,15,22185,买盘
805,13:44:54,14.79,--,1,1479,买盘
806,13:44:51,14.79,0.01,3,4437,买盘
807,13:44:48,14.78,--,21,31038,卖盘
808,13:44:45,14.78,-0.01,18,26604,卖盘
809,13:44:42,14.79,0.01,2,2958,买盘
810,13:44:36,14.78,-0.01,10,14780,卖盘
811,13:44:30,14.79,0.01,11,16268,买盘
812,13:44:27,14.78,-0.01,12,17736,卖盘
813,13:44:21,14.79,0.01,4,5916,买盘
814,13:44:00,14.78,--,15,22170,卖盘
815,13:43:51,14.78,0.01,27,39906,买盘
816,13:43:48,14.77,--,14,20678,卖盘
817,13:43:33,14.77,-0.01,34,50218,卖盘
818,13:43:30,14.78,--,32,47296,买盘
819,13:43:21,14.78,0.01,21,31038,买盘
820,13:43:18,14.77,--,5,7385,卖盘
821,13:43:15,14.77,--,112,165424,卖盘
822,13:43:12,14.77,-0.01,22,32494,卖盘
823,13:43:06,14.78,--,4,5912,卖盘
824,13:43:03,14.78,0.01,18,26604,买盘
825,13:43:00,14.77,-0.01,12,17724,卖盘
826,13:42:54,14.78,--,4,5912,买盘
827,13:42:51,14.78,--,1,1478,买盘
828,13:42:45,14.78,0.01,27,39906,卖盘
829,13:42:42,14.77,--,14,20678,卖盘
830,13:42:39,14.77,-0.01,93,137361,卖盘
831,13:42:33,14.78,-0.01,2,2956,中性盘
832,13:42:30,14.79,0.01,3,4437,买盘
833,13:42:27,14.78,0.01,21,31038,买盘
834,13:42:24,14.77,-0.01,15,22155,卖盘
835,13:42:21,14.78,--,5,7390,买盘
836,13:42:15,14.78,--,1,1478,买盘
837,13:42:12,14.78,--,10,14780,买盘
838,13:42:09,14.78,0.01,6,8868,买盘
839,13:42:06,14.77,-0.01,14,20678,卖盘
840,13:42:03,14.78,--,4,5912,买盘
841,13:41:42,14.78,--,4,5912,买盘
842,13:41:39,14.78,--,14,20692,卖盘
843,13:41:36,14.78,--,3,4434,卖盘
844,13:41:30,14.78,--,50,73900,卖盘
845,13:41:21,14.78,--,5,7390,卖盘
846,13:41:15,14.78,-0.01,6,8868,卖盘
847,13:41:12,14.79,0.01,3,4437,中性盘
848,13:41:06,14.78,--,5,7390,卖盘
849,13:41:03,14.78,--,10,14780,卖盘
850,13:40:54,14.78,-0.02,5,7390,卖盘
851,13:40:48,14.8,0.02,4,5920,买盘
852,13:40:36,14.78,-0.02,22,32516,卖盘
853,13:40:33,14.8,0.02,5,7400,买盘
854,13:40:30,14.78,-0.02,13,19214,卖盘
855,13:40:15,14.8,0.02,204,301920,买盘
856,13:40:12,14.78,-0.01,40,59120,卖盘
857,13:40:09,14.79,--,2,2958,中性盘
858,13:39:54,14.79,--,4,5916,卖盘
859,13:39:51,14.79,--,6,8874,买盘
860,13:39:48,14.79,0.01,64,94656,买盘
861,13:39:45,14.78,--,9,13302,卖盘
862,13:39:42,14.78,-0.02,20,29560,卖盘
863,13:39:33,14.8,0.01,50,74000,买盘
864,13:39:27,14.79,--,10,14790,卖盘
865,13:39:21,14.79,--,11,16268,卖盘
866,13:39:12,14.79,--,1,1479,卖盘
867,13:39:06,14.79,-0.01,1,1479,卖盘
868,13:38:57,14.8,0.01,4,5920,买盘
869,13:38:54,14.79,--,48,70992,卖盘
870,13:38:48,14.79,-0.01,10,14790,卖盘
871,13:38:45,14.8,--,62,91760,买盘
872,13:38:33,14.8,0.01,3,4440,买盘
873,13:38:30,14.79,--,125,184875,卖盘
874,13:38:27,14.79,--,20,29580,卖盘
875,13:38:18,14.79,-0.01,2,2958,卖盘
876,13:38:12,14.8,--,2,2960,买盘
877,13:38:06,14.8,--,4,5920,买盘
878,13:38:03,14.8,--,16,23680,买盘
879,13:37:42,14.8,--,51,75480,卖盘
880,13:37:39,14.8,--,60,88800,卖盘
881,13:37:36,14.8,--,6,8880,卖盘
882,13:37:33,14.8,--,25,37000,卖盘
883,13:37:24,14.8,--,6,8880,卖盘
884,13:37:21,14.8,-0.01,7,10360,卖盘
885,13:37:18,14.81,0.01,4,5924,买盘
886,13:37:15,14.8,-0.01,10,14800,卖盘
887,13:37:00,14.81,--,226,336112,卖盘
888,13:36:57,14.81,--,12,17772,卖盘
889,13:36:54,14.81,-0.01,21,31101,卖盘
890,13:36:51,14.82,0.01,25,37050,买盘
891,13:36:45,14.81,--,21,31101,卖盘
892,13:36:36,14.81,--,60,88860,卖盘
893,13:36:33,14.81,-0.01,2,2962,卖盘
894,13:36:27,14.82,--,61,90402,买盘
895,13:36:09,14.82,--,37,54834,卖盘
896,13:36:06,14.82,--,31,45942,卖盘
897,13:36:03,14.82,--,3,4446,卖盘
898,13:36:00,14.82,--,8,11856,卖盘
899,13:35:57,14.82,--,9,13338,卖盘
900,13:35:51,14.82,--,20,29640,卖盘
901,13:35:48,14.82,-0.01,5,7410,卖盘
902,13:35:45,14.83,0.01,13,19279,买盘
903,13:35:39,14.82,--,12,17784,卖盘
904,13:35:36,14.82,-0.01,30,44460,卖盘
905,13:35:30,14.83,--,11,16313,买盘
906,13:35:21,14.83,--,115,170545,卖盘
907,13:35:18,14.83,--,10,14830,卖盘
908,13:35:15,14.83,-0.01,20,29660,卖盘
909,13:35:09,14.84,--,17,25228,买盘
910,13:34:45,14.84,--,20,29680,买盘
911,13:34:42,14.84,--,24,35616,买盘
912,13:34:36,14.84,--,5,7420,买盘
913,13:34:27,14.84,0.01,3,4452,买盘
914,13:34:24,14.83,-0.01,3,4449,卖盘
915,13:34:12,14.84,0.01,3,4452,买盘
916,13:34:06,14.83,--,28,41524,买盘
917,13:34:03,14.83,--,5,7415,买盘
918,13:34:00,14.83,--,54,80082,买盘
919,13:33:45,14.83,--,3,4449,买盘
920,13:33:39,14.83,0.01,3,4449,买盘
921,13:33:21,14.82,--,7,10374,买盘
922,13:33:18,14.82,-0.01,6,8892,中性盘
923,13:32:57,14.83,0.01,4,5932,买盘
924,13:32:54,14.82,--,5,7410,卖盘
925,13:32:42,14.82,--,1,1482,买盘
926,13:32:39,14.82,0.01,4,5928,中性盘
927,13:32:30,14.81,-0.01,50,74050,卖盘
928,13:32:27,14.82,--,5,7410,卖盘
929,13:32:24,14.82,0.01,77,114114,买盘
930,13:32:15,14.81,--,2,2962,卖盘
931,13:32:12,14.81,-0.01,39,57759,卖盘
932,13:32:06,14.82,--,3,4446,买盘
933,13:32:03,14.82,--,11,16302,买盘
934,13:31:54,14.82,--,10,14820,买盘
935,13:31:48,14.82,--,6,8892,买盘
936,13:31:45,14.82,--,8,11856,买盘
937,13:31:42,14.82,--,4,5928,买盘
938,13:31:36,14.82,0.01,2,2964,买盘
939,13:31:33,14.81,-0.01,2,2962,卖盘
940,13:31:27,14.82,--,1,1482,买盘
941,13:31:18,14.82,--,3,4446,买盘
942,13:31:15,14.82,0.01,8,11856,买盘
943,13:31:00,14.81,-0.01,3,4443,卖盘
944,13:30:57,14.82,--,3,4446,买盘
945,13:30:51,14.82,--,16,23712,买盘
946,13:30:48,14.82,0.01,3,4446,买盘
947,13:30:30,14.81,-0.01,10,14810,卖盘
948,13:30:27,14.82,--,58,85956,买盘
949,13:30:18,14.82,--,16,23712,买盘
950,13:30:12,14.82,--,4,5928,买盘
951,13:30:03,14.82,0.01,8,11856,买盘
952,13:30:00,14.81,-0.01,15,22215,卖盘
953,13:29:33,14.82,0.01,39,57798,买盘
954,13:29:30,14.81,--,18,26658,卖盘
955,13:29:27,14.81,--,5,7405,卖盘
956,13:29:21,14.81,-0.01,10,14810,卖盘
957,13:29:03,14.82,0.01,305,452010,买盘
958,13:28:57,14.81,--,5,7405,卖盘
959,13:28:48,14.81,--,6,8886,卖盘
960,13:28:39,14.81,-0.01,1,1481,卖盘
961,13:28:33,14.82,--,9,13338,买盘
962,13:28:30,14.82,0.01,1,1482,买盘
963,13:28:27,14.81,-0.01,16,23696,卖盘
964,13:28:24,14.82,--,4,5928,买盘
965,13:28:15,14.82,--,6,8892,买盘
966,13:28:12,14.82,--,4,5928,买盘
967,13:28:03,14.82,--,4,5928,买盘
968,13:28:00,14.82,--,46,68172,买盘
969,13:27:54,14.82,--,5,7410,买盘
970,13:27:51,14.82,--,5,7410,买盘
971,13:27:45,14.82,--,4,5928,买盘
972,13:27:33,14.82,0.01,3,4446,买盘
973,13:27:15,14.81,--,15,22289,买盘
974,13:27:12,14.81,--,11,16291,买盘
975,13:27:09,14.81,--,5,7405,买盘
976,13:27:06,14.81,--,8,11848,买盘
977,13:26:42,14.81,--,50,74050,买盘
978,13:26:39,14.81,--,4,5924,买盘
979,13:26:36,14.81,0.01,27,39987,买盘
980,13:26:33,14.8,--,6,8880,卖盘
981,13:26:18,14.8,--,52,76960,买盘
982,13:26:15,14.8,--,5,7400,买盘
983,13:26:12,14.8,--,9,13320,买盘
984,13:26:03,14.8,--,21,31080,买盘
985,13:26:00,14.8,--,21,31080,买盘
986,13:25:57,14.8,0.01,36,53280,买盘
987,13:25:51,14.79,--,1,1479,卖盘
988,13:25:48,14.79,-0.01,35,51765,中性盘
989,13:25:30,14.8,0.01,109,161320,买盘
990,13:25:21,14.79,--,30,44370,卖盘
991,13:25:18,14.79,-0.01,8,11832,卖盘
992,13:25:03,14.8,0.01,6,8880,买盘
993,13:24:57,14.79,-0.01,10,14790,卖盘
994,13:24:54,14.8,0.01,14,20720,买盘
995,13:24:48,14.79,--,3,4437,卖盘
996,13:24:45,14.79,--,42,62118,卖盘
997,13:24:36,14.79,--,6,8874,卖盘
998,13:24:33,14.79,--,1,1479,卖盘
999,13:24:27,14.79,-0.01,56,82824,卖盘
1000,13:24:03,14.8,0.01,2,2960,买盘
1001,13:24:00,14.79,--,2,2958,卖盘
1002,13:23:57,14.79,--,5,7395,卖盘
1003,13:23:54,14.79,--,12,17748,卖盘
1004,13:23:51,14.79,-0.01,1,1479,卖盘
1005,13:23:48,14.8,--,5,7400,买盘
1006,13:23:45,14.8,--,4,5920,买盘
1007,13:23:33,14.8,0.01,1,1480,买盘
1008,13:23:12,14.79,-0.01,5,7395,卖盘
1009,13:23:03,14.8,0.01,2,2960,买盘
1010,13:23:00,14.79,--,1,1479,卖盘
1011,13:22:54,14.79,-0.01,4,5916,卖盘
1012,13:22:48,14.8,--,4,5920,买盘
1013,13:22:45,14.8,0.01,1,1480,买盘
1014,13:22:39,14.79,-0.01,2,2958,卖盘
1015,13:22:33,14.8,0.01,2,2960,买盘
1016,13:22:27,14.79,--,17,25143,卖盘
1017,13:22:18,14.79,-0.01,17,25143,卖盘
1018,13:22:09,14.8,--,4,5920,买盘
1019,13:22:03,14.8,--,96,142080,卖盘
1020,13:21:51,14.8,--,12,17760,卖盘
1021,13:21:42,14.8,-0.01,5,7400,卖盘
1022,13:21:36,14.81,0.01,8,11848,买盘
1023,13:21:33,14.8,--,23,34040,买盘
1024,13:21:30,14.8,-0.01,12,17760,卖盘
1025,13:21:27,14.81,0.01,1,1481,买盘
1026,13:21:24,14.8,--,4,5920,卖盘
1027,13:21:21,14.8,--,69,102120,买盘
1028,13:21:15,14.8,--,4,5920,买盘
1029,13:21:09,14.8,--,19,28120,卖盘
1030,13:21:06,14.8,--,15,22200,卖盘
1031,13:21:03,14.8,--,90,133200,卖盘
1032,13:20:57,14.8,--,1,1480,卖盘
1033,13:20:45,14.8,--,2,2960,卖盘
1034,13:20:30,14.8,-0.02,40,59200,卖盘
1035,13:20:27,14.82,0.01,4,5928,买盘
1036,13:20:21,14.81,0.01,2,2962,买盘
1037,13:20:18,14.8,-0.01,11,16280,卖盘
1038,13:20:12,14.81,--,25,37025,卖盘
1039,13:19:54,14.81,--,9,13329,买盘
1040,13:19:51,14.81,0.01,12,17772,买盘
1041,13:19:48,14.8,0.01,9,13320,中性盘
1042,13:19:45,14.79,-0.01,17,25143,卖盘
1043,13:19:39,14.8,--,5,7400,卖盘
1044,13:19:33,14.8,--,8,11840,卖盘
1045,13:19:30,14.8,--,3,4440,卖盘
1046,13:19:27,14.8,0.01,39,57720,买盘
1047,13:19:24,14.79,-0.01,10,14790,卖盘
1048,13:19:21,14.8,--,2,2960,买盘
1049,13:19:15,14.8,--,4,5920,买盘
1050,13:19:12,14.8,0.01,20,29600,买盘
1051,13:19:03,14.79,-0.01,20,29580,卖盘
1052,13:18:54,14.8,0.01,4,5920,买盘
1053,13:18:48,14.79,--,19,28101,买盘
1054,13:18:45,14.79,--,30,44370,买盘
1055,13:18:42,14.79,--,11,16268,买盘
1056,13:18:39,14.79,--,20,29580,买盘
1057,13:18:33,14.79,--,10,14790,买盘
1058,13:18:27,14.79,--,7,10353,买盘
1059,13:18:24,14.79,--,15,22185,卖盘
1060,13:18:12,14.79,--,8,11832,买盘
1061,13:18:09,14.79,-0.01,22,32537,卖盘
1062,13:17:57,14.8,0.01,53,78440,买盘
1063,13:17:42,14.79,-0.01,3,4437,卖盘
1064,13:17:33,14.8,--,12,17760,买盘
1065,13:17:27,14.8,--,36,53280,买盘
1066,13:17:24,14.8,0.02,1,1480,买盘
1067,13:17:15,14.78,-0.02,12,17736,卖盘
1068,13:17:06,14.8,0.02,3,4440,买盘
1069,13:17:00,14.78,-0.01,94,138932,卖盘
1070,13:16:57,14.79,0.01,12,17748,买盘
1071,13:16:54,14.78,--,17,25126,卖盘
1072,13:16:51,14.78,-0.01,6,8868,卖盘
1073,13:16:45,14.79,0.01,23,34017,买盘
1074,13:16:42,14.78,-0.01,3,4434,卖盘
1075,13:16:36,14.79,0.01,51,75429,买盘
1076,13:16:30,14.78,-0.01,28,41384,卖盘
1077,13:16:24,14.79,--,3,4437,买盘
1078,13:16:18,14.79,-0.01,17,25143,卖盘
1079,13:16:15,14.8,0.01,15,22200,买盘
1080,13:16:12,14.79,--,26,38454,卖盘
1081,13:16:09,14.79,-0.01,23,34017,卖盘
1082,13:15:48,14.8,--,4,5920,买盘
1083,13:15:42,14.8,0.02,13,19240,买盘
1084,13:15:39,14.78,-0.01,19,28082,卖盘
1085,13:15:27,14.79,-0.01,29,42891,卖盘
1086,13:15:24,14.8,0.01,4,5920,买盘
1087,13:15:18,14.79,--,7,10353,买盘
1088,13:15:15,14.79,0.01,10,14790,买盘
1089,13:15:09,14.78,-0.01,1,1478,卖盘
1090,13:15:06,14.79,--,4,5916,卖盘
1091,13:15:03,14.79,--,5,7395,卖盘
1092,13:14:48,14.79,-0.01,1,1479,卖盘
1093,13:14:45,14.8,0.01,3,4440,买盘
1094,13:14:42,14.79,-0.01,3,4437,卖盘
1095,13:14:39,14.8,0.02,2,2960,买盘
1096,13:14:36,14.78,--,12,17736,卖盘
1097,13:14:33,14.78,-0.01,22,32516,卖盘
1098,13:14:30,14.79,0.01,4,5916,买盘
1099,13:14:27,14.78,--,4,5912,卖盘
1100,13:14:15,14.78,--,5,7390,卖盘
1101,13:14:12,14.78,-0.02,19,28082,卖盘
1102,13:14:09,14.8,0.02,83,122840,买盘
1103,13:14:06,14.78,--,19,28082,卖盘
1104,13:13:57,14.78,-0.02,4,5912,卖盘
1105,13:13:48,14.8,0.01,87,128760,买盘
1106,13:13:42,14.79,--,79,116841,卖盘
1107,13:13:39,14.79,-0.01,92,136068,卖盘
1108,13:13:33,14.8,--,11,16280,买盘
1109,13:13:24,14.8,--,5,7400,买盘
1110,13:13:15,14.8,--,3,4440,买盘
1111,13:13:09,14.8,-0.01,58,85840,中性盘
1112,13:12:54,14.81,0.02,3,4443,买盘
1113,13:12:39,14.79,-0.01,61,90219,卖盘
1114,13:12:36,14.8,--,11,16280,买盘
1115,13:12:30,14.8,--,35,51800,买盘
1116,13:12:21,14.8,--,4,5920,买盘
1117,13:12:09,14.8,0.01,58,85840,买盘
1118,13:12:06,14.79,--,8,11832,卖盘
1119,13:12:03,14.79,--,74,109446,卖盘
1120,13:12:00,14.79,-0.01,1,1479,卖盘
1121,13:11:51,14.8,0.01,14,20720,买盘
1122,13:11:45,14.79,--,35,51765,卖盘
1123,13:11:39,14.79,--,17,25143,卖盘
1124,13:11:36,14.79,-0.01,9,13311,卖盘
1125,13:11:12,14.8,--,4,5920,买盘
1126,13:11:09,14.8,--,30,44400,买盘
1127,13:10:57,14.8,0.01,1,1480,买盘
1128,13:10:51,14.79,-0.01,13,19227,卖盘
1129,13:10:48,14.8,--,11,16280,卖盘
1130,13:10:39,14.8,--,3,4440,卖盘
1131,13:10:33,14.8,-0.01,1,1480,卖盘
1132,13:10:24,14.81,0.01,4,5924,买盘
1133,13:10:18,14.8,--,37,54760,卖盘
1134,13:10:15,14.8,--,10,14800,卖盘
1135,13:10:12,14.8,-0.01,16,23680,卖盘
1136,13:09:57,14.81,--,4,5924,买盘
1137,13:09:48,14.81,0.01,4,5924,买盘
1138,13:09:36,14.8,-0.01,3,4440,卖盘
1139,13:09:30,14.81,--,7,10367,买盘
1140,13:09:24,14.81,0.01,1,1481,买盘
1141,13:09:21,14.8,-0.01,20,29600,卖盘
1142,13:09:15,14.81,--,8,11848,买盘
1143,13:09:03,14.81,--,5,7405,买盘
1144,13:08:51,14.81,-0.01,26,38506,卖盘
1145,13:08:48,14.82,-0.01,3,4446,中性盘
1146,13:08:33,14.83,0.02,9,13347,买盘
1147,13:08:15,14.81,-0.02,40,59240,卖盘
1148,13:08:12,14.83,--,4,5932,买盘
1149,13:08:09,14.83,--,58,86014,买盘
1150,13:08:06,14.83,--,10,14830,买盘
1151,13:07:54,14.83,--,10,14830,买盘
1152,13:07:42,14.83,--,8,11864,买盘
1153,13:07:33,14.83,0.02,1,1483,买盘
1154,13:07:21,14.81,--,10,14810,卖盘
1155,13:07:09,14.81,--,1,1481,卖盘
1156,13:07:06,14.81,0.01,45,66645,买盘
1157,13:07:03,14.8,--,8,11840,卖盘
1158,13:06:57,14.8,--,5,7400,卖盘
1159,13:06:45,14.8,--,2,2960,卖盘
1160,13:06:39,14.8,--,6,8880,卖盘
1161,13:06:27,14.8,--,17,25160,卖盘
1162,13:06:24,14.8,--,12,17760,买盘
1163,13:06:06,14.8,-0.01,109,161320,卖盘
1164,13:06:03,14.81,0.01,4,5924,买盘
1165,13:05:57,14.8,--,21,31080,卖盘
1166,13:05:33,14.8,-0.01,2,2960,卖盘
1167,13:05:24,14.81,0.01,4,5924,买盘
1168,13:05:03,14.8,-0.03,4,5920,卖盘
1169,13:04:48,14.83,0.05,1,1483,买盘
1170,13:04:33,14.78,-0.03,265,391670,卖盘
1171,13:04:24,14.81,--,2,2962,卖盘
1172,13:04:15,14.81,--,1,1481,卖盘
1173,13:04:06,14.81,-0.02,25,37025,卖盘
1174,13:04:03,14.83,--,4,5932,买盘
1175,13:03:54,14.83,0.03,4,5932,买盘
1176,13:03:39,14.8,-0.03,3,4440,卖盘
1177,13:03:36,14.83,0.03,2,2966,买盘
1178,13:03:27,14.8,--,23,34040,卖盘
1179,13:03:21,14.8,-0.03,5,7400,卖盘
1180,13:03:12,14.83,--,5,7415,买盘
1181,13:02:57,14.83,--,11,16313,卖盘
1182,13:02:51,14.83,0.03,7,10381,卖盘
1183,13:02:39,14.8,-0.04,1900,2812000,卖盘
1184,13:02:33,14.84,--,5,7420,买盘
1185,13:02:30,14.84,--,2,2968,买盘
1186,13:02:21,14.84,--,4,5936,买盘
1187,13:02:09,14.84,--,19,28196,买盘
1188,13:02:03,14.84,--,2,2968,买盘
1189,13:02:00,14.84,--,23,34132,买盘
1190,13:01:57,14.84,0.01,49,72716,买盘
1191,13:01:54,14.83,--,31,45973,卖盘
1192,13:01:48,14.83,-0.01,10,14830,卖盘
1193,13:01:33,14.84,-0.01,45,66780,卖盘
1194,13:01:27,14.85,--,9,13365,买盘
1195,13:01:18,14.85,--,5,7425,买盘
1196,13:01:12,14.85,--,7,10395,买盘
1197,13:01:03,14.85,--,2,2970,买盘
1198,13:00:57,14.85,-0.01,3,4455,中性盘
1199,13:00:42,14.86,--,55,81730,买盘
1200,13:00:33,14.86,0.03,1,1486,买盘
1201,13:00:15,14.83,-0.02,100,148300,卖盘
1202,13:00:09,14.85,0.02,5,7425,买盘
1203,13:00:06,14.83,-0.02,58,86014,卖盘
1204,13:00:03,14.85,0.02,249,369765,买盘
1205,13:00:00,14.83,--,0,0,卖盘
1206,11:30:00,14.83,--,10,14830,卖盘
1207,11:29:54,14.83,--,21,31143,卖盘
1208,11:29:45,14.83,-0.02,22,32626,卖盘
1209,11:29:42,14.85,0.02,3,4455,买盘
1210,11:29:36,14.83,--,21,31143,卖盘
1211,11:29:24,14.83,--,126,186858,卖盘
1212,11:29:18,14.83,-0.02,4,5932,卖盘
1213,11:29:15,14.85,0.02,4,5940,买盘
1214,11:28:42,14.83,--,21,31143,卖盘
1215,11:28:33,14.83,--,1,1483,卖盘
1216,11:28:30,14.83,-0.01,21,31143,卖盘
1217,11:28:24,14.84,--,30,44520,卖盘
1218,11:28:03,14.84,-0.01,3,4452,卖盘
1219,11:27:57,14.85,--,6,8910,买盘
1220,11:27:51,14.85,0.01,4,5940,买盘
1221,11:27:24,14.84,--,11,16324,卖盘
1222,11:27:21,14.84,-0.01,8,11872,卖盘
1223,11:27:18,14.85,0.01,4,5940,买盘
1224,11:27:06,14.84,--,11,16324,卖盘
1225,11:27:00,14.84,-0.01,11,16324,卖盘
1226,11:26:48,14.85,0.01,4,5940,买盘
1227,11:26:42,14.84,--,11,16324,卖盘
1228,11:26:39,14.84,--,137,203308,卖盘
1229,11:26:18,14.84,-0.01,2,2968,卖盘
1230,11:26:12,14.85,0.01,9,13365,买盘
1231,11:25:57,14.84,-0.01,40,59360,卖盘
1232,11:25:48,14.85,--,10,14850,买盘
1233,11:25:45,14.85,--,4,5940,买盘
1234,11:25:42,14.85,--,1,1485,买盘
1235,11:25:39,14.85,--,5,7425,买盘
1236,11:25:33,14.85,--,13,19305,买盘
1237,11:25:21,14.85,--,4,5940,买盘
1238,11:25:18,14.85,0.01,5,7425,买盘
1239,11:25:15,14.84,-0.01,2,2968,卖盘
1240,11:25:09,14.85,--,47,69795,卖盘
1241,11:25:00,14.85,-0.01,10,14850,卖盘
1242,11:24:57,14.86,--,53,78758,买盘
1243,11:24:30,14.86,0.01,3,4458,买盘
1244,11:24:12,14.85,-0.01,2,2970,卖盘
1245,11:24:06,14.86,0.01,3,4458,买盘
1246,11:23:57,14.85,-0.01,1,1485,卖盘
1247,11:23:48,14.86,--,32,47552,买盘
1248,11:23:42,14.86,0.01,4,5944,买盘
1249,11:23:39,14.85,--,37,54945,卖盘
1250,11:23:18,14.85,--,37,54945,卖盘
1251,11:23:15,14.85,--,2,2970,卖盘
1252,11:23:12,14.85,-0.01,2,2970,卖盘
1253,11:23:09,14.86,--,2,2972,买盘
1254,11:23:03,14.86,--,1,1486,买盘
1255,11:22:51,14.86,0.01,4,5944,买盘
1256,11:22:48,14.85,--,22,32670,卖盘
1257,11:22:45,14.85,--,1,1485,卖盘
1258,11:22:33,14.85,--,116,172260,卖盘
1259,11:22:30,14.85,-0.01,2,2970,卖盘
1260,11:22:24,14.86,0.01,1,1486,买盘
1261,11:22:06,14.85,--,1,1485,卖盘
1262,11:22:03,14.85,-0.01,3,4455,卖盘
1263,11:22:00,14.86,0.01,25,37150,买盘
1264,11:21:51,14.85,-0.01,15,22275,卖盘
1265,11:21:48,14.86,0.01,1,1486,买盘
1266,11:21:36,14.85,-0.01,80,118800,卖盘
1267,11:21:33,14.86,0.01,4,5944,买盘
1268,11:21:24,14.85,--,10,14850,卖盘
1269,11:21:18,14.85,-0.01,2,2970,卖盘
1270,11:21:12,14.86,0.01,4,5944,买盘
1271,11:21:09,14.85,-0.01,4,5940,卖盘
1272,11:20:45,14.86,0.01,94,139684,买盘
1273,11:20:36,14.85,-0.01,22,32670,卖盘
1274,11:20:27,14.86,0.01,21,31206,买盘
1275,11:20:21,14.85,--,2,2970,卖盘
1276,11:20:15,14.85,--,5,7425,卖盘
1277,11:20:12,14.85,-0.01,50,74250,卖盘
1278,11:19:48,14.86,0.01,33,49038,买盘
1279,11:19:45,14.85,-0.01,10,14850,卖盘
1280,11:19:42,14.86,0.01,13,19318,买盘
1281,11:19:36,14.85,--,50,74250,卖盘
1282,11:19:21,14.85,-0.01,2,2970,卖盘
1283,11:19:15,14.86,0.01,3,4458,买盘
1284,11:19:09,14.85,--,20,29700,卖盘
1285,11:19:06,14.85,--,14,20790,卖盘
1286,11:18:57,14.85,-0.01,20,29700,卖盘
1287,11:18:54,14.86,--,4,5944,买盘
1288,11:18:48,14.86,0.01,3,4458,买盘
1289,11:18:39,14.85,--,49,72765,卖盘
1290,11:18:30,14.85,-0.01,2,2970,卖盘
1291,11:18:24,14.86,--,5,7430,买盘
1292,11:18:06,14.86,--,4,5944,买盘
1293,11:18:03,14.86,--,2,2972,买盘
1294,11:17:54,14.86,0.01,3,4458,买盘
1295,11:17:39,14.85,--,16,23760,卖盘
1296,11:17:33,14.85,-0.01,2,2970,卖盘
1297,11:17:27,14.86,--,4,5944,买盘
1298,11:17:15,14.86,--,10,14860,买盘
1299,11:17:06,14.86,--,7,10402,买盘
1300,11:17:03,14.86,0.01,53,78758,买盘
1301,11:16:54,14.85,--,5,7425,卖盘
1302,11:16:51,14.85,-0.01,8,11880,卖盘
1303,11:16:39,14.86,0.01,5,7430,买盘
1304,11:16:36,14.85,--,5,7425,卖盘
1305,11:16:33,14.85,--,2,2970,卖盘
1306,11:16:30,14.85,--,38,56430,卖盘
1307,11:16:27,14.85,-0.01,42,62370,卖盘
1308,11:16:15,14.86,--,3,4458,买盘
1309,11:16:03,14.86,0.01,15,22290,买盘
1310,11:15:48,14.85,-0.01,2,2970,卖盘
1311,11:15:39,14.86,0.01,33,49038,买盘
1312,11:15:30,14.85,-0.01,4,5940,卖盘
1313,11:15:24,14.86,0.01,4,5944,买盘
1314,11:15:18,14.85,--,20,29700,卖盘
1315,11:15:12,14.85,--,22,32670,卖盘
1316,11:15:09,14.85,--,24,35640,卖盘
1317,11:15:03,14.85,-0.01,11,16335,卖盘
1318,11:15:00,14.86,--,4,5944,买盘
1319,11:14:57,14.86,0.01,26,38636,买盘
1320,11:14:48,14.85,--,2,2970,卖盘
1321,11:14:36,14.85,--,2,2970,卖盘
1322,11:14:30,14.85,-0.01,12,17820,卖盘
1323,11:14:18,14.86,0.01,30,44580,买盘
1324,11:14:12,14.85,--,48,71280,卖盘
1325,11:14:09,14.85,--,8,11880,卖盘
1326,11:14:06,14.85,-0.01,21,31185,卖盘
1327,11:14:03,14.86,0.01,4,5944,买盘
1328,11:14:00,14.85,--,29,43065,卖盘
1329,11:13:57,14.85,-0.01,2,2970,卖盘
1330,11:13:39,14.86,0.01,4,5944,买盘
1331,11:13:33,14.85,-0.01,2,2970,卖盘
1332,11:13:30,14.86,--,57,84702,卖盘
1333,11:13:27,14.86,--,6,8916,卖盘
1334,11:13:21,14.86,-0.01,21,31206,卖盘
1335,11:13:12,14.87,0.01,3,4461,中性盘
1336,11:13:00,14.86,-0.01,34,50524,卖盘
1337,11:12:57,14.87,--,4,5948,卖盘
1338,11:12:48,14.87,--,2,2974,卖盘
1339,11:12:42,14.87,0.01,79,117473,买盘
1340,11:12:27,14.86,-0.01,3,4458,卖盘
1341,11:12:15,14.87,0.01,4,5948,买盘
1342,11:12:12,14.86,--,4,5944,卖盘
1343,11:11:57,14.86,--,11,16346,买盘
1344,11:11:48,14.86,0.01,4,5944,买盘
1345,11:11:45,14.85,--,2,2970,卖盘
1346,11:11:42,14.85,--,2,2970,卖盘
1347,11:11:39,14.85,--,1,1485,卖盘
1348,11:11:24,14.85,--,7,10395,卖盘
1349,11:10:51,14.85,--,2,2970,卖盘
1350,11:10:45,14.85,-0.01,100,148500,卖盘
1351,11:10:30,14.86,--,4,5944,买盘
1352,11:10:06,14.86,0.01,4,5944,买盘
1353,11:10:03,14.85,--,1,1485,卖盘
1354,11:09:45,14.85,-0.02,16,23760,卖盘
1355,11:09:42,14.87,--,4,5948,买盘
1356,11:09:39,14.87,0.02,13,19331,买盘
1357,11:09:33,14.85,-0.01,21,31185,卖盘
1358,11:09:27,14.86,--,36,53496,卖盘
1359,11:09:21,14.86,-0.01,30,44580,卖盘
1360,11:09:18,14.87,--,3,4461,买盘
1361,11:08:48,14.87,--,6,8922,买盘
1362,11:08:42,14.87,--,31,46097,买盘
1363,11:08:27,14.87,-0.01,4,5948,中性盘
1364,11:08:18,14.88,0.01,27,40176,买盘
1365,11:08:15,14.87,--,28,41636,卖盘
1366,11:08:03,14.87,-0.01,2,2974,卖盘
1367,11:07:57,14.88,--,9,13392,买盘
1368,11:07:36,14.88,--,3,4464,买盘
1369,11:07:33,14.88,0.02,19,28272,买盘
1370,11:07:15,14.86,--,10,14860,卖盘
1371,11:07:03,14.86,--,2,2972,卖盘
1372,11:06:57,14.86,0.01,31,46066,中性盘
1373,11:06:30,14.85,--,63,93555,买盘
1374,11:06:27,14.85,--,2,2970,买盘
1375,11:06:24,14.85,--,20,29700,买盘
1376,11:06:12,14.85,--,2,2970,买盘
1377,11:06:06,14.85,-0.04,73,108405,卖盘
1378,11:06:00,14.89,--,3,4467,买盘
1379,11:05:51,14.89,0.02,23,34247,买盘
1380,11:05:48,14.87,--,21,31227,买盘
1381,11:05:45,14.87,--,55,81785,买盘
1382,11:05:39,14.87,-0.02,8,11896,卖盘
1383,11:05:36,14.89,--,84,125076,买盘
1384,11:05:33,14.89,0.01,136,202504,买盘
1385,11:05:30,14.88,0.01,45,66960,买盘
1386,11:05:27,14.87,--,42,62454,买盘
1387,11:05:12,14.87,0.03,52,77324,买盘
1388,11:05:09,14.84,--,18,26712,卖盘
1389,11:05:00,14.84,-0.02,5,7420,卖盘
1390,11:04:57,14.86,0.02,21,31206,买盘
1391,11:04:54,14.84,--,29,43036,卖盘
1392,11:04:36,14.84,--,3,4452,卖盘
1393,11:04:27,14.84,-0.01,17,25228,卖盘
1394,11:04:21,14.85,--,3,4455,买盘
1395,11:04:18,14.85,--,3,4455,买盘
1396,11:04:15,14.85,0.01,76,112860,买盘
1397,11:04:06,14.84,--,12,17808,卖盘
1398,11:04:00,14.84,-0.01,3,4452,卖盘
1399,11:03:57,14.85,--,8,11880,买盘
1400,11:03:54,14.85,0.01,4,5940,买盘
1401,11:03:33,14.84,-0.01,3,4452,卖盘
1402,11:03:21,14.85,--,2,2970,买盘
1403,11:03:12,14.85,0.01,36,53460,买盘
1404,11:03:06,14.84,-0.01,2,2968,卖盘
1405,11:02:57,14.85,--,9,13365,买盘
1406,11:02:48,14.85,--,5,7425,买盘
1407,11:02:30,14.85,--,3,4455,买盘
1408,11:02:21,14.85,0.01,5,7425,买盘
1409,11:02:09,14.84,-0.01,3,4452,卖盘
1410,11:02:06,14.85,0.01,3,4455,买盘
1411,11:02:03,14.84,-0.01,41,60844,卖盘
1412,11:01:45,14.85,--,5,7425,买盘
1413,11:01:39,14.85,0.01,64,95040,买盘
1414,11:01:33,14.84,--,10,14840,卖盘
1415,11:01:27,14.84,--,2,2968,卖盘
1416,11:01:21,14.84,-0.01,4,5936,卖盘
1417,11:01:15,14.85,--,35,51975,买盘
1418,11:01:12,14.85,0.01,4,5940,买盘
1419,11:01:09,14.84,--,21,31164,卖盘
1420,11:01:00,14.84,-0.01,2,2968,卖盘
1421,11:00:57,14.85,-0.01,28,42144,卖盘
1422,11:00:54,14.86,--,21,31206,买盘
1423,11:00:51,14.86,0.01,24,35664,买盘
1424,11:00:48,14.85,-0.01,10,14850,卖盘
1425,11:00:45,14.86,0.01,4,5944,买盘
1426,11:00:39,14.85,-0.01,5,7425,卖盘
1427,11:00:21,14.86,0.01,4,5944,买盘
1428,11:00:12,14.85,-0.01,105,155925,卖盘
1429,11:00:09,14.86,0.01,3,4458,买盘
1430,11:00:03,14.85,-0.01,2,2970,卖盘
1431,11:00:00,14.86,--,2,2972,买盘
1432,10:59:57,14.86,-0.01,52,77272,卖盘
1433,10:59:45,14.87,0.01,4,5948,买盘
1434,10:59:42,14.86,--,24,35664,卖盘
1435,10:59:39,14.86,--,10,14860,卖盘
1436,10:59:36,14.86,--,4,5944,卖盘
1437,10:59:33,14.86,--,128,190208,买盘
1438,10:59:27,14.86,--,5,7430,买盘
1439,10:59:21,14.86,0.01,11,16346,买盘
1440,10:59:18,14.85,--,12,17820,卖盘
1441,10:59:12,14.85,--,15,22275,卖盘
1442,10:59:03,14.85,-0.01,32,47520,卖盘
1443,10:58:57,14.86,--,4,5944,买盘
1444,10:58:54,14.86,--,4,5944,买盘
1445,10:58:51,14.86,--,2,2972,卖盘
1446,10:58:45,14.86,0.01,2,2972,中性盘
1447,10:58:30,14.85,--,15,22275,卖盘
1448,10:58:24,14.85,-0.01,51,75735,卖盘
1449,10:58:21,14.86,0.01,99,148035,买盘
1450,10:58:15,14.85,-0.01,21,31185,卖盘
1451,10:58:12,14.86,0.01,30,44580,买盘
1452,10:58:09,14.85,--,200,297000,卖盘
1453,10:58:06,14.85,-0.01,4,5940,卖盘
1454,10:58:00,14.86,--,3,4458,卖盘
1455,10:57:57,14.86,--,4,5944,卖盘
1456,10:57:54,14.86,--,20,29720,卖盘
1457,10:57:51,14.86,--,23,34178,卖盘
1458,10:57:48,14.86,--,5,7430,卖盘
1459,10:57:45,14.86,-0.01,23,34178,卖盘
1460,10:57:42,14.87,0.01,32,47584,买盘
1461,10:57:39,14.86,--,21,31206,卖盘
1462,10:57:36,14.86,-0.01,16,23924,卖盘
1463,10:57:33,14.87,--,42,62454,卖盘
1464,10:57:27,14.87,--,21,31227,卖盘
1465,10:57:21,14.87,--,25,38513,买盘
1466,10:57:18,14.87,--,57,84759,买盘
1467,10:57:09,14.87,--,18,26766,买盘
1468,10:57:06,14.87,--,20,31108,卖盘
1469,10:57:03,14.87,-0.01,9,13501,卖盘
1470,10:57:00,14.88,0.01,200,297600,买盘
1471,10:56:57,14.87,-0.01,21,31227,卖盘
1472,10:56:54,14.88,--,5,7440,买盘
1473,10:56:51,14.88,0.01,34,50592,买盘
1474,10:56:48,14.87,-0.01,25,37175,卖盘
1475,10:56:42,14.88,--,3,4464,买盘
1476,10:56:30,14.88,--,5,7440,买盘
1477,10:56:24,14.88,0.01,5,7440,买盘
1478,10:56:18,14.87,--,4,5948,卖盘
1479,10:56:09,14.87,--,2,2974,卖盘
1480,10:56:06,14.87,-0.01,20,29740,卖盘
1481,10:56:03,14.88,--,9,13392,买盘
1482,10:55:57,14.88,0.01,3,4464,买盘
1483,10:55:48,14.87,-0.01,1,1487,卖盘
1484,10:55:42,14.88,--,3,5029,卖盘
1485,10:55:30,14.88,--,15,22320,卖盘
1486,10:55:27,14.88,--,4,5952,卖盘
1487,10:55:24,14.88,--,4,5952,卖盘
1488,10:55:12,14.88,--,2,2976,卖盘
1489,10:55:06,14.88,--,10,14880,卖盘
1490,10:55:00,14.88,--,3,4464,卖盘
1491,10:54:57,14.88,--,20,29760,卖盘
1492,10:54:51,14.88,--,8,11904,卖盘
1493,10:54:42,14.88,0.01,144,215194,买盘
1494,10:54:33,14.87,-0.01,5,7435,卖盘
1495,10:54:27,14.88,0.01,50,74400,买盘
1496,10:54:24,14.87,--,2,2974,卖盘
1497,10:54:18,14.87,-0.01,10,14870,卖盘
1498,10:53:54,14.88,--,68,101184,买盘
1499,10:53:24,14.88,0.01,10,14880,买盘
1500,10:53:18,14.87,--,2,2974,卖盘
1501,10:53:15,14.87,-0.01,83,123421,卖盘
1502,10:53:12,14.88,--,30,44640,买盘
1503,10:53:06,14.88,--,5,7440,买盘
1504,10:53:03,14.88,--,144,214272,买盘
1505,10:52:54,14.88,--,55,81840,买盘
1506,10:52:48,14.88,--,30,44640,买盘
1507,10:52:42,14.88,0.01,3,4464,买盘
1508,10:52:24,14.87,-0.01,10,14870,卖盘
1509,10:52:18,14.88,--,20,29760,买盘
1510,10:52:03,14.88,0.02,10,14880,买盘
1511,10:51:54,14.86,-0.02,5,7430,卖盘
1512,10:51:42,14.88,0.02,35,52080,买盘
1513,10:51:39,14.86,-0.02,29,43094,卖盘
1514,10:51:27,14.88,0.01,43,63984,买盘
1515,10:51:24,14.87,--,2,2974,买盘
1516,10:51:21,14.87,--,29,43509,卖盘
1517,10:50:48,14.87,--,1,1487,卖盘
1518,10:50:42,14.87,0.02,289,430843,买盘
1519,10:50:33,14.85,-0.01,2,2970,卖盘
1520,10:50:30,14.86,--,10,14860,买盘
1521,10:50:27,14.86,0.01,11,16346,买盘
1522,10:50:09,14.85,-0.01,20,29700,卖盘
1523,10:50:03,14.86,--,19,28234,买盘
1524,10:50:00,14.86,-0.01,34,50524,卖盘
1525,10:49:57,14.87,--,42,62454,买盘
1526,10:49:54,14.87,0.01,63,93681,买盘
1527,10:49:51,14.86,0.01,21,31206,买盘
1528,10:49:42,14.85,-0.01,8,11880,卖盘
1529,10:49:39,14.86,0.01,20,29720,买盘
1530,10:49:24,14.85,-0.01,2,2970,卖盘
1531,10:49:21,14.86,--,26,38636,买盘
1532,10:49:18,14.86,--,2,2972,买盘
1533,10:49:15,14.86,0.01,6,8916,买盘
1534,10:48:57,14.85,-0.01,52,77220,卖盘
1535,10:48:45,14.86,--,7,10402,卖盘
1536,10:48:33,14.86,--,2,2972,卖盘
1537,10:48:30,14.86,--,2,2972,卖盘
1538,10:48:24,14.86,-0.01,5,7430,中性盘
1539,10:48:12,14.87,0.02,8,11896,买盘
1540,10:48:09,14.85,-0.01,10,14850,卖盘
1541,10:48:06,14.86,0.01,14,20804,买盘
1542,10:48:00,14.85,--,1,1485,卖盘
1543,10:47:57,14.85,-0.01,23,34155,卖盘
1544,10:47:48,14.86,--,10,14860,买盘
1545,10:47:39,14.86,--,2,2972,买盘
1546,10:47:36,14.86,0.01,47,69842,买盘
1547,10:47:33,14.85,--,100,148500,卖盘
1548,10:47:27,14.85,--,2,2970,卖盘
1549,10:47:24,14.85,-0.01,17,25245,卖盘
1550,10:47:21,14.86,0.01,10,14860,买盘
1551,10:47:15,14.85,--,5,7425,卖盘
1552,10:47:12,14.85,--,10,14850,卖盘
1553,10:47:06,14.85,-0.01,10,14850,卖盘
1554,10:47:03,14.86,0.01,26,38636,买盘
1555,10:46:42,14.85,-0.01,14,20790,卖盘
1556,10:46:36,14.86,0.01,2,2972,买盘
1557,10:46:30,14.85,-0.01,37,54945,卖盘
1558,10:46:21,14.86,--,8,12631,卖盘
1559,10:46:15,14.86,--,4,5944,卖盘
1560,10:45:54,14.86,--,38,57211,买盘
1561,10:45:51,14.86,--,5,7430,买盘
1562,10:45:48,14.86,--,6,9659,卖盘
1563,10:45:42,14.86,--,1,1486,卖盘
1564,10:45:30,14.86,--,2,2972,卖盘
1565,10:45:27,14.86,--,75,111450,卖盘
1566,10:45:24,14.86,--,10,14860,卖盘
1567,10:45:18,14.86,--,15,22290,卖盘
1568,10:45:15,14.86,-0.01,6,8916,卖盘
1569,10:45:12,14.87,0.01,3,4461,买盘
1570,10:45:09,14.86,--,5,7430,卖盘
1571,10:45:03,14.86,--,10,14860,卖盘
1572,10:45:00,14.86,-0.01,22,32692,卖盘
1573,10:44:57,14.87,0.01,8,11896,买盘
1574,10:44:54,14.86,--,10,14860,卖盘
1575,10:44:51,14.86,--,12,17832,卖盘
1576,10:44:36,14.86,-0.01,4,5944,卖盘
1577,10:44:33,14.87,0.01,10,14870,买盘
1578,10:44:30,14.86,--,30,44580,卖盘
1579,10:44:18,14.86,-0.01,70,104020,卖盘
1580,10:44:12,14.87,0.01,31,46097,买盘
1581,10:43:57,14.86,--,2,2972,卖盘
1582,10:43:51,14.86,--,7,10402,卖盘
1583,10:43:45,14.86,--,61,91879,卖盘
1584,10:43:27,14.86,--,30,44580,卖盘
1585,10:43:21,14.86,-0.01,1,1486,卖盘
1586,10:43:12,14.87,0.01,50,74350,买盘
1587,10:43:00,14.86,-0.01,120,178320,卖盘
1588,10:42:57,14.87,0.01,10,14870,买盘
1589,10:42:39,14.86,-0.01,2,2972,卖盘
1590,10:42:36,14.87,--,4,5948,买盘
1591,10:42:33,14.87,-0.01,57,84759,中性盘
1592,10:42:00,14.88,0.01,8,11904,买盘
1593,10:41:57,14.87,--,60,89220,买盘
1594,10:41:51,14.87,0.01,11,16357,买盘
1595,10:41:48,14.86,-0.01,2,2972,卖盘
1596,10:41:45,14.87,--,28,41636,买盘
1597,10:41:42,14.87,--,5,7435,买盘
1598,10:41:18,14.87,--,60,89220,买盘
1599,10:40:57,14.87,0.01,5,7435,买盘
1600,10:40:48,14.86,-0.01,5,7430,卖盘
1601,10:40:45,14.87,0.01,5,7435,买盘
1602,10:40:42,14.86,-0.01,2,2972,卖盘
1603,10:40:39,14.87,--,9,13383,买盘
1604,10:40:36,14.87,--,60,89220,买盘
1605,10:40:30,14.87,0.01,6,8922,买盘
1606,10:40:27,14.86,-0.01,288,428963,卖盘
1607,10:40:21,14.87,0.01,20,29740,买盘
1608,10:40:12,14.86,-0.01,30,44580,卖盘
1609,10:40:00,14.87,--,15,22305,买盘
1610,10:39:57,14.87,0.01,5,7435,买盘
1611,10:39:54,14.86,--,1,1486,卖盘
1612,10:39:51,14.86,--,5,7430,卖盘
1613,10:39:48,14.86,--,30,44580,卖盘
1614,10:39:45,14.86,--,2,2972,卖盘
1615,10:39:42,14.86,-0.01,3,4458,卖盘
1616,10:39:39,14.87,0.01,4,5948,买盘
1617,10:39:33,14.86,-0.01,2,2972,卖盘
1618,10:39:18,14.87,--,1,1487,买盘
1619,10:39:15,14.87,--,10,14870,买盘
1620,10:38:57,14.87,0.01,10,14870,买盘
1621,10:38:54,14.86,--,1,1486,卖盘
1622,10:38:51,14.86,--,3,4458,卖盘
1623,10:38:48,14.86,--,2,2972,卖盘
1624,10:38:42,14.86,--,2,2972,卖盘
1625,10:38:33,14.86,-0.01,10,14860,卖盘
1626,10:38:30,14.87,--,8,11896,买盘
1627,10:38:24,14.87,--,5,7435,买盘
1628,10:38:21,14.87,--,3,4461,买盘
1629,10:38:12,14.87,0.01,10,14870,买盘
1630,10:38:03,14.86,-0.01,1,1486,卖盘
1631,10:37:57,14.87,-0.01,1,1487,卖盘
1632,10:37:51,14.88,0.01,34,50592,买盘
1633,10:37:48,14.87,--,41,60967,卖盘
1634,10:37:45,14.87,--,250,371750,卖盘
1635,10:37:36,14.87,-0.01,17,25279,卖盘
1636,10:37:27,14.88,--,57,84816,买盘
1637,10:37:18,14.88,--,4,5952,买盘
1638,10:37:12,14.88,--,30,44640,买盘
1639,10:37:06,14.88,--,5,7440,买盘
1640,10:36:57,14.88,0.01,4,5952,买盘
1641,10:36:54,14.87,--,5,7435,卖盘
1642,10:36:48,14.87,--,6,8922,卖盘
1643,10:36:42,14.87,--,7,10409,卖盘
1644,10:36:39,14.87,0.01,3,4461,中性盘
1645,10:36:36,14.86,-0.01,14,20804,卖盘
1646,10:36:33,14.87,--,2,2974,卖盘
1647,10:36:30,14.87,--,85,126395,卖盘
1648,10:36:27,14.87,--,10,14870,卖盘
1649,10:36:12,14.87,--,1,1487,卖盘
1650,10:36:03,14.87,--,131,194797,卖盘
1651,10:35:51,14.87,-0.01,8,11896,卖盘
1652,10:35:45,14.88,0.01,1,1488,买盘
1653,10:35:42,14.87,-0.01,4,5948,卖盘
1654,10:35:39,14.88,0.01,6,8928,买盘
1655,10:35:33,14.87,--,11,16357,卖盘
1656,10:35:24,14.87,--,7,10409,卖盘
1657,10:35:06,14.87,0.01,68,101116,中性盘
1658,10:35:00,14.86,--,5,7430,卖盘
1659,10:34:57,14.86,-0.02,2,2972,卖盘
1660,10:34:51,14.88,0.01,1,1488,买盘
1661,10:34:39,14.87,--,104,154648,卖盘
1662,10:34:36,14.87,-0.01,1,1487,卖盘
1663,10:34:33,14.88,--,20,29760,买盘
1664,10:34:27,14.88,0.01,229,340752,买盘
1665,10:34:24,14.87,--,7,10409,买盘
1666,10:34:21,14.87,--,20,29740,卖盘
1667,10:34:18,14.87,-0.01,1,1487,卖盘
1668,10:34:12,14.88,0.01,3,4464,买盘
1669,10:34:03,14.87,--,32,47584,买盘
1670,10:34:00,14.87,--,76,113012,卖盘
1671,10:33:57,14.87,-0.01,10,14870,卖盘
1672,10:33:54,14.88,--,19,28272,买盘
1673,10:33:42,14.88,--,4,5952,买盘
1674,10:33:33,14.88,0.01,10,14880,买盘
1675,10:33:21,14.87,-0.01,20,29740,卖盘
1676,10:33:18,14.88,--,4,5952,买盘
1677,10:33:15,14.88,--,11,16368,买盘
1678,10:33:12,14.88,--,26,38688,买盘
1679,10:33:09,14.88,0.01,3,4464,买盘
1680,10:33:06,14.87,-0.01,100,148700,卖盘
1681,10:33:00,14.88,0.01,21,31248,买盘
1682,10:32:54,14.87,--,1,1487,卖盘
1683,10:32:45,14.87,-0.01,10,14870,卖盘
1684,10:32:42,14.88,0.01,4,5952,买盘
1685,10:32:36,14.87,--,3,4461,买盘
1686,10:32:30,14.87,0.01,10,14870,买盘
1687,10:32:24,14.86,-0.01,22,32692,卖盘
1688,10:32:18,14.87,--,3,4461,买盘
1689,10:32:15,14.87,0.01,18,26766,买盘
1690,10:32:12,14.86,-0.01,11,16346,卖盘
1691,10:32:09,14.87,--,5,7435,买盘
1692,10:32:06,14.87,--,15,22305,买盘
1693,10:32:03,14.87,0.01,13,19331,买盘
1694,10:32:00,14.86,-0.01,2,2972,卖盘
1695,10:31:57,14.87,--,300,446100,买盘
1696,10:31:54,14.87,--,10,14870,买盘
1697,10:31:48,14.87,--,5,7435,买盘
1698,10:31:45,14.87,--,28,41636,卖盘
1699,10:31:36,14.87,--,26,38662,卖盘
1700,10:31:24,14.87,--,4,5948,卖盘
1701,10:31:18,14.87,--,7,10409,卖盘
1702,10:31:06,14.87,--,1,1487,卖盘
1703,10:31:03,14.87,--,1,1487,卖盘
1704,10:31:00,14.87,-0.01,2,2974,卖盘
1705,10:30:54,14.88,--,1,1488,买盘
1706,10:30:51,14.88,--,3,4464,买盘
1707,10:30:48,14.88,0.01,10,14880,买盘
1708,10:30:45,14.87,--,12,17844,卖盘
1709,10:30:39,14.87,--,18,26766,卖盘
1710,10:30:30,14.87,-0.01,10,14870,卖盘
1711,10:30:24,14.88,0.01,8,11904,买盘
1712,10:30:21,14.87,--,1,1487,卖盘
1713,10:30:18,14.87,-0.01,10,14870,卖盘
1714,10:30:15,14.88,0.01,5,7440,买盘
1715,10:30:12,14.87,--,5,7435,卖盘
1716,10:30:06,14.87,-0.01,22,32714,卖盘
1717,10:30:03,14.88,0.01,21,31248,买盘
1718,10:30:00,14.87,-0.01,54,80298,卖盘
1719,10:29:51,14.88,0.01,49,72912,买盘
1720,10:29:42,14.87,-0.01,30,44610,卖盘
1721,10:29:36,14.88,0.01,1,1488,买盘
1722,10:29:24,14.87,-0.01,38,56506,卖盘
1723,10:29:15,14.88,0.01,4,5952,买盘
1724,10:29:09,14.87,--,5,7435,卖盘
1725,10:29:06,14.87,--,33,49071,卖盘
1726,10:29:03,14.87,--,15,22305,卖盘
1727,10:29:00,14.87,--,5,7435,卖盘
1728,10:28:48,14.87,--,10,14870,卖盘
1729,10:28:45,14.87,--,31,46097,卖盘
1730,10:28:36,14.87,--,4,5948,卖盘
1731,10:28:30,14.87,--,4,5948,卖盘
1732,10:28:27,14.87,-0.01,67,99629,卖盘
1733,10:28:24,14.88,0.01,21,31248,买盘
1734,10:28:21,14.87,0.01,60,89220,买盘
1735,10:28:18,14.86,-0.01,26,38636,卖盘
1736,10:28:12,14.87,0.01,10,14870,买盘
1737,10:28:09,14.86,--,110,163460,卖盘
1738,10:28:06,14.86,--,10,14860,卖盘
1739,10:28:03,14.86,--,5,7430,卖盘
1740,10:28:00,14.86,--,5,7430,卖盘
1741,10:27:57,14.86,-0.01,14,20804,卖盘
1742,10:27:54,14.87,0.01,1,1487,中性盘
1743,10:27:42,14.86,-0.02,5,7430,卖盘
1744,10:27:36,14.88,--,4,5952,买盘
1745,10:27:30,14.88,0.01,5,7440,买盘
1746,10:27:24,14.87,--,20,29740,卖盘
1747,10:27:21,14.87,--,15,22305,卖盘
1748,10:27:12,14.87,--,10,14870,卖盘
1749,10:27:09,14.87,-0.01,2,2974,卖盘
1750,10:27:06,14.88,0.01,38,56544,买盘
1751,10:27:03,14.87,--,11,16357,卖盘
1752,10:27:00,14.87,--,30,44610,卖盘
1753,10:26:57,14.87,--,120,178440,卖盘
1754,10:26:51,14.87,--,18,26766,卖盘
1755,10:26:48,14.87,--,22,32714,卖盘
1756,10:26:45,14.87,--,52,77324,卖盘
1757,10:26:42,14.87,--,4,5948,卖盘
1758,10:26:36,14.87,--,21,31227,卖盘
1759,10:26:33,14.87,--,108,160596,卖盘
1760,10:26:30,14.87,--,21,31227,卖盘
1761,10:26:27,14.87,0.01,31,46097,买盘
1762,10:26:24,14.86,--,21,31206,卖盘
1763,10:26:18,14.86,-0.01,60,89160,卖盘
1764,10:26:12,14.87,--,2,2974,卖盘
1765,10:26:09,14.87,--,52,77324,卖盘
1766,10:26:06,14.87,-0.01,8,11896,卖盘
1767,10:26:00,14.88,0.01,60,89280,买盘
1768,10:25:51,14.87,--,17,25279,卖盘
1769,10:25:45,14.87,-0.01,8,11896,卖盘
1770,10:25:39,14.88,--,2,2976,买盘
1771,10:25:36,14.88,--,15,22320,买盘
1772,10:25:33,14.88,0.01,5,7440,买盘
1773,10:25:30,14.87,--,2,2974,卖盘
1774,10:25:27,14.87,-0.01,20,29740,卖盘
1775,10:25:24,14.88,0.01,13,19344,买盘
1776,10:25:21,14.87,--,5,7435,卖盘
1777,10:25:15,14.87,-0.01,7,10409,卖盘
1778,10:25:09,14.88,0.01,21,31248,买盘
1779,10:25:03,14.87,-0.01,20,29740,卖盘
1780,10:25:00,14.88,--,1,1488,买盘
1781,10:24:57,14.88,--,3,4464,买盘
1782,10:24:54,14.88,--,12,17856,买盘
1783,10:24:42,14.88,--,3,4464,买盘
1784,10:24:18,14.88,--,159,236592,买盘
1785,10:24:15,14.88,0.01,4,5952,买盘
1786,10:24:12,14.87,-0.01,55,81785,卖盘
1787,10:24:06,14.88,--,28,41664,买盘
1788,10:24:00,14.88,--,5,7440,买盘
1789,10:23:57,14.88,--,44,65472,卖盘
1790,10:23:54,14.88,-0.01,200,297600,卖盘
1791,10:23:51,14.89,--,7,10423,买盘
1792,10:23:48,14.89,0.01,3,4467,买盘
1793,10:23:45,14.88,--,35,52080,卖盘
1794,10:23:42,14.88,--,38,56544,卖盘
1795,10:23:39,14.88,-0.01,25,37200,卖盘
1796,10:23:30,14.89,0.01,21,31269,买盘
1797,10:23:24,14.88,--,22,32736,卖盘
1798,10:23:15,14.88,--,6,8928,卖盘
1799,10:23:09,14.88,-0.01,34,50592,卖盘
1800,10:23:03,14.89,0.01,25,37225,买盘
1801,10:23:00,14.88,--,44,65472,卖盘
1802,10:22:54,14.88,--,70,104160,卖盘
1803,10:22:42,14.88,--,47,69936,卖盘
1804,10:22:39,14.88,--,50,74400,卖盘
1805,10:22:33,14.88,-0.01,1,1488,卖盘
1806,10:22:30,14.89,--,100,148900,买盘
1807,10:22:27,14.89,0.01,5,7445,买盘
1808,10:22:21,14.88,-0.01,15,22320,卖盘
1809,10:22:18,14.89,--,21,31269,买盘
1810,10:22:15,14.89,--,28,41692,买盘
1811,10:22:09,14.89,0.01,15,22335,买盘
1812,10:22:06,14.88,-0.01,7,10416,卖盘
1813,10:22:03,14.89,0.01,12,17868,买盘
1814,10:22:00,14.88,-0.01,11,16368,卖盘
1815,10:21:57,14.89,0.01,5,7445,买盘
1816,10:21:51,14.88,-0.01,10,14880,卖盘
1817,10:21:48,14.89,--,4,5956,买盘
1818,10:21:39,14.89,--,50,74450,卖盘
1819,10:21:33,14.89,--,12,17868,卖盘
1820,10:21:30,14.89,-0.01,1,1489,中性盘
1821,10:21:24,14.9,0.01,7,10430,买盘
1822,10:21:21,14.89,--,7,10423,卖盘
1823,10:21:15,14.89,-0.01,12,17868,卖盘
1824,10:21:12,14.9,--,5,7450,买盘
1825,10:21:09,14.9,--,39,58110,买盘
1826,10:21:06,14.9,0.01,21,31290,买盘
1827,10:20:54,14.89,--,10,14890,卖盘
1828,10:20:45,14.89,-0.01,1,1489,卖盘
1829,10:20:39,14.9,--,22,32780,买盘
1830,10:20:36,14.9,--,15,22350,买盘
1831,10:20:30,14.9,--,2,2980,买盘
1832,10:20:27,14.9,0.01,61,90890,买盘
1833,10:20:24,14.89,--,34,51385,卖盘
1834,10:20:18,14.89,--,50,74450,卖盘
1835,10:20:09,14.89,--,20,29780,卖盘
1836,10:20:03,14.89,-0.01,62,92318,卖盘
1837,10:19:54,14.9,0.01,3,4470,买盘
1838,10:19:48,14.89,--,52,77428,卖盘
1839,10:19:39,14.89,--,16,23824,卖盘
1840,10:19:33,14.89,-0.01,2,2978,卖盘
1841,10:19:30,14.9,0.01,6,8940,买盘
1842,10:19:27,14.89,-0.01,8,11912,卖盘
1843,10:19:15,14.9,0.01,13,20413,买盘
1844,10:19:09,14.89,-0.01,10,14890,卖盘
1845,10:19:06,14.9,0.01,5,7450,买盘
1846,10:19:03,14.89,--,8,11912,卖盘
1847,10:18:57,14.89,--,6,8934,卖盘
1848,10:18:54,14.89,-0.01,28,41692,卖盘
1849,10:18:51,14.9,0.01,4,5960,买盘
1850,10:18:36,14.89,--,5,7445,卖盘
1851,10:18:33,14.89,-0.01,20,29780,卖盘
1852,10:18:30,14.9,0.01,2,2980,买盘
1853,10:18:27,14.89,-0.01,2,2978,卖盘
1854,10:18:24,14.9,0.01,4,5960,买盘
1855,10:18:21,14.89,--,21,31269,卖盘
1856,10:18:18,14.89,-0.01,7,10423,卖盘
1857,10:18:09,14.9,0.01,6,8940,买盘
1858,10:18:06,14.89,-0.01,10,14890,卖盘
1859,10:18:03,14.9,--,9,13410,买盘
1860,10:17:57,14.9,--,4,5960,买盘
1861,10:17:51,14.9,--,37,55130,买盘
1862,10:17:45,14.9,0.01,6,8940,买盘
1863,10:17:39,14.89,-0.01,57,84873,卖盘
1864,10:17:36,14.9,0.01,30,44700,买盘
1865,10:17:30,14.89,-0.01,2,2978,卖盘
1866,10:17:24,14.9,--,4,5960,买盘
1867,10:17:15,14.9,-0.01,316,470840,卖盘
1868,10:17:12,14.91,0.01,2,2982,买盘
1869,10:17:06,14.9,--,10,14900,卖盘
1870,10:17:00,14.9,--,100,149000,买盘
1871,10:16:57,14.9,0.01,24,35760,买盘
1872,10:16:51,14.89,--,12,17868,卖盘
1873,10:16:48,14.89,--,38,56582,卖盘
1874,10:16:39,14.89,--,231,343959,卖盘
1875,10:16:36,14.89,-0.01,62,92318,卖盘
1876,10:16:30,14.9,--,3,4470,买盘
1877,10:16:18,14.9,--,171,254790,卖盘
1878,10:16:12,14.9,--,39,58110,卖盘
1879,10:16:09,14.9,--,8,11920,卖盘
1880,10:16:06,14.9,--,115,171350,卖盘
1881,10:16:03,14.9,--,8,11920,卖盘
1882,10:16:00,14.9,--,20,29800,卖盘
1883,10:15:54,14.9,--,20,29800,卖盘
1884,10:15:51,14.9,--,5,7450,卖盘
1885,10:15:48,14.9,-0.01,2,2980,卖盘
1886,10:15:39,14.91,--,6,8946,买盘
1887,10:15:36,14.91,--,196,292728,卖盘
1888,10:15:33,14.91,--,6,8946,卖盘
1889,10:15:30,14.91,--,36,54436,卖盘
1890,10:15:27,14.91,--,50,74550,卖盘
1891,10:15:24,14.91,--,20,29820,卖盘
1892,10:15:18,14.91,--,10,14910,卖盘
1893,10:15:09,14.91,-0.01,2,2982,卖盘
1894,10:15:06,14.92,0.01,4,5968,买盘
1895,10:14:57,14.91,--,20,29820,卖盘
1896,10:14:54,14.91,--,42,62622,卖盘
1897,10:14:45,14.91,-0.01,40,59640,卖盘
1898,10:14:42,14.92,0.01,4,5968,买盘
1899,10:14:36,14.91,-0.01,2,2982,卖盘
1900,10:14:30,14.92,--,30,45565,卖盘
1901,10:14:24,14.92,--,11,16412,卖盘
1902,10:14:18,14.92,--,200,299086,买盘
1903,10:14:15,14.92,0.01,4,5968,买盘
1904,10:14:12,14.91,--,21,31311,卖盘
1905,10:14:06,14.91,--,4,5964,卖盘
1906,10:13:45,14.91,-0.01,55,82005,卖盘
1907,10:13:42,14.92,0.01,84,125328,买盘
1908,10:13:39,14.91,--,22,32802,卖盘
1909,10:13:36,14.91,--,24,35784,卖盘
1910,10:13:33,14.91,--,53,79023,卖盘
1911,10:13:30,14.91,-0.01,9,13419,卖盘
1912,10:13:21,14.92,0.01,4,5968,买盘
1913,10:13:15,14.91,--,10,14910,卖盘
1914,10:13:12,14.91,-0.01,20,29820,卖盘
1915,10:12:57,14.92,0.01,4,5968,买盘
1916,10:12:51,14.91,--,5,7455,卖盘
1917,10:12:48,14.91,--,1,1491,卖盘
1918,10:12:45,14.91,-0.01,20,29820,卖盘
1919,10:12:39,14.92,0.01,5,7460,买盘
1920,10:12:36,14.91,-0.01,2,2982,卖盘
1921,10:12:30,14.92,--,133,199241,卖盘
1922,10:12:24,14.92,--,101,150692,卖盘
1923,10:12:15,14.92,--,3,4476,卖盘
1924,10:12:12,14.92,-0.01,10,14920,卖盘
1925,10:12:00,14.93,--,29,43297,买盘
1926,10:11:54,14.93,--,5,7465,买盘
1927,10:11:51,14.93,0.01,200,298600,买盘
1928,10:11:48,14.92,--,5,7460,卖盘
1929,10:11:42,14.92,--,3,4476,卖盘
1930,10:11:39,14.92,--,21,31332,卖盘
1931,10:11:36,14.92,--,16,23872,卖盘
1932,10:11:27,14.92,--,306,456552,卖盘
1933,10:11:24,14.92,-0.01,13,19396,卖盘
1934,10:11:21,14.93,0.01,6,8958,买盘
1935,10:11:18,14.92,--,30,44760,卖盘
1936,10:11:15,14.92,-0.01,5,7460,卖盘
1937,10:11:12,14.93,--,14,20902,买盘
1938,10:11:09,14.93,0.01,5,7465,买盘
1939,10:11:03,14.92,--,15,22380,卖盘
1940,10:10:57,14.92,--,51,76092,卖盘
1941,10:10:51,14.92,--,15,22380,卖盘
1942,10:10:45,14.92,-0.01,2,2984,卖盘
1943,10:10:42,14.93,--,17,25381,买盘
1944,10:10:39,14.93,--,3,4479,买盘
1945,10:10:27,14.93,0.01,13,19409,买盘
1946,10:10:18,14.92,--,19,28348,卖盘
1947,10:10:15,14.92,--,5,7460,卖盘
1948,10:10:12,14.92,-0.02,135,201420,卖盘
1949,10:10:09,14.94,0.01,185,276390,买盘
1950,10:09:54,14.93,0.01,6,8958,中性盘
1951,10:09:45,14.92,-0.01,28,41776,卖盘
1952,10:09:42,14.93,--,2,2986,卖盘
1953,10:09:39,14.93,--,52,77636,卖盘
1954,10:09:33,14.93,--,4,5972,卖盘
1955,10:09:30,14.93,--,44,65781,卖盘
1956,10:09:27,14.93,--,3,4479,卖盘
1957,10:09:24,14.93,--,47,70171,买盘
1958,10:09:21,14.93,0.01,27,40311,买盘
1959,10:09:15,14.92,-0.01,10,14920,卖盘
1960,10:09:06,14.93,--,3,4479,买盘
1961,10:09:03,14.93,--,28,41804,买盘
1962,10:09:00,14.93,--,22,32846,买盘
1963,10:08:51,14.93,0.01,3,4479,买盘
1964,10:08:48,14.92,--,7,10444,卖盘
1965,10:08:42,14.92,-0.02,1,1492,卖盘
1966,10:08:36,14.94,0.02,2,2988,买盘
1967,10:08:24,14.92,--,1,1492,卖盘
1968,10:08:21,14.92,-0.01,50,74600,卖盘
1969,10:08:18,14.93,--,185,276802,买盘
1970,10:08:15,14.93,0.01,15,22395,买盘
1971,10:08:12,14.92,0.01,2,2984,卖盘
1972,10:08:09,14.91,--,30,44730,卖盘
1973,10:08:06,14.91,-0.02,100,149100,卖盘
1974,10:08:03,14.93,0.02,331,494183,买盘
1975,10:07:57,14.91,--,10,14910,卖盘
1976,10:07:54,14.91,--,6,8946,卖盘
1977,10:07:48,14.91,--,51,76279,买盘
1978,10:07:42,14.91,0.01,85,126735,买盘
1979,10:07:36,14.9,-0.01,13,19370,卖盘
1980,10:07:33,14.91,--,10,14910,买盘
1981,10:07:27,14.91,--,20,29820,买盘
1982,10:07:24,14.91,--,14,20874,买盘
1983,10:07:21,14.91,-0.01,15,22365,买盘
1984,10:07:18,14.92,0.01,50,74600,买盘
1985,10:07:15,14.91,-0.01,1147,1711429,卖盘
1986,10:07:12,14.92,0.01,11,16412,买盘
1987,10:07:06,14.91,--,4,5964,卖盘
1988,10:06:54,14.91,--,1,1491,卖盘
1989,10:06:51,14.91,--,21,31311,卖盘
1990,10:06:45,14.91,--,16,23856,卖盘
1991,10:06:42,14.91,--,118,176176,买盘
1992,10:06:36,14.91,--,1,1491,买盘
1993,10:06:30,14.91,0.01,15,22365,买盘
1994,10:06:24,14.9,-0.01,3,4470,卖盘
1995,10:06:18,14.91,0.01,21,31311,买盘
1996,10:06:09,14.9,-0.01,24,35760,卖盘
1997,10:06:06,14.91,--,21,31311,买盘
1998,10:05:54,14.91,0.02,5,7455,买盘
1999,10:05:51,14.89,-0.02,2,2978,卖盘
2000,10:05:48,14.91,0.02,11,16401,买盘
2001,10:05:45,14.89,-0.02,100,148900,卖盘
2002,10:05:42,14.91,0.01,3,4473,买盘
2003,10:05:21,14.9,-0.01,2,2980,卖盘
2004,10:05:18,14.91,0.01,35,52185,买盘
2005,10:05:15,14.9,--,203,302470,卖盘
2006,10:05:12,14.9,-0.01,2,2980,卖盘
2007,10:05:00,14.91,0.01,4,5964,买盘
2008,10:04:54,14.9,-0.01,16,23840,卖盘
2009,10:04:48,14.91,--,5,7455,买盘
2010,10:04:45,14.91,--,1,1491,买盘
2011,10:04:39,14.91,--,17,25347,买盘
2012,10:04:36,14.91,--,20,29820,买盘
2013,10:04:33,14.91,0.01,13,19383,买盘
2014,10:04:30,14.9,--,6,8940,卖盘
2015,10:04:24,14.9,--,50,74500,卖盘
2016,10:04:15,14.9,--,11,17567,买盘
2017,10:04:12,14.9,--,10,14900,买盘
2018,10:04:09,14.9,--,12,17880,买盘
2019,10:04:03,14.9,--,4,5960,买盘
2020,10:04:00,14.9,0.01,63,93870,买盘
2021,10:03:57,14.89,-0.01,2,2978,卖盘
2022,10:03:51,14.9,--,1,1490,买盘
2023,10:03:48,14.9,--,1,1490,买盘
2024,10:03:45,14.9,--,10,14900,买盘
2025,10:03:42,14.9,--,89,132922,卖盘
2026,10:03:39,14.9,--,5,7450,卖盘
2027,10:03:36,14.9,-0.01,70,104300,卖盘
2028,10:03:33,14.91,0.01,18,28015,买盘
2029,10:03:30,14.9,-0.01,50,74500,卖盘
2030,10:03:21,14.91,--,12,17892,买盘
2031,10:03:18,14.91,-0.01,132,196812,卖盘
2032,10:03:06,14.92,--,4,5968,买盘
2033,10:03:00,14.92,--,16,23872,卖盘
2034,10:02:57,14.92,--,72,107424,卖盘
2035,10:02:54,14.92,--,59,88028,卖盘
2036,10:02:51,14.92,--,1,1492,卖盘
2037,10:02:48,14.92,--,50,74600,卖盘
2038,10:02:45,14.92,-0.01,65,96980,卖盘
2039,10:02:42,14.93,0.01,100,149300,买盘
2040,10:02:39,14.92,--,45,68452,卖盘
2041,10:02:36,14.92,--,2,2984,卖盘
2042,10:02:30,14.92,--,14,20888,卖盘
2043,10:02:27,14.92,--,41,61172,卖盘
2044,10:02:21,14.92,-0.01,10,14920,卖盘
2045,10:02:12,14.93,--,39,58227,买盘
2046,10:02:09,14.93,0.01,20,29860,买盘
2047,10:02:03,14.92,--,5,7460,卖盘
2048,10:02:00,14.92,-0.01,3,4476,卖盘
2049,10:01:57,14.93,--,7,10451,买盘
2050,10:01:54,14.93,--,41,61213,买盘
2051,10:01:48,14.93,--,30,44790,买盘
2052,10:01:45,14.93,--,5,7465,买盘
2053,10:01:39,14.93,-0.01,6,8958,卖盘
2054,10:01:36,14.94,0.01,13,19422,买盘
2055,10:01:33,14.93,--,157,234401,卖盘
2056,10:01:30,14.93,--,4,5972,卖盘
2057,10:01:27,14.93,--,139,207527,卖盘
2058,10:01:21,14.93,--,89,132877,买盘
2059,10:01:15,14.93,--,10,14930,买盘
2060,10:01:09,14.93,--,119,177667,买盘
2061,10:01:06,14.93,--,5,7465,买盘
2062,10:01:03,14.93,0.01,37,55241,买盘
2063,10:01:00,14.92,-0.01,9,13428,卖盘
2064,10:00:57,14.93,0.01,50,74650,买盘
2065,10:00:54,14.92,-0.01,65,96980,卖盘
2066,10:00:51,14.93,--,25,37325,买盘
2067,10:00:48,14.93,0.01,20,29860,中性盘
2068,10:00:42,14.92,-0.01,18,27035,卖盘
2069,10:00:39,14.93,--,64,95552,买盘
2070,10:00:36,14.93,--,10,14930,买盘
2071,10:00:27,14.93,0.01,215,320995,买盘
2072,10:00:24,14.92,--,8,11936,卖盘
2073,10:00:21,14.92,--,22,32824,买盘
2074,10:00:18,14.92,0.01,37,55204,买盘
2075,10:00:15,14.91,--,10,14910,卖盘
2076,10:00:06,14.91,-0.01,283,421953,卖盘
2077,10:00:03,14.92,--,10,14920,买盘
2078,10:00:00,14.92,0.01,42,62664,买盘
2079,09:59:54,14.91,--,10,14910,卖盘
2080,09:59:45,14.91,0.01,2,2982,买盘
2081,09:59:42,14.9,-0.02,6,8940,卖盘
2082,09:59:36,14.92,0.02,210,313320,买盘
2083,09:59:33,14.9,-0.02,5,7450,卖盘
2084,09:59:24,14.92,0.01,243,362556,买盘
2085,09:59:21,14.91,--,4,6858,卖盘
2086,09:59:15,14.91,-0.01,35,52185,卖盘
2087,09:59:12,14.92,--,5,7460,买盘
2088,09:59:06,14.92,0.01,197,293924,买盘
2089,09:59:03,14.91,-0.01,17,25347,卖盘
2090,09:59:00,14.92,0.01,5,7460,买盘
2091,09:58:57,14.91,--,37,55167,卖盘
2092,09:58:54,14.91,--,27,40853,卖盘
2093,09:58:51,14.91,0.01,120,178920,中性盘
2094,09:58:42,14.9,-0.01,210,312900,卖盘
2095,09:58:36,14.91,--,100,149100,买盘
2096,09:58:33,14.91,--,3,4473,买盘
2097,09:58:30,14.91,0.01,42,62622,买盘
2098,09:58:27,14.9,-0.01,10,14900,卖盘
2099,09:58:21,14.91,--,2,2982,买盘
2100,09:58:18,14.91,0.01,10,14910,卖盘
2101,09:58:15,14.9,--,10,14900,卖盘
2102,09:58:12,14.9,-0.01,40,59600,卖盘
2103,09:58:09,14.91,0.01,2,2982,卖盘
2104,09:58:06,14.9,-0.02,1,1490,卖盘
2105,09:58:03,14.92,0.02,7,10444,买盘
2106,09:58:00,14.9,--,34,50660,卖盘
2107,09:57:48,14.9,-0.02,21,31290,卖盘
2108,09:57:45,14.92,--,5,7460,买盘
2109,09:57:42,14.92,--,5,7460,买盘
2110,09:57:39,14.92,0.04,70,104440,买盘
2111,09:57:36,14.88,-0.04,485,721680,卖盘
2112,09:57:33,14.92,--,66,98472,买盘
2113,09:57:30,14.92,--,7,10444,买盘
2114,09:57:27,14.92,--,3,4476,买盘
2115,09:57:24,14.92,--,40,59680,买盘
2116,09:57:21,14.92,--,6,8952,买盘
2117,09:57:18,14.92,--,40,59680,买盘
2118,09:57:15,14.92,--,29,43268,卖盘
2119,09:57:12,14.92,--,15,22380,卖盘
2120,09:57:09,14.92,--,73,108916,卖盘
2121,09:57:06,14.92,--,1,1492,卖盘
2122,09:57:03,14.92,-0.01,10,14920,卖盘
2123,09:57:00,14.93,0.01,3,4479,买盘
2124,09:56:57,14.92,--,179,267068,买盘
2125,09:56:51,14.92,--,50,74600,买盘
2126,09:56:45,14.92,0.01,7,10444,买盘
2127,09:56:42,14.91,--,5,7455,卖盘
2128,09:56:39,14.91,-0.01,25,37275,卖盘
2129,09:56:33,14.92,0.01,42,62664,买盘
2130,09:56:27,14.91,--,11,16401,卖盘
2131,09:56:24,14.91,--,185,275835,卖盘
2132,09:56:21,14.91,--,77,114807,卖盘
2133,09:56:15,14.91,--,26,38766,卖盘
2134,09:56:12,14.91,--,47,70077,卖盘
2135,09:56:09,14.91,--,8,11928,卖盘
2136,09:56:06,14.91,--,20,29820,卖盘
2137,09:56:03,14.91,--,55,82005,卖盘
2138,09:56:00,14.91,--,21,31311,卖盘
2139,09:55:54,14.91,--,12,17892,卖盘
2140,09:55:51,14.91,0.01,153,228331,买盘
2141,09:55:45,14.9,--,10,14900,买盘
2142,09:55:42,14.9,-0.01,84,126441,卖盘
2143,09:55:36,14.91,--,7,10437,买盘
2144,09:55:33,14.91,0.01,40,59640,买盘
2145,09:55:30,14.9,-0.01,6,8940,卖盘
2146,09:55:27,14.91,0.01,42,62622,买盘
2147,09:55:24,14.9,--,14,20860,卖盘
2148,09:55:21,14.9,--,10,14900,卖盘
2149,09:55:18,14.9,--,12,17880,卖盘
2150,09:55:15,14.9,--,8,11920,卖盘
2151,09:55:12,14.9,--,3,4470,卖盘
2152,09:55:06,14.9,0.01,109,162618,买盘
2153,09:55:03,14.89,--,31,46159,买盘
2154,09:55:00,14.89,--,24,35736,买盘
2155,09:54:57,14.89,-0.01,161,239729,卖盘
2156,09:54:54,14.9,0.01,135,201150,买盘
2157,09:54:48,14.89,-0.01,230,342470,卖盘
2158,09:54:45,14.9,0.01,7,10430,买盘
2159,09:54:42,14.89,-0.01,2,2978,卖盘
2160,09:54:36,14.9,--,22,32780,买盘
2161,09:54:27,14.9,--,6,8940,买盘
2162,09:54:21,14.9,--,20,29800,买盘
2163,09:54:15,14.9,--,13,19370,买盘
2164,09:54:09,14.9,--,150,224781,卖盘
2165,09:54:06,14.9,-0.01,33,49170,卖盘
2166,09:53:57,14.91,--,9,13419,买盘
2167,09:53:54,14.91,0.01,40,59848,买盘
2168,09:53:51,14.9,--,11,17671,卖盘
2169,09:53:48,14.9,--,10,14900,卖盘
2170,09:53:45,14.9,--,6,8940,卖盘
2171,09:53:42,14.9,--,5,7450,卖盘
2172,09:53:39,14.9,--,23,34270,卖盘
2173,09:53:33,14.9,--,11,16390,卖盘
2174,09:53:30,14.9,--,7,10430,卖盘
2175,09:53:27,14.9,--,5,7450,卖盘
2176,09:53:24,14.9,--,38,56620,卖盘
2177,09:53:21,14.9,--,8,11920,卖盘
2178,09:53:18,14.9,--,3,4470,卖盘
2179,09:53:15,14.9,--,47,70030,卖盘
2180,09:53:12,14.9,-0.01,1,1490,卖盘
2181,09:53:09,14.91,--,48,71568,买盘
2182,09:53:06,14.91,--,7,10437,买盘
2183,09:53:03,14.91,--,880,1312080,卖盘
2184,09:53:00,14.91,--,37,55167,买盘
2185,09:52:57,14.91,--,1,1491,买盘
2186,09:52:51,14.91,0.01,50,74550,买盘
2187,09:52:48,14.9,--,10,14900,卖盘
2188,09:52:45,14.9,--,58,86420,卖盘
2189,09:52:42,14.9,-0.01,6,8940,卖盘
2190,09:52:39,14.91,--,57,84987,买盘
2191,09:52:33,14.91,--,42,62622,买盘
2192,09:52:30,14.91,--,13,19383,买盘
2193,09:52:27,14.91,0.01,135,201285,买盘
2194,09:52:24,14.9,--,30,44700,卖盘
2195,09:52:21,14.9,--,109,162618,买盘
2196,09:52:18,14.9,0.01,60,89400,买盘
2197,09:52:15,14.89,--,20,29780,卖盘
2198,09:52:09,14.89,--,6,8934,买盘
2199,09:52:06,14.89,--,5,7445,买盘
2200,09:52:03,14.89,--,80,119120,买盘
2201,09:51:54,14.89,--,20,29780,买盘
2202,09:51:48,14.89,0.01,10,14890,中性盘
2203,09:51:39,14.88,-0.02,10,14880,卖盘
2204,09:51:36,14.9,0.02,258,384420,买盘
2205,09:51:33,14.88,--,26,38688,卖盘
2206,09:51:30,14.88,-0.02,63,93744,卖盘
2207,09:51:27,14.9,0.02,52,77480,买盘
2208,09:51:24,14.88,-0.02,22,32736,卖盘
2209,09:51:18,14.9,--,2,2980,买盘
2210,09:51:12,14.9,0.01,61,90890,买盘
2211,09:51:09,14.89,-0.01,29,43181,卖盘
2212,09:51:06,14.9,--,110,163900,买盘
2213,09:51:03,14.9,--,107,159430,买盘
2214,09:51:00,14.9,--,8,11920,买盘
2215,09:50:54,14.9,--,78,116220,买盘
2216,09:50:51,14.9,--,83,123670,买盘
2217,09:50:48,14.9,0.01,210,312900,买盘
2218,09:50:45,14.89,-0.01,232,345448,卖盘
2219,09:50:42,14.9,--,10,14900,买盘
2220,09:50:39,14.9,--,1,1490,买盘
2221,09:50:36,14.9,0.01,45,67050,买盘
2222,09:50:30,14.89,--,3,4467,卖盘
2223,09:50:27,14.89,-0.01,5,7445,卖盘
2224,09:50:24,14.9,--,46,68540,买盘
2225,09:50:21,14.9,--,2,2980,买盘
2226,09:50:12,14.9,--,58,86420,买盘
2227,09:50:06,14.9,0.01,161,239890,买盘
2228,09:50:00,14.89,--,5,7445,买盘
2229,09:49:57,14.89,-0.01,83,123587,卖盘
2230,09:49:54,14.9,--,20,29800,买盘
2231,09:49:51,14.9,0.01,10,14900,买盘
2232,09:49:48,14.89,--,18,26802,中性盘
2233,09:49:36,14.89,0.01,33,49137,买盘
2234,09:49:33,14.88,--,2,2976,买盘
2235,09:49:30,14.88,--,20,29760,买盘
2236,09:49:24,14.88,-0.01,72,107136,卖盘
2237,09:49:21,14.89,-0.01,2,2978,卖盘
2238,09:49:18,14.9,0.01,139,207110,买盘
2239,09:49:15,14.89,-0.01,15,22335,卖盘
2240,09:49:12,14.9,0.01,54,80460,买盘
2241,09:49:09,14.89,-0.01,5,7445,卖盘
2242,09:49:06,14.9,--,27,40230,买盘
2243,09:49:03,14.9,0.01,71,105790,买盘
2244,09:49:00,14.89,--,37,55093,买盘
2245,09:48:54,14.89,--,42,62538,买盘
2246,09:48:45,14.89,0.01,84,125076,买盘
2247,09:48:36,14.88,--,20,29760,买盘
2248,09:48:33,14.88,--,1,1488,买盘
2249,09:48:27,14.88,--,153,227664,卖盘
2250,09:48:21,14.88,--,55,81840,卖盘
2251,09:48:18,14.88,0.02,5,7440,中性盘
2252,09:48:06,14.86,-0.02,100,148600,卖盘
2253,09:48:03,14.88,--,11,16368,卖盘
2254,09:48:00,14.88,--,5,7440,卖盘
2255,09:47:57,14.88,0.02,193,287184,买盘
2256,09:47:51,14.86,-0.02,10,14860,卖盘
2257,09:47:48,14.88,--,20,29760,买盘
2258,09:47:42,14.88,--,9,13392,买盘
2259,09:47:39,14.88,--,7,10416,买盘
2260,09:47:36,14.88,0.02,3,4464,买盘
2261,09:47:30,14.86,--,2,2972,卖盘
2262,09:47:27,14.86,-0.02,15,22290,卖盘
2263,09:47:24,14.88,--,13,19344,买盘
2264,09:47:18,14.88,--,10,14880,买盘
2265,09:47:15,14.88,0.02,4,5952,买盘
2266,09:47:12,14.86,-0.02,48,71328,卖盘
2267,09:47:03,14.88,0.02,21,31248,买盘
2268,09:46:54,14.86,-0.02,16,23776,卖盘
2269,09:46:48,14.88,0.02,49,72912,买盘
2270,09:46:36,14.86,--,2,2972,卖盘
2271,09:46:33,14.86,-0.02,42,62412,卖盘
2272,09:46:30,14.88,0.01,21,31248,买盘
2273,09:46:24,14.87,--,37,55019,买盘
2274,09:46:18,14.87,0.02,10,14870,买盘
2275,09:46:15,14.85,-0.01,133,197505,卖盘
2276,09:46:12,14.86,--,15,22631,卖盘
2277,09:46:06,14.86,--,5,7430,卖盘
2278,09:46:03,14.86,--,28,41608,买盘
2279,09:46:00,14.86,--,11,16346,买盘
2280,09:45:57,14.86,-0.02,11,16346,中性盘
2281,09:45:51,14.88,0.02,30,44640,买盘
2282,09:45:48,14.86,--,20,29720,买盘
2283,09:45:45,14.86,--,6,8916,买盘
2284,09:45:42,14.86,--,2,2972,买盘
2285,09:45:39,14.86,--,6,10060,卖盘
2286,09:45:33,14.86,--,17,25262,卖盘
2287,09:45:27,14.86,--,220,326920,卖盘
2288,09:45:21,14.86,--,20,29720,卖盘
2289,09:45:18,14.86,--,3,4458,卖盘
2290,09:45:12,14.86,0.01,42,62753,买盘
2291,09:45:09,14.85,-0.01,11,16335,卖盘
2292,09:45:06,14.86,--,10,14860,买盘
2293,09:45:03,14.86,0.01,20,29720,买盘
2294,09:45:00,14.85,--,7,10395,卖盘
2295,09:44:51,14.85,--,6,8910,卖盘
2296,09:44:45,14.85,--,15,22275,卖盘
2297,09:44:42,14.85,--,3,4455,卖盘
2298,09:44:39,14.85,--,22,32670,卖盘
2299,09:44:36,14.85,--,2,2970,卖盘
2300,09:44:33,14.85,--,518,769230,买盘
2301,09:44:30,14.85,0.01,20,29700,买盘
2302,09:44:27,14.84,-0.01,8,11872,卖盘
2303,09:44:24,14.85,--,7,10395,买盘
2304,09:44:21,14.85,0.01,9,13365,买盘
2305,09:44:15,14.84,-0.01,1,1484,卖盘
2306,09:44:09,14.85,--,15,22275,买盘
2307,09:44:06,14.85,--,20,29700,买盘
2308,09:44:03,14.85,--,27,40095,买盘
2309,09:44:00,14.85,--,14,20790,买盘
2310,09:43:57,14.85,0.01,10,14850,买盘
2311,09:43:54,14.84,-0.01,3,4452,卖盘
2312,09:43:51,14.85,--,109,161865,买盘
2313,09:43:48,14.85,--,18,26730,买盘
2314,09:43:45,14.85,0.01,3,4455,买盘
2315,09:43:39,14.84,--,2,2968,卖盘
2316,09:43:33,14.84,-0.01,153,227052,卖盘
2317,09:43:24,14.85,0.01,161,239085,买盘
2318,09:43:21,14.84,--,5,7420,卖盘
2319,09:43:15,14.84,-0.01,15,22260,卖盘
2320,09:43:09,14.85,0.01,7,10395,买盘
2321,09:43:06,14.84,--,56,83104,卖盘
2322,09:43:03,14.84,--,3,4452,卖盘
2323,09:43:00,14.84,--,9,13356,卖盘
2324,09:42:57,14.84,-0.01,22,32648,卖盘
2325,09:42:51,14.85,0.01,13,19305,买盘
2326,09:42:48,14.84,--,22,32648,卖盘
2327,09:42:45,14.84,-0.01,2,2968,卖盘
2328,09:42:42,14.85,0.01,12,17820,买盘
2329,09:42:39,14.84,--,8,11872,卖盘
2330,09:42:30,14.84,0.01,16,23744,买盘
2331,09:42:24,14.83,-0.01,4,5932,卖盘
2332,09:42:21,14.84,--,32,47488,买盘
2333,09:42:18,14.84,--,21,31164,买盘
2334,09:42:15,14.84,--,42,62328,买盘
2335,09:42:12,14.84,--,6,8904,买盘
2336,09:42:09,14.84,--,5,7420,买盘
2337,09:42:06,14.84,0.01,13,19292,买盘
2338,09:42:00,14.83,-0.01,19,28177,卖盘
2339,09:41:57,14.84,--,107,158788,买盘
2340,09:41:54,14.84,0.01,52,77168,买盘
2341,09:41:51,14.83,-0.01,83,123089,卖盘
2342,09:41:48,14.84,0.01,16,23744,买盘
2343,09:41:45,14.83,--,3,4449,卖盘
2344,09:41:42,14.83,-0.01,7,10381,卖盘
2345,09:41:39,14.84,0.01,40,59360,买盘
2346,09:41:36,14.83,--,26,38558,卖盘
2347,09:41:33,14.83,--,11,16313,卖盘
2348,09:41:30,14.83,-0.01,27,40041,卖盘
2349,09:41:27,14.84,0.01,10,14840,买盘
2350,09:41:24,14.83,-0.01,16,23728,卖盘
2351,09:41:21,14.84,--,1,1484,卖盘
2352,09:41:18,14.84,-0.01,24,35616,中性盘
2353,09:41:06,14.85,0.02,300,445500,买盘
2354,09:41:03,14.83,-0.01,261,387063,卖盘
2355,09:41:00,14.84,--,5,7420,卖盘
2356,09:40:57,14.84,-0.01,10,14840,卖盘
2357,09:40:51,14.85,0.01,112,166320,买盘
2358,09:40:45,14.84,-0.01,12,17808,卖盘
2359,09:40:42,14.85,--,15,22275,买盘
2360,09:40:39,14.85,--,16,23760,买盘
2361,09:40:36,14.85,--,120,178200,卖盘
2362,09:40:30,14.85,--,10,14850,卖盘
2363,09:40:24,14.85,--,2,2970,卖盘
2364,09:40:12,14.85,0.01,185,274725,买盘
2365,09:40:09,14.84,--,75,111300,卖盘
2366,09:40:06,14.84,-0.01,62,92008,卖盘
2367,09:40:00,14.85,0.01,5,7425,买盘
2368,09:39:57,14.84,-0.01,23,34132,卖盘
2369,09:39:54,14.85,--,6,8910,买盘
2370,09:39:51,14.85,0.01,26,38610,买盘
2371,09:39:48,14.84,--,2,2968,卖盘
2372,09:39:42,14.84,-0.01,7,10388,卖盘
2373,09:39:36,14.85,--,200,297000,买盘
2374,09:39:33,14.85,0.01,6,8910,买盘
2375,09:39:30,14.84,--,35,51940,卖盘
2376,09:39:27,14.84,--,80,118720,卖盘
2377,09:39:18,14.84,--,1,1484,卖盘
2378,09:39:09,14.84,-0.01,69,102396,卖盘
2379,09:39:06,14.85,--,32,47520,买盘
2380,09:39:03,14.85,--,10,14850,买盘
2381,09:38:57,14.85,--,14,20790,买盘
2382,09:38:54,14.85,--,2,2970,买盘
2383,09:38:51,14.85,--,182,270270,卖盘
2384,09:38:48,14.85,-0.01,62,92070,卖盘
2385,09:38:45,14.86,--,16,23776,买盘
2386,09:38:42,14.86,0.01,37,54982,买盘
2387,09:38:39,14.85,--,48,71280,卖盘
2388,09:38:36,14.85,--,38,56430,卖盘
2389,09:38:18,14.85,--,20,29700,卖盘
2390,09:38:09,14.85,-0.01,80,118800,卖盘
2391,09:38:03,14.86,0.01,74,109964,买盘
2392,09:37:51,14.85,-0.01,27,40095,卖盘
2393,09:37:48,14.86,--,148,221072,卖盘
2394,09:37:45,14.86,--,22,32692,卖盘
2395,09:37:39,14.86,--,55,81730,卖盘
2396,09:37:36,14.86,-0.01,65,96590,卖盘
2397,09:37:33,14.87,--,5,7435,买盘
2398,09:37:30,14.87,--,53,78811,买盘
2399,09:37:27,14.87,--,10,14870,买盘
2400,09:37:24,14.87,--,22,32714,买盘
2401,09:37:21,14.87,--,31,46097,买盘
2402,09:37:12,14.87,-0.01,73,108551,卖盘
2403,09:37:09,14.88,0.02,124,184512,买盘
2404,09:37:06,14.86,-0.02,156,231816,卖盘
2405,09:37:00,14.88,0.01,38,56544,买盘
2406,09:36:57,14.87,--,10,14870,卖盘
2407,09:36:54,14.87,--,21,31227,卖盘
2408,09:36:51,14.87,-0.01,2,2974,卖盘
2409,09:36:45,14.88,0.01,20,29760,买盘
2410,09:36:42,14.87,-0.01,81,120447,卖盘
2411,09:36:36,14.88,--,3,4464,买盘
2412,09:36:33,14.88,--,38,56544,买盘
2413,09:36:30,14.88,--,3,4464,买盘
2414,09:36:24,14.88,--,4,5952,中性盘
2415,09:36:21,14.88,--,9,13392,卖盘
2416,09:36:18,14.88,-0.01,30,44640,卖盘
2417,09:36:15,14.89,--,10,14890,买盘
2418,09:36:06,14.89,0.01,19,28291,买盘
2419,09:36:03,14.88,--,4,5952,买盘
2420,09:36:00,14.88,0.01,5,7440,买盘
2421,09:35:57,14.87,-0.02,3,4461,卖盘
2422,09:35:54,14.89,--,29,43181,买盘
2423,09:35:51,14.89,--,23,34247,买盘
2424,09:35:42,14.89,--,25,37225,买盘
2425,09:35:39,14.89,0.01,30,44670,买盘
2426,09:35:36,14.88,-0.01,3,4464,买盘
2427,09:35:33,14.89,0.02,1,1489,买盘
2428,09:35:30,14.87,-0.02,10,14870,卖盘
2429,09:35:27,14.89,--,26,38714,买盘
2430,09:35:24,14.89,0.02,6,8934,买盘
2431,09:35:21,14.87,-0.02,35,52045,卖盘
2432,09:35:18,14.89,0.02,4,5956,买盘
2433,09:35:15,14.87,-0.01,5,7435,卖盘
2434,09:35:12,14.88,--,30,44640,卖盘
2435,09:35:09,14.88,--,1,1488,卖盘
2436,09:35:06,14.88,--,70,104160,买盘
2437,09:35:03,14.88,0.02,43,63984,买盘
2438,09:35:00,14.86,-0.01,95,141170,卖盘
2439,09:34:57,14.87,0.01,3,4461,买盘
2440,09:34:54,14.86,--,3,4458,卖盘
2441,09:34:51,14.86,--,144,213984,卖盘
2442,09:34:48,14.86,0.01,142,211353,买盘
2443,09:34:45,14.85,-0.01,10,14850,卖盘
2444,09:34:42,14.86,--,11,16346,买盘
2445,09:34:39,14.86,--,10,14860,买盘
2446,09:34:36,14.86,--,43,63898,买盘
2447,09:34:33,14.86,--,174,259708,卖盘
2448,09:34:30,14.86,--,49,72814,卖盘
2449,09:34:27,14.86,-0.01,200,297200,卖盘
2450,09:34:24,14.87,--,3,4461,买盘
2451,09:34:15,14.87,-0.01,12,17844,卖盘
2452,09:34:12,14.88,--,108,160704,买盘
2453,09:34:09,14.88,0.01,14,20832,买盘
2454,09:34:03,14.87,-0.01,5,7435,卖盘
2455,09:34:00,14.88,-0.01,4,5952,卖盘
2456,09:33:57,14.89,0.01,50,74450,买盘
2457,09:33:54,14.88,0.01,20,29760,买盘
2458,09:33:48,14.87,-0.01,22,32714,卖盘
2459,09:33:45,14.88,0.01,151,224688,买盘
2460,09:33:42,14.87,--,22,32714,卖盘
2461,09:33:39,14.87,-0.01,2,2974,卖盘
2462,09:33:33,14.88,0.01,1,1488,买盘
2463,09:33:30,14.87,-0.01,25,37175,卖盘
2464,09:33:27,14.88,0.01,142,211296,买盘
2465,09:33:21,14.87,--,140,208180,卖盘
2466,09:33:18,14.87,-0.01,10,14870,卖盘
2467,09:33:15,14.88,--,112,166656,买盘
2468,09:33:12,14.88,--,210,312480,买盘
2469,09:33:09,14.88,--,13,19344,买盘
2470,09:33:06,14.88,--,43,63984,买盘
2471,09:33:03,14.88,--,5,7440,买盘
2472,09:33:00,14.88,--,8,11904,买盘
2473,09:32:54,14.88,--,36,53568,卖盘
2474,09:32:51,14.88,--,10,14880,卖盘
2475,09:32:48,14.88,--,9,13392,卖盘
2476,09:32:45,14.88,--,75,111600,卖盘
2477,09:32:36,14.88,--,43,63984,卖盘
2478,09:32:33,14.88,--,115,171120,卖盘
2479,09:32:30,14.88,-0.01,94,139872,卖盘
2480,09:32:27,14.89,--,85,126565,卖盘
2481,09:32:24,14.89,0.01,155,230795,买盘
2482,09:32:21,14.88,-0.01,73,108624,卖盘
2483,09:32:15,14.89,--,10,14890,买盘
2484,09:32:06,14.89,-0.01,122,181658,卖盘
2485,09:32:03,14.9,--,13,19370,买盘
2486,09:32:00,14.9,--,13,19370,买盘
2487,09:31:54,14.9,--,22,32780,买盘
2488,09:31:51,14.9,--,115,171350,卖盘
2489,09:31:48,14.9,--,6,8940,卖盘
2490,09:31:45,14.9,--,40,59600,卖盘
2491,09:31:42,14.9,--,12,17880,卖盘
2492,09:31:39,14.9,--,11,16390,卖盘
2493,09:31:33,14.9,-0.01,32,47680,卖盘
2494,09:31:30,14.91,0.02,87,129717,买盘
2495,09:31:27,14.89,-0.01,50,74450,卖盘
2496,09:31:24,14.9,--,49,73010,买盘
2497,09:31:21,14.9,--,6,8940,卖盘
2498,09:31:18,14.9,-0.01,33,49170,卖盘
2499,09:31:15,14.91,0.01,20,29820,买盘
2500,09:31:12,14.9,-0.02,2,2980,卖盘
2501,09:31:09,14.92,0.01,13,19396,买盘
2502,09:31:06,14.91,-0.01,15,22365,卖盘
2503,09:30:57,14.92,0.01,20,29840,中性盘
2504,09:30:54,14.91,-0.01,31,46221,卖盘
2505,09:30:48,14.92,--,37,55204,卖盘
2506,09:30:42,14.92,0.02,186,277512,买盘
2507,09:30:39,14.9,0.02,19,28310,买盘
2508,09:30:36,14.88,-0.01,19,28272,卖盘
2509,09:30:33,14.89,-0.02,28,41692,卖盘
2510,09:30:30,14.91,-0.01,43,64113,卖盘
2511,09:30:27,14.92,0.03,60,89520,买盘
2512,09:30:15,14.89,-0.01,61,90829,卖盘
2513,09:30:12,14.9,-0.02,1,1490,卖盘
2514,09:30:09,14.92,0.01,35,52220,买盘
2515,09:30:06,14.91,0.01,330,492030,买盘
2516,09:30:03,14.9,0.04,257,382930,买盘
2517,09:30:00,14.86,--,0,0,卖盘
2518,09:25:03,14.86,14.86,119,177175,买盘
