,time,price,change,volume,amount,type
0,15:00:00,13.47,--,0,0,卖盘
1,15:00:00,13.47,-0.02,10,13470,卖盘
2,14:59:58,13.49,0.01,115,155135,买盘
3,14:59:54,13.48,0.01,15,20220,买盘
4,14:59:48,13.47,-0.01,870,1171890,卖盘
5,14:59:43,13.48,0.01,129,173892,买盘
6,14:59:38,13.47,--,13,17511,卖盘
7,14:59:33,13.47,--,17,22899,卖盘
8,14:59:28,13.47,0.01,311,418917,买盘
9,14:59:23,13.46,-0.01,10,13460,卖盘
10,14:59:18,13.47,0.01,48,64656,买盘
11,14:59:13,13.46,--,165,222090,卖盘
12,14:59:08,13.46,-0.01,30,40380,中性盘
13,14:59:03,13.47,0.01,177,238419,买盘
14,14:58:58,13.46,0.01,150,201900,买盘
15,14:58:53,13.45,-0.01,265,356425,卖盘
16,14:58:48,13.46,--,219,295379,买盘
17,14:58:43,13.46,--,99,133254,买盘
18,14:58:38,13.46,--,72,96912,买盘
19,14:58:33,13.46,0.01,413,555898,买盘
20,14:58:28,13.45,--,219,294555,卖盘
21,14:58:23,13.45,--,165,221925,卖盘
22,14:58:18,13.45,--,27,36315,卖盘
23,14:58:13,13.45,0.01,1293,1740093,买盘
24,14:58:08,13.44,--,80,107520,买盘
25,14:58:03,13.44,--,32,43008,买盘
26,14:57:58,13.44,0.01,140,188160,买盘
27,14:57:53,13.43,-0.01,52,69836,卖盘
28,14:57:48,13.44,0.01,64,86016,买盘
29,14:57:43,13.43,--,35,47005,卖盘
30,14:57:38,13.43,--,53,71179,卖盘
31,14:57:33,13.43,--,161,216223,买盘
32,14:57:28,13.43,--,11,14773,买盘
33,14:57:23,13.43,-0.01,104,139672,买盘
34,14:57:18,13.44,0.02,55,73920,买盘
35,14:57:13,13.42,-0.02,65,87230,卖盘
36,14:57:08,13.44,0.01,279,374976,买盘
37,14:57:03,13.43,--,211,283373,卖盘
38,14:56:58,13.43,--,49,65807,卖盘
39,14:56:53,13.43,-0.01,9,12087,卖盘
40,14:56:48,13.44,0.01,30,40320,买盘
41,14:56:43,13.43,-0.01,232,311576,卖盘
42,14:56:38,13.44,0.01,50,67200,买盘
43,14:56:33,13.43,--,58,77894,卖盘
44,14:56:28,13.43,-0.01,8,10744,卖盘
45,14:56:23,13.44,--,24,32256,买盘
46,14:56:18,13.44,0.01,68,91392,买盘
47,14:56:12,13.43,--,50,67150,买盘
48,14:56:07,13.43,--,52,69836,卖盘
49,14:56:03,13.43,--,17,22831,买盘
50,14:55:57,13.43,0.01,180,241740,买盘
51,14:55:52,13.42,-0.01,92,123464,卖盘
52,14:55:48,13.43,--,449,603007,买盘
53,14:55:42,13.43,0.01,161,216223,买盘
54,14:55:37,13.42,--,4,5368,卖盘
55,14:55:33,13.42,--,9,12078,卖盘
56,14:55:27,13.42,--,18,24156,卖盘
57,14:55:22,13.42,--,51,68442,卖盘
58,14:55:18,13.42,--,65,87230,买盘
59,14:55:12,13.42,0.01,12,16104,买盘
60,14:55:07,13.41,--,30,40230,卖盘
61,14:55:03,13.41,--,137,183717,卖盘
62,14:54:57,13.41,-0.01,63,84483,卖盘
63,14:54:48,13.42,0.02,12,16104,买盘
64,14:54:42,13.4,-0.02,27,36180,卖盘
65,14:54:37,13.42,0.01,28,37576,中性盘
66,14:54:33,13.41,--,1,1341,卖盘
67,14:54:27,13.41,-0.02,26,34866,卖盘
68,14:54:22,13.43,0.02,104,139672,买盘
69,14:54:18,13.41,-0.01,125,167625,卖盘
70,14:54:07,13.42,-0.01,210,281820,卖盘
71,14:54:02,13.43,0.01,13,17459,买盘
72,14:53:57,13.42,--,240,322080,卖盘
73,14:53:52,13.42,0.01,6,8052,卖盘
74,14:53:48,13.41,-0.01,25,33525,卖盘
75,14:53:42,13.42,0.01,178,238876,买盘
76,14:53:36,13.41,--,10,13410,卖盘
77,14:53:32,13.41,--,3,4023,卖盘
78,14:53:27,13.41,0.02,799,1071459,买盘
79,14:53:22,13.39,--,50,66950,买盘
80,14:53:18,13.39,-0.01,20,26780,中性盘
81,14:53:12,13.4,0.02,408,546720,买盘
82,14:53:07,13.38,--,19,25422,卖盘
83,14:53:03,13.38,--,20,26760,卖盘
84,14:52:57,13.38,--,64,85632,卖盘
85,14:52:47,13.38,-0.01,12,16056,卖盘
86,14:52:42,13.39,0.01,17,22763,买盘
87,14:52:37,13.38,--,50,66900,卖盘
88,14:52:32,13.38,0.01,328,439840,买盘
89,14:52:27,13.37,-0.01,35,46795,卖盘
90,14:52:22,13.38,0.01,21,28098,买盘
91,14:52:17,13.37,--,7,9359,卖盘
92,14:52:12,13.37,-0.01,12,16043,卖盘
93,14:52:07,13.38,0.01,43,57534,买盘
94,14:52:02,13.37,--,200,267400,卖盘
95,14:51:57,13.37,-0.01,11,14707,卖盘
96,14:51:52,13.38,0.01,14,18732,买盘
97,14:51:47,13.37,--,6,8021,卖盘
98,14:51:42,13.37,--,45,60165,卖盘
99,14:51:37,13.37,--,14,18718,卖盘
100,14:51:32,13.37,--,4,5348,卖盘
101,14:51:27,13.37,--,54,72198,卖盘
102,14:51:17,13.37,--,36,48132,卖盘
103,14:51:12,13.37,-0.01,114,152418,卖盘
104,14:51:07,13.38,0.01,10,13380,买盘
105,14:50:56,13.37,-0.01,13,17381,卖盘
106,14:50:52,13.38,0.02,1,1338,买盘
107,14:50:47,13.36,-0.02,6,8016,卖盘
108,14:50:42,13.38,0.02,150,200700,买盘
109,14:50:37,13.36,-0.01,128,171008,卖盘
110,14:50:27,13.37,--,57,76209,买盘
111,14:50:22,13.37,0.01,20,26740,买盘
112,14:50:17,13.36,-0.01,19,25384,卖盘
113,14:50:12,13.37,0.01,10,13370,买盘
114,14:50:07,13.36,-0.01,50,66800,卖盘
115,14:50:02,13.37,-0.01,3,4010,买盘
116,14:49:57,13.38,--,0,0,买盘
117,14:49:51,13.38,--,35,46830,买盘
118,14:49:47,13.38,0.01,15,20070,买盘
119,14:49:42,13.37,--,10,13370,卖盘
120,14:49:36,13.37,--,57,76209,卖盘
121,14:49:27,13.37,-0.01,6,8021,卖盘
122,14:49:21,13.38,0.01,45,60210,买盘
123,14:49:17,13.37,--,7,9359,卖盘
124,14:49:05,13.37,0.01,22,29414,卖盘
125,14:49:02,13.36,--,0,0,卖盘
126,14:48:57,13.36,-0.01,7,9352,卖盘
127,14:48:51,13.37,-0.02,6,8021,买盘
128,14:48:46,13.39,--,0,0,买盘
129,14:48:41,13.39,0.01,200,267800,买盘
130,14:48:35,13.38,--,14,18732,买盘
131,14:48:26,13.38,-0.01,5,6690,买盘
132,14:48:21,13.39,--,0,0,买盘
133,14:48:16,13.39,0.01,23,30797,买盘
134,14:48:11,13.38,0.01,26,34788,买盘
135,14:48:06,13.37,-0.01,99,132363,卖盘
136,14:47:57,13.38,0.01,30,40140,买盘
137,14:47:46,13.37,--,6,8021,卖盘
138,14:47:42,13.37,0.01,33,44121,买盘
139,14:47:36,13.36,--,62,82832,卖盘
140,14:47:26,13.36,0.01,69,92184,买盘
141,14:47:20,13.35,-0.01,88,117480,卖盘
142,14:47:16,13.36,--,18,24048,卖盘
143,14:47:12,13.36,--,22,29392,卖盘
144,14:47:06,13.36,0.01,28,37408,卖盘
145,14:47:01,13.35,-0.01,7,9345,卖盘
146,14:46:56,13.36,0.01,15,20040,买盘
147,14:46:51,13.35,0.01,74,98790,买盘
148,14:46:45,13.34,-0.01,46,61364,卖盘
149,14:46:42,13.35,--,4,5340,卖盘
150,14:46:36,13.35,--,403,538005,买盘
151,14:46:31,13.35,--,21,28035,买盘
152,14:46:26,13.35,--,15,20025,买盘
153,14:46:21,13.35,--,183,244305,卖盘
154,14:46:16,13.35,-0.01,38,50730,卖盘
155,14:46:12,13.36,0.01,44,58784,买盘
156,14:46:06,13.35,--,59,78765,卖盘
157,14:46:01,13.35,-0.01,6,8010,卖盘
158,14:45:56,13.36,--,63,84168,卖盘
159,14:45:51,13.36,--,3,4008,卖盘
160,14:45:46,13.36,--,11,14696,卖盘
161,14:45:36,13.36,-0.01,113,150968,卖盘
162,14:45:26,13.37,--,60,80220,卖盘
163,14:45:21,13.37,--,68,90916,卖盘
164,14:45:15,13.37,--,7,9359,卖盘
165,14:45:11,13.37,-0.01,1,1337,卖盘
166,14:45:06,13.38,--,28,37464,卖盘
167,14:45:01,13.38,--,52,69576,卖盘
168,14:44:56,13.38,-0.01,10,13380,卖盘
169,14:44:46,13.39,--,187,250393,卖盘
170,14:44:41,13.39,--,59,79001,卖盘
171,14:44:36,13.39,--,27,36153,卖盘
172,14:44:31,13.39,--,5,6695,卖盘
173,14:44:26,13.39,--,6,8034,卖盘
174,14:44:20,13.39,--,570,763230,卖盘
175,14:44:15,13.39,--,78,104442,卖盘
176,14:44:11,13.39,-0.01,5,6695,卖盘
177,14:44:06,13.4,--,138,184920,买盘
178,14:44:01,13.4,0.01,71,95140,买盘
179,14:43:56,13.39,--,9,12051,卖盘
180,14:43:51,13.39,--,362,484718,卖盘
181,14:43:46,13.39,--,22,29458,卖盘
182,14:43:41,13.39,--,23,30797,卖盘
183,14:43:35,13.39,-0.01,63,84357,卖盘
184,14:43:31,13.4,0.01,140,187600,买盘
185,14:43:26,13.39,--,6,8034,卖盘
186,14:43:21,13.39,--,12,16068,卖盘
187,14:43:14,13.39,-0.01,42,56238,卖盘
188,14:43:11,13.4,0.01,5,6700,买盘
189,14:43:05,13.39,--,106,141934,卖盘
190,14:42:59,13.39,--,61,81679,卖盘
191,14:42:56,13.39,--,18,24102,卖盘
192,14:42:50,13.39,--,1,1339,卖盘
193,14:42:45,13.39,--,188,251732,卖盘
194,14:42:41,13.39,--,2,2678,卖盘
195,14:42:36,13.39,--,21,28119,卖盘
196,14:42:30,13.39,--,56,74984,卖盘
197,14:42:26,13.39,-0.01,15,20085,卖盘
198,14:42:20,13.4,0.01,146,195640,买盘
199,14:42:15,13.39,-0.01,54,72306,卖盘
200,14:42:11,13.4,--,130,174200,买盘
201,14:42:06,13.4,-0.02,257,344380,卖盘
202,14:42:00,13.42,0.01,13,17446,买盘
203,14:41:56,13.41,--,7,9387,卖盘
204,14:41:51,13.41,0.01,6,8046,卖盘
205,14:41:44,13.4,--,6,8040,卖盘
206,14:41:40,13.4,--,31,41540,卖盘
207,14:41:36,13.4,-0.01,17,22780,卖盘
208,14:41:30,13.41,0.01,39,52299,买盘
209,14:41:25,13.4,-0.01,18,24120,卖盘
210,14:41:21,13.41,--,21,28161,买盘
211,14:41:15,13.41,--,15,20115,买盘
212,14:41:09,13.41,--,40,53640,卖盘
213,14:41:06,13.41,0.01,26,34866,买盘
214,14:41:00,13.4,--,17,22780,卖盘
215,14:40:55,13.4,-0.01,13,17420,卖盘
216,14:40:51,13.41,0.01,16,21456,买盘
217,14:40:44,13.4,--,9,12060,卖盘
218,14:40:39,13.4,--,2,2680,卖盘
219,14:40:36,13.4,--,65,87100,卖盘
220,14:40:30,13.4,--,4,5360,卖盘
221,14:40:24,13.4,--,7,9380,卖盘
222,14:40:20,13.4,0.01,239,320260,买盘
223,14:40:15,13.39,--,34,45526,卖盘
224,14:40:05,13.39,--,11,14729,卖盘
225,14:40:00,13.39,--,522,698958,卖盘
226,14:39:55,13.39,--,12,16068,卖盘
227,14:39:45,13.39,-0.01,30,40170,卖盘
228,14:39:40,13.4,--,23,30820,买盘
229,14:39:35,13.4,--,85,113900,买盘
230,14:39:30,13.4,-0.01,458,613720,卖盘
231,14:39:25,13.41,0.02,48,64368,买盘
232,14:39:20,13.39,-0.01,3,4017,卖盘
233,14:39:14,13.4,--,70,93800,卖盘
234,14:39:10,13.4,--,0,0,卖盘
235,14:39:05,13.4,-0.05,64,85760,卖盘
236,14:39:00,13.45,0.04,405,544725,买盘
237,14:38:55,13.41,-0.01,11,14751,卖盘
238,14:38:50,13.42,--,264,354288,买盘
239,14:38:45,13.42,0.01,20,26840,买盘
240,14:38:40,13.41,--,15,20115,卖盘
241,14:38:35,13.41,--,7,9387,卖盘
242,14:38:30,13.41,--,210,281610,卖盘
243,14:38:25,13.41,0.01,100,134100,买盘
244,14:38:20,13.4,--,68,91120,卖盘
245,14:38:14,13.4,--,13,17420,卖盘
246,14:38:09,13.4,--,26,34840,卖盘
247,14:38:05,13.4,--,7,9380,卖盘
248,14:38:00,13.4,--,21,28140,卖盘
249,14:37:55,13.4,-0.01,287,384580,卖盘
250,14:37:50,13.41,--,1,1341,卖盘
251,14:37:44,13.41,-0.02,61,81801,卖盘
252,14:37:40,13.43,0.02,45,60435,买盘
253,14:37:35,13.41,--,7,9387,卖盘
254,14:37:30,13.41,-0.01,57,76437,卖盘
255,14:37:25,13.42,0.01,30,40260,买盘
256,14:37:15,13.41,--,35,46935,卖盘
257,14:37:10,13.41,-0.01,26,34866,卖盘
258,14:37:00,13.42,0.02,145,194590,买盘
259,14:36:55,13.4,--,28,37520,卖盘
260,14:36:50,13.4,--,6,8040,卖盘
261,14:36:44,13.4,--,8,10720,卖盘
262,14:36:40,13.4,0.01,76,101840,买盘
263,14:36:35,13.39,--,39,52221,卖盘
264,14:36:30,13.39,--,13,17407,卖盘
265,14:36:23,13.39,-0.01,347,464633,中性盘
266,14:36:20,13.4,--,406,544040,买盘
267,14:36:14,13.4,0.01,102,136680,买盘
268,14:36:09,13.39,--,26,34814,卖盘
269,14:36:05,13.39,-0.01,6,8034,卖盘
270,14:35:59,13.4,0.01,20,26800,买盘
271,14:35:54,13.39,--,14,18746,卖盘
272,14:35:45,13.39,0.01,159,212901,买盘
273,14:35:38,13.38,--,41,54858,卖盘
274,14:35:35,13.38,--,8,10704,卖盘
275,14:35:24,13.38,--,47,62886,卖盘
276,14:35:20,13.38,--,9,12042,卖盘
277,14:35:15,13.38,0.01,7,9366,中性盘
278,14:35:08,13.37,-0.01,20,26740,卖盘
279,14:35:05,13.38,--,43,57534,买盘
280,14:34:59,13.38,--,11,14718,买盘
281,14:34:54,13.38,-0.03,276,369288,卖盘
282,14:34:44,13.41,--,20,26820,买盘
283,14:34:39,13.41,-0.01,648,868968,卖盘
284,14:34:35,13.42,-0.02,32,42944,卖盘
285,14:34:29,13.44,0.01,56,75264,买盘
286,14:34:23,13.43,-0.01,55,73865,卖盘
287,14:34:20,13.44,--,23,30912,卖盘
288,14:34:14,13.44,0.01,59,79296,买盘
289,14:34:09,13.43,-0.01,525,705075,中性盘
290,14:34:05,13.44,-0.01,93,124992,卖盘
291,14:33:59,13.45,0.01,13,17485,买盘
292,14:33:54,13.44,--,45,60480,买盘
293,14:33:49,13.44,--,300,403200,买盘
294,14:33:45,13.44,0.03,65,87360,买盘
295,14:33:39,13.41,0.01,21,28161,卖盘
296,14:33:33,13.4,--,0,0,卖盘
297,14:33:30,13.4,0.02,996,1334640,买盘
298,14:33:23,13.38,-0.01,12,16056,卖盘
299,14:33:18,13.39,0.01,39,52221,买盘
300,14:33:15,13.38,0.01,214,286332,买盘
301,14:33:08,13.37,0.01,129,172473,买盘
302,14:33:04,13.36,-0.01,10,13360,卖盘
303,14:32:59,13.37,0.01,17,22729,买盘
304,14:32:54,13.36,--,60,80160,卖盘
305,14:32:49,13.36,0.01,92,122912,买盘
306,14:32:45,13.35,--,15,20025,卖盘
307,14:32:39,13.35,--,41,54735,卖盘
308,14:32:34,13.35,0.01,1023,1365705,买盘
309,14:32:29,13.34,0.01,7,9338,买盘
310,14:32:23,13.33,-0.01,112,149296,卖盘
311,14:32:19,13.34,--,94,125396,买盘
312,14:32:09,13.34,0.01,553,737702,买盘
313,14:32:04,13.33,--,30,39990,卖盘
314,14:31:59,13.33,--,5,6665,卖盘
315,14:31:54,13.33,-0.01,62,82646,卖盘
316,14:31:49,13.34,0.01,195,260143,买盘
317,14:31:39,13.33,--,18,23994,买盘
318,14:31:34,13.33,--,361,482532,卖盘
319,14:31:23,13.33,-0.01,21,27993,卖盘
320,14:31:19,13.34,--,91,121394,卖盘
321,14:31:14,13.34,-0.01,20,26680,卖盘
322,14:31:08,13.35,0.02,15,20025,买盘
323,14:31:04,13.33,-0.02,10,13330,卖盘
324,14:30:54,13.35,--,10,13350,卖盘
325,14:30:49,13.35,--,88,117480,买盘
326,14:30:44,13.35,--,20,26700,卖盘
327,14:30:38,13.35,-0.01,127,169545,卖盘
328,14:30:34,13.36,0.01,32,42752,买盘
329,14:30:29,13.35,0.02,49,65428,买盘
330,14:30:23,13.33,-0.02,144,191952,卖盘
331,14:30:18,13.35,--,94,126811,买盘
332,14:30:08,13.35,0.01,91,121498,买盘
333,14:30:04,13.34,--,273,364182,卖盘
334,14:29:59,13.34,--,51,68034,卖盘
335,14:29:54,13.34,0.01,81,108054,卖盘
336,14:29:47,13.33,--,6,7998,卖盘
337,14:29:43,13.33,-0.02,400,533200,卖盘
338,14:29:38,13.35,0.02,76,101460,买盘
339,14:29:33,13.33,--,322,429226,卖盘
340,14:29:29,13.33,--,98,130634,买盘
341,14:29:23,13.33,-0.01,68,90644,中性盘
342,14:29:18,13.34,0.02,309,412206,买盘
343,14:29:14,13.32,--,5,6660,卖盘
344,14:29:08,13.32,0.01,299,398268,买盘
345,14:29:03,13.31,--,133,177023,买盘
346,14:28:59,13.31,0.01,13,17303,买盘
347,14:28:53,13.3,--,72,95760,卖盘
348,14:28:47,13.3,-0.01,11,14630,中性盘
349,14:28:39,13.31,--,61,81191,买盘
350,14:28:32,13.31,0.01,6,7986,买盘
351,14:28:23,13.3,--,6,7980,卖盘
352,14:28:17,13.3,0.03,512,680960,买盘
353,14:28:14,13.27,-0.03,30,39810,卖盘
354,14:28:08,13.3,0.02,10,13300,买盘
355,14:28:03,13.28,--,4,5312,买盘
356,14:27:58,13.28,--,2,2656,卖盘
357,14:27:53,13.28,-0.02,25,33200,卖盘
358,14:27:47,13.3,--,17,22610,买盘
359,14:27:44,13.3,--,11,14630,买盘
360,14:27:38,13.3,--,182,242060,卖盘
361,14:27:32,13.3,-0.02,38,50540,卖盘
362,14:27:29,13.32,0.01,20,26640,买盘
363,14:27:23,13.31,--,19,25289,卖盘
364,14:27:17,13.31,--,52,69212,卖盘
365,14:27:13,13.31,-0.01,20,26620,卖盘
366,14:27:09,13.32,--,120,159840,买盘
367,14:27:02,13.32,-0.01,95,126540,卖盘
368,14:26:58,13.33,--,200,266600,买盘
369,14:26:53,13.33,--,187,249271,卖盘
370,14:26:47,13.33,-0.01,51,67983,卖盘
371,14:26:43,13.34,0.02,112,149408,买盘
372,14:26:38,13.32,--,35,46620,卖盘
373,14:26:32,13.32,-0.02,27,35964,卖盘
374,14:26:27,13.34,--,112,149408,买盘
375,14:26:23,13.34,-0.01,2,2668,买盘
376,14:26:18,13.35,0.01,20,26700,买盘
377,14:26:12,13.34,0.02,6,8004,中性盘
378,14:26:08,13.32,-0.03,7,9324,中性盘
379,14:26:02,13.35,0.03,200,267000,买盘
380,14:25:58,13.32,--,18,23976,买盘
381,14:25:54,13.32,0.01,326,434232,买盘
382,14:25:47,13.31,0.01,13,17303,买盘
383,14:25:43,13.3,--,20,26600,卖盘
384,14:25:38,13.3,--,40,53200,卖盘
385,14:25:32,13.3,0.03,1699,2259670,买盘
386,14:25:28,13.27,0.01,200,265400,买盘
387,14:25:23,13.26,--,16,21216,卖盘
388,14:25:17,13.26,--,23,30498,卖盘
389,14:25:13,13.26,--,46,60996,买盘
390,14:25:08,13.26,--,17,22542,买盘
391,14:25:02,13.26,--,85,112710,买盘
392,14:24:53,13.26,--,189,250614,卖盘
393,14:24:48,13.26,-0.01,6,7956,卖盘
394,14:24:43,13.27,0.01,80,106160,买盘
395,14:24:38,13.26,--,120,159120,卖盘
396,14:24:32,13.26,-0.01,50,66300,中性盘
397,14:24:28,13.27,0.02,75,99525,买盘
398,14:24:23,13.25,--,2,2650,卖盘
399,14:24:17,13.25,-0.02,36,47700,卖盘
400,14:24:11,13.27,0.02,80,106160,买盘
401,14:24:08,13.25,--,10,13250,卖盘
402,14:24:02,13.25,--,6,7950,卖盘
403,14:23:58,13.25,-0.01,7,9275,卖盘
404,14:23:47,13.26,0.01,96,127296,买盘
405,14:23:38,13.25,0.01,194,257050,买盘
406,14:23:32,13.24,-0.01,127,168148,卖盘
407,14:23:28,13.25,-0.01,2,2650,买盘
408,14:23:23,13.26,--,0,0,买盘
409,14:23:17,13.26,0.01,75,99450,买盘
410,14:23:11,13.25,--,117,155025,卖盘
411,14:23:07,13.25,--,19,25175,卖盘
412,14:22:56,13.25,-0.01,7,9275,卖盘
413,14:22:52,13.26,0.01,10,13260,买盘
414,14:22:47,13.25,--,55,72875,买盘
415,14:22:41,13.25,0.01,31,41075,买盘
416,14:22:38,13.24,--,7,9268,卖盘
417,14:22:32,13.24,-0.01,31,41044,卖盘
418,14:22:26,13.25,0.01,156,206700,买盘
419,14:22:17,13.24,--,13,17212,卖盘
420,14:22:11,13.24,0.01,56,74144,买盘
421,14:22:02,13.23,-0.02,14,18522,买盘
422,14:21:56,13.25,--,0,0,买盘
423,14:21:47,13.25,--,0,0,买盘
424,14:21:38,13.25,--,20,26500,买盘
425,14:21:32,13.25,--,20,26500,买盘
426,14:21:26,13.25,--,0,0,买盘
427,14:21:17,13.25,--,102,135150,卖盘
428,14:21:11,13.25,--,13,17225,卖盘
429,14:21:08,13.25,--,6,7950,卖盘
430,14:21:02,13.25,--,55,72875,买盘
431,14:20:56,13.25,--,0,0,买盘
432,14:20:47,13.25,-0.02,48,63600,卖盘
433,14:20:41,13.27,0.02,60,79620,买盘
434,14:20:37,13.25,--,0,0,卖盘
435,14:20:32,13.25,--,55,72875,卖盘
436,14:20:26,13.25,--,16,21200,卖盘
437,14:20:22,13.25,-0.02,2,2650,卖盘
438,14:20:17,13.27,0.02,222,294594,买盘
439,14:20:11,13.25,--,10,13250,卖盘
440,14:20:07,13.25,--,28,37100,卖盘
441,14:20:02,13.25,0.06,824,1091800,买盘
442,14:19:56,13.19,-0.01,7,9233,卖盘
443,14:19:52,13.2,--,100,132000,买盘
444,14:19:47,13.2,-0.01,165,217800,卖盘
445,14:19:37,13.21,-0.01,7,9247,卖盘
446,14:19:32,13.22,0.01,3,3966,买盘
447,14:19:26,13.21,-0.01,6,7926,卖盘
448,14:19:17,13.22,-0.01,6,7932,卖盘
449,14:19:07,13.23,0.01,67,88641,买盘
450,14:19:02,13.22,--,5,6610,卖盘
451,14:18:56,13.22,--,307,405854,卖盘
452,14:18:47,13.22,-0.01,6,7932,卖盘
453,14:18:41,13.23,--,60,79380,买盘
454,14:18:37,13.23,0.01,36,47628,买盘
455,14:18:26,13.22,--,6,7932,卖盘
456,14:18:17,13.22,0.01,144,190368,买盘
457,14:18:11,13.21,--,6,7926,卖盘
458,14:18:06,13.21,--,6,7926,卖盘
459,14:17:56,13.21,--,12,15852,卖盘
460,14:17:47,13.21,--,6,7926,卖盘
461,14:17:37,13.21,--,13,17173,卖盘
462,14:17:26,13.21,-0.01,6,7926,卖盘
463,14:17:22,13.22,0.02,40,52880,买盘
464,14:17:17,13.2,--,0,0,卖盘
465,14:17:07,13.2,-0.01,6,7920,卖盘
466,14:17:01,13.21,--,1,1321,买盘
467,14:16:56,13.21,--,26,34346,卖盘
468,14:16:50,13.21,0.01,11,14531,买盘
469,14:16:46,13.2,--,10,13200,卖盘
470,14:16:41,13.2,-0.02,14,18480,卖盘
471,14:16:35,13.22,--,47,62134,买盘
472,14:16:31,13.22,0.01,56,74032,买盘
473,14:16:26,13.21,0.01,16,21136,买盘
474,14:16:16,13.2,--,7,9240,卖盘
475,14:16:11,13.2,0.01,43,56760,买盘
476,14:16:05,13.19,-0.01,6,7914,卖盘
477,14:16:01,13.2,0.01,50,66000,买盘
478,14:15:56,13.19,--,17,22423,卖盘
479,14:15:46,13.19,--,6,7914,卖盘
480,14:15:41,13.19,0.01,3,3957,买盘
481,14:15:35,13.18,--,17,22406,卖盘
482,14:15:26,13.18,--,26,34268,卖盘
483,14:15:16,13.18,--,7,9226,卖盘
484,14:15:05,13.18,--,6,7908,卖盘
485,14:14:56,13.18,--,0,0,卖盘
486,14:14:46,13.18,-0.02,6,7908,卖盘
487,14:14:41,13.2,--,14,18480,买盘
488,14:14:35,13.2,--,0,0,买盘
489,14:14:31,13.2,0.02,18,23760,买盘
490,14:14:26,13.18,--,6,7908,卖盘
491,14:14:20,13.18,0.02,223,293914,买盘
492,14:14:11,13.16,-0.01,392,515872,卖盘
493,14:14:05,13.17,0.01,206,271302,买盘
494,14:14:01,13.16,--,10,13160,卖盘
495,14:13:56,13.16,-0.01,7,9212,卖盘
496,14:13:46,13.17,--,3,3951,卖盘
497,14:13:41,13.17,--,31,40827,卖盘
498,14:13:35,13.17,--,28,36876,买盘
499,14:13:31,13.17,-0.01,20,26340,买盘
500,14:13:26,13.18,--,0,0,买盘
501,14:13:20,13.18,--,1,1318,买盘
502,14:13:16,13.18,-0.01,134,176612,卖盘
503,14:13:11,13.19,0.01,9,11871,买盘
504,14:13:05,13.18,--,7,9226,卖盘
505,14:12:56,13.18,-0.01,107,141026,卖盘
506,14:12:50,13.19,0.01,6,7914,买盘
507,14:12:46,13.18,--,0,0,卖盘
508,14:12:41,13.18,-0.01,153,201654,卖盘
509,14:12:35,13.19,0.01,13,17147,买盘
510,14:12:26,13.18,--,6,7908,卖盘
511,14:12:16,13.18,0.01,7,9226,卖盘
512,14:12:05,13.17,--,0,0,卖盘
513,14:11:56,13.17,-0.01,7,9219,卖盘
514,14:11:50,13.18,-0.02,4,5272,买盘
515,14:11:41,13.2,--,43,56760,卖盘
516,14:11:35,13.2,0.03,457,603240,买盘
517,14:11:26,13.17,-0.01,6,7902,卖盘
518,14:11:20,13.18,0.01,2,2636,买盘
519,14:11:16,13.17,-0.01,7,9219,卖盘
520,14:11:05,13.18,--,1,1318,卖盘
521,14:10:56,13.18,0.01,8,10544,买盘
522,14:10:50,13.17,--,103,135651,卖盘
523,14:10:44,13.17,--,6,7902,卖盘
524,14:10:35,13.17,0.01,14,18438,买盘
525,14:10:31,13.16,--,6,7896,卖盘
526,14:10:15,13.16,--,0,0,卖盘
527,14:10:05,13.16,--,25,32900,卖盘
528,14:09:55,13.16,--,8,10528,买盘
529,14:09:44,13.16,0.01,112,147392,买盘
530,14:09:35,13.15,--,200,263000,买盘
531,14:09:29,13.15,--,6,7890,买盘
532,14:09:25,13.15,0.01,22,28930,买盘
533,14:09:20,13.14,--,14,18396,买盘
534,14:09:14,13.14,-0.01,66,86724,卖盘
535,14:09:05,13.15,0.01,16,21040,买盘
536,14:08:59,13.14,--,2,2628,卖盘
537,14:08:55,13.14,-0.01,10,13140,卖盘
538,14:08:50,13.15,0.01,10,13150,买盘
539,14:08:44,13.14,--,6,7884,卖盘
540,14:08:35,13.14,--,7,9198,卖盘
541,14:08:25,13.14,--,52,68328,买盘
542,14:08:20,13.14,--,61,80154,买盘
543,14:08:14,13.14,--,20,26280,卖盘
544,14:08:10,13.14,--,10,13140,卖盘
545,14:08:05,13.14,-0.01,6,7884,卖盘
546,14:07:59,13.15,0.02,3,3945,买盘
547,14:07:55,13.13,-0.01,43,56459,卖盘
548,14:07:50,13.14,-0.01,6,7884,买盘
549,14:07:44,13.15,--,0,0,买盘
550,14:07:35,13.15,0.01,171,224865,买盘
551,14:07:29,13.14,--,27,35478,卖盘
552,14:07:25,13.14,-0.01,6,7884,卖盘
553,14:07:20,13.15,0.01,6,7890,买盘
554,14:07:14,13.14,--,7,9198,卖盘
555,14:07:05,13.14,--,6,7884,卖盘
556,14:06:59,13.14,-0.01,37,48618,卖盘
557,14:06:55,13.15,0.01,5,6575,卖盘
558,14:06:50,13.14,--,0,0,卖盘
559,14:06:44,13.14,-0.01,6,7884,卖盘
560,14:06:40,13.15,0.01,227,298505,买盘
561,14:06:35,13.14,-0.01,7,9198,卖盘
562,14:06:20,13.15,--,279,366885,卖盘
563,14:06:14,13.15,-0.01,7,9205,卖盘
564,14:06:05,13.16,0.01,6,7896,卖盘
565,14:05:59,13.15,--,20,26300,卖盘
566,14:05:55,13.15,--,10,13150,卖盘
567,14:05:44,13.15,--,6,7890,卖盘
568,14:05:40,13.15,--,10,13150,卖盘
569,14:05:35,13.15,--,25,32875,卖盘
570,14:05:25,13.15,--,0,0,卖盘
571,14:05:14,13.15,-0.01,17,22355,卖盘
572,14:04:59,13.16,--,6,7896,卖盘
573,14:04:44,13.16,--,9,11844,买盘
574,14:04:35,13.16,--,5,6580,卖盘
575,14:04:29,13.16,-0.02,2,2632,卖盘
576,14:04:23,13.18,--,0,0,买盘
577,14:04:14,13.18,--,6,7908,卖盘
578,14:04:04,13.18,--,17,22406,买盘
579,14:03:54,13.18,--,0,0,买盘
580,14:03:50,13.18,0.01,14,18452,买盘
581,14:03:44,13.17,0.02,4,5268,中性盘
582,14:03:35,13.15,--,7,9205,卖盘
583,14:03:29,13.15,0.01,329,433923,买盘
584,14:03:23,13.14,--,30,39420,卖盘
585,14:03:14,13.14,-0.01,78,102492,卖盘
586,14:03:08,13.15,0.01,6,7890,买盘
587,14:03:04,13.14,--,6,7884,卖盘
588,14:02:59,13.14,0.01,32,42048,买盘
589,14:02:53,13.13,--,14,18382,卖盘
590,14:02:38,13.13,--,0,0,卖盘
591,14:02:34,13.13,--,20,26260,卖盘
592,14:02:29,13.13,-0.01,10,13130,卖盘
593,14:02:23,13.14,0.01,15,20038,买盘
594,14:02:14,13.13,--,7,9191,卖盘
595,14:02:08,13.13,0.01,6,7878,买盘
596,14:02:04,13.12,--,0,0,卖盘
597,14:01:59,13.12,--,23,30176,卖盘
598,14:01:53,13.12,-0.03,41,53792,卖盘
599,14:01:49,13.15,0.02,15,19725,买盘
600,14:01:44,13.13,-0.01,26,34138,卖盘
601,14:01:38,13.14,0.02,15,19710,买盘
602,14:01:34,13.12,--,0,0,卖盘
603,14:01:29,13.12,-0.02,2,2624,卖盘
604,14:01:23,13.14,-0.01,59,77526,卖盘
605,14:01:19,13.15,0.02,138,181470,买盘
606,14:01:14,13.13,0.01,50,65650,买盘
607,14:01:08,13.12,-0.02,195,255839,卖盘
608,14:01:04,13.14,--,5,6570,卖盘
609,14:00:59,13.14,--,51,67014,卖盘
610,14:00:53,13.14,--,75,98550,卖盘
611,14:00:49,13.14,--,19,24966,卖盘
612,14:00:44,13.14,--,46,60444,卖盘
613,14:00:38,13.14,-0.01,18,23652,卖盘
614,14:00:29,13.15,--,17,22355,买盘
615,14:00:23,13.15,-0.03,380,499726,卖盘
616,14:00:14,13.18,-0.01,7,9226,卖盘
617,13:59:59,13.19,--,53,69907,卖盘
618,13:59:53,13.19,-0.01,7,9233,卖盘
619,13:59:38,13.2,--,1,1320,卖盘
620,13:59:34,13.2,--,5,6600,卖盘
621,13:59:29,13.2,--,42,55440,卖盘
622,13:59:23,13.2,0.01,52,68640,买盘
623,13:59:14,13.19,-0.01,7,9233,卖盘
624,13:59:08,13.2,0.01,23,30360,买盘
625,13:59:04,13.19,--,6,7914,卖盘
626,13:58:53,13.19,-0.01,7,9233,卖盘
627,13:58:44,13.2,--,14,18480,卖盘
628,13:58:38,13.2,--,10,13200,卖盘
629,13:58:23,13.2,--,6,7920,卖盘
630,13:58:08,13.2,--,0,0,卖盘
631,13:57:59,13.2,-0.01,52,68640,卖盘
632,13:57:53,13.21,-0.01,117,154557,中性盘
633,13:57:49,13.22,0.02,1,1322,买盘
634,13:57:44,13.2,-0.01,6,7920,卖盘
635,13:57:38,13.21,0.01,27,35667,买盘
636,13:57:28,13.2,--,6,7920,卖盘
637,13:57:13,13.2,--,7,9240,卖盘
638,13:57:08,13.2,-0.01,6,7920,卖盘
639,13:56:59,13.21,--,11,14531,买盘
640,13:56:47,13.21,0.01,1,1321,买盘
641,13:56:44,13.2,-0.01,6,7920,卖盘
642,13:56:38,13.21,--,13,17173,买盘
643,13:56:23,13.21,--,0,0,中性盘
644,13:56:17,13.21,--,61,80581,卖盘
645,13:56:13,13.21,--,11,14531,卖盘
646,13:56:08,13.21,--,6,7926,卖盘
647,13:55:58,13.21,--,9,11889,卖盘
648,13:55:53,13.21,--,7,9247,卖盘
649,13:55:47,13.21,--,6,7926,卖盘
650,13:55:38,13.21,--,7,9247,卖盘
651,13:55:32,13.21,--,34,44914,卖盘
652,13:55:23,13.21,--,6,7926,卖盘
653,13:55:17,13.21,--,7,9247,卖盘
654,13:55:13,13.21,--,20,26420,卖盘
655,13:55:08,13.21,--,99,130779,卖盘
656,13:55:02,13.21,--,1,1321,卖盘
657,13:54:53,13.21,-0.01,7,9247,卖盘
658,13:54:47,13.22,--,66,87252,卖盘
659,13:54:38,13.22,--,27,35694,卖盘
660,13:54:32,13.22,0.01,7,9254,买盘
661,13:54:23,13.21,--,6,7926,卖盘
662,13:54:17,13.21,-0.01,11,14531,卖盘
663,13:54:08,13.22,-0.01,13,17186,卖盘
664,13:54:02,13.23,--,0,0,买盘
665,13:53:58,13.23,--,3,3969,卖盘
666,13:53:53,13.23,--,12,15876,卖盘
667,13:53:47,13.23,0.01,28,37044,买盘
668,13:53:38,13.22,--,17,22474,买盘
669,13:53:23,13.22,--,4,5288,卖盘
670,13:53:17,13.22,--,13,17186,买盘
671,13:53:02,13.22,--,26,34372,中性盘
672,13:52:53,13.22,--,17,22474,卖盘
673,13:52:47,13.22,--,8,10576,买盘
674,13:52:38,13.22,--,8,10576,卖盘
675,13:52:32,13.22,--,6,7932,卖盘
676,13:52:23,13.22,--,6,7932,卖盘
677,13:52:17,13.22,0.01,20,26440,买盘
678,13:52:08,13.21,-0.01,6,7926,卖盘
679,13:51:58,13.22,0.01,27,35694,买盘
680,13:51:53,13.21,-0.01,20,26420,卖盘
681,13:51:47,13.22,--,64,84608,买盘
682,13:51:38,13.22,--,8,10576,买盘
683,13:51:32,13.22,0.01,10,13220,买盘
684,13:51:23,13.21,-0.01,24,31704,卖盘
685,13:51:17,13.22,--,20,26440,买盘
686,13:51:08,13.22,0.01,16,21152,买盘
687,13:50:53,13.21,-0.01,11,14531,卖盘
688,13:50:47,13.22,--,20,26440,买盘
689,13:50:43,13.22,-0.01,86,113692,卖盘
690,13:50:38,13.23,-0.01,7,9261,卖盘
691,13:50:32,13.24,0.02,5,6620,买盘
692,13:50:28,13.22,--,0,0,卖盘
693,13:50:23,13.22,-0.01,36,47592,卖盘
694,13:50:17,13.23,--,40,52920,卖盘
695,13:50:13,13.23,-0.01,3,3969,卖盘
696,13:50:07,13.24,-0.01,14,18536,中性盘
697,13:50:02,13.25,0.03,179,237175,买盘
698,13:49:58,13.22,-0.03,7,9254,卖盘
699,13:49:52,13.25,0.03,500,662500,买盘
700,13:49:47,13.22,--,44,58168,买盘
701,13:49:38,13.22,0.01,23,30406,买盘
702,13:49:26,13.21,--,6,7926,卖盘
703,13:49:17,13.21,0.03,210,277410,买盘
704,13:49:07,13.18,-0.03,6,7908,卖盘
705,13:48:52,13.21,0.01,100,132100,买盘
706,13:48:47,13.2,--,7,9240,买盘
707,13:48:32,13.2,--,31,40920,卖盘
708,13:48:26,13.2,--,15,19800,卖盘
709,13:48:22,13.2,--,18,23760,卖盘
710,13:48:17,13.2,-0.01,37,48840,卖盘
711,13:48:11,13.21,0.01,10,13210,买盘
712,13:48:07,13.2,--,47,62040,卖盘
713,13:48:02,13.2,--,3,3960,卖盘
714,13:47:56,13.2,--,29,38280,卖盘
715,13:47:47,13.2,--,8,10560,卖盘
716,13:47:37,13.2,--,7,9240,卖盘
717,13:47:26,13.2,--,6,7920,卖盘
718,13:47:17,13.2,-0.01,7,9240,卖盘
719,13:47:07,13.21,--,2,2642,卖盘
720,13:47:02,13.21,--,133,175693,卖盘
721,13:46:56,13.21,--,9,11889,卖盘
722,13:46:52,13.21,--,98,129458,卖盘
723,13:46:47,13.21,--,6,7926,卖盘
724,13:46:41,13.21,--,111,146631,卖盘
725,13:46:36,13.21,--,7,9247,卖盘
726,13:46:26,13.21,-0.01,12,15852,卖盘
727,13:46:16,13.22,0.01,17,22474,买盘
728,13:46:11,13.21,--,10,13210,卖盘
729,13:46:07,13.21,--,6,7926,卖盘
730,13:45:56,13.21,-0.01,27,35667,卖盘
731,13:45:52,13.22,--,15,19830,买盘
732,13:45:47,13.22,0.01,26,34372,买盘
733,13:45:41,13.21,--,8,10568,卖盘
734,13:45:37,13.21,--,7,9247,卖盘
735,13:45:32,13.21,0.01,207,273447,买盘
736,13:45:26,13.2,--,7,9240,卖盘
737,13:45:17,13.2,--,7,9240,卖盘
738,13:45:11,13.2,0.05,10,13200,买盘
739,13:45:07,13.15,-0.05,6,7890,卖盘
740,13:45:02,13.2,0.05,500,660000,买盘
741,13:44:56,13.15,-0.01,7,9205,卖盘
742,13:44:47,13.16,--,7,9212,卖盘
743,13:44:41,13.16,--,142,186872,卖盘
744,13:44:37,13.16,-0.01,7,9212,卖盘
745,13:44:26,13.17,--,8,10536,买盘
746,13:44:22,13.17,--,10,13170,买盘
747,13:44:17,13.17,--,49,64533,卖盘
748,13:44:06,13.17,-0.01,6,7902,卖盘
749,13:43:56,13.18,-0.01,7,9226,卖盘
750,13:43:47,13.19,0.01,11,14509,买盘
751,13:43:41,13.18,0.01,10,13180,卖盘
752,13:43:37,13.17,-0.01,7,9219,卖盘
753,13:43:32,13.18,0.01,6,7908,买盘
754,13:43:26,13.17,--,0,0,卖盘
755,13:43:22,13.17,-0.01,6,7902,卖盘
756,13:43:16,13.18,0.01,14,18452,买盘
757,13:43:11,13.17,--,4,5268,卖盘
758,13:43:07,13.17,--,6,7902,卖盘
759,13:42:56,13.17,0.01,13,17121,买盘
760,13:42:46,13.16,--,0,0,卖盘
761,13:42:37,13.16,--,0,0,卖盘
762,13:42:26,13.16,0.01,13,17108,买盘
763,13:42:16,13.15,--,18,23670,卖盘
764,13:42:05,13.15,--,6,7890,卖盘
765,13:42:01,13.15,--,43,57833,买盘
766,13:41:56,13.15,--,10,13150,买盘
767,13:41:46,13.15,--,19,24985,买盘
768,13:41:41,13.15,--,42,55256,卖盘
769,13:41:35,13.15,--,7,9205,卖盘
770,13:41:26,13.15,--,6,7890,卖盘
771,13:41:17,13.15,--,7,9205,卖盘
772,13:41:05,13.15,--,6,7890,卖盘
773,13:40:56,13.15,-0.02,150,197250,卖盘
774,13:40:50,13.17,0.01,2,2634,买盘
775,13:40:46,13.16,--,6,7896,卖盘
776,13:40:41,13.16,--,116,152656,卖盘
777,13:40:35,13.16,--,7,9212,卖盘
778,13:40:26,13.16,-0.01,166,218456,卖盘
779,13:40:20,13.17,--,3,3951,买盘
780,13:40:11,13.17,--,192,252864,卖盘
781,13:40:05,13.17,--,15,19755,卖盘
782,13:39:56,13.17,--,14,18438,卖盘
783,13:39:46,13.17,-0.01,6,7902,卖盘
784,13:39:31,13.18,--,30,39540,卖盘
785,13:39:26,13.18,--,6,7908,卖盘
786,13:39:16,13.18,--,7,9226,卖盘
787,13:39:11,13.18,--,20,26360,卖盘
788,13:39:05,13.18,-0.01,6,7908,卖盘
789,13:38:56,13.19,--,9,11871,卖盘
790,13:38:50,13.19,--,17,22423,卖盘
791,13:38:45,13.19,--,6,7914,卖盘
792,13:38:35,13.19,--,7,9233,卖盘
793,13:38:31,13.19,--,7,9233,卖盘
794,13:38:20,13.19,-0.01,44,58036,卖盘
795,13:38:16,13.2,--,7,9240,卖盘
796,13:38:05,13.2,--,6,7920,卖盘
797,13:38:01,13.2,0.01,6,7920,买盘
798,13:37:56,13.19,--,7,9233,卖盘
799,13:37:50,13.19,--,10,13190,卖盘
800,13:37:46,13.19,--,6,7914,卖盘
801,13:37:41,13.19,--,1,1319,卖盘
802,13:37:35,13.19,--,15,19785,卖盘
803,13:37:20,13.19,--,0,0,卖盘
804,13:37:15,13.19,-0.02,7,9233,卖盘
805,13:37:11,13.21,0.01,5,6605,买盘
806,13:37:05,13.2,-0.01,5,6600,卖盘
807,13:36:56,13.21,--,50,66050,买盘
808,13:36:40,13.21,--,4,5284,卖盘
809,13:36:35,13.21,--,7,9247,卖盘
810,13:36:24,13.21,--,6,7926,卖盘
811,13:36:20,13.21,--,28,36988,卖盘
812,13:36:16,13.21,--,7,9247,卖盘
813,13:36:05,13.21,--,24,31704,卖盘
814,13:35:55,13.21,--,107,141347,卖盘
815,13:35:50,13.21,--,8,10568,卖盘
816,13:35:46,13.21,--,6,7926,卖盘
817,13:35:40,13.21,--,31,40951,卖盘
818,13:35:35,13.21,--,7,9247,卖盘
819,13:35:25,13.21,--,6,7926,卖盘
820,13:35:15,13.21,--,7,9247,卖盘
821,13:35:05,13.21,--,6,7926,卖盘
822,13:34:55,13.21,0.01,48,63408,买盘
823,13:34:44,13.2,--,14,18480,卖盘
824,13:34:35,13.2,--,32,42240,卖盘
825,13:34:25,13.2,--,6,7920,卖盘
826,13:34:14,13.2,-0.01,7,9240,卖盘
827,13:34:10,13.21,--,4,5284,买盘
828,13:34:05,13.21,--,28,36988,卖盘
829,13:33:55,13.21,--,27,35667,卖盘
830,13:33:50,13.21,--,10,13210,卖盘
831,13:33:44,13.21,--,6,7926,卖盘
832,13:33:35,13.21,--,9,11889,卖盘
833,13:33:25,13.21,-0.01,21,27741,卖盘
834,13:33:10,13.22,--,23,30406,卖盘
835,13:33:05,13.22,-0.02,6,7932,卖盘
836,13:32:59,13.24,0.01,88,116512,买盘
837,13:32:55,13.23,--,0,0,中性盘
838,13:32:44,13.23,--,16,21168,卖盘
839,13:32:35,13.23,0.01,11,14553,买盘
840,13:32:29,13.22,--,1,1322,卖盘
841,13:32:25,13.22,--,6,7932,卖盘
842,13:32:20,13.22,-0.01,15,19830,卖盘
843,13:32:14,13.23,--,8,10584,卖盘
844,13:32:05,13.23,0.01,22,29106,买盘
845,13:31:55,13.22,--,21,27762,买盘
846,13:31:50,13.22,--,1,1322,卖盘
847,13:31:44,13.22,0.01,6,7932,卖盘
848,13:31:35,13.21,-0.02,15,19815,卖盘
849,13:31:25,13.23,--,0,0,买盘
850,13:31:14,13.23,--,16,21168,卖盘
851,13:31:05,13.23,--,11,14553,卖盘
852,13:30:54,13.23,--,7,9261,卖盘
853,13:30:44,13.23,--,6,7938,卖盘
854,13:30:40,13.23,-0.01,20,26460,卖盘
855,13:30:35,13.24,0.01,37,48988,买盘
856,13:30:25,13.23,--,6,7938,卖盘
857,13:30:14,13.23,0.01,99,130977,买盘
858,13:30:04,13.22,0.01,18,23796,买盘
859,13:29:59,13.21,0.01,7,9247,卖盘
860,13:29:44,13.2,--,0,0,卖盘
861,13:29:39,13.2,--,0,0,卖盘
862,13:29:34,13.2,--,60,79200,卖盘
863,13:29:29,13.2,-0.03,6,7920,卖盘
864,13:29:25,13.23,--,0,0,买盘
865,13:29:19,13.23,0.02,14,18522,买盘
866,13:29:14,13.21,-0.01,1,1321,卖盘
867,13:29:04,13.22,-0.01,5,6610,卖盘
868,13:28:49,13.23,--,141,186543,卖盘
869,13:28:44,13.23,-0.01,6,7938,卖盘
870,13:28:34,13.24,-0.01,203,268772,卖盘
871,13:28:29,13.25,0.01,20,26500,买盘
872,13:28:25,13.24,-0.01,6,7944,卖盘
873,13:28:19,13.25,0.01,5,6625,买盘
874,13:28:14,13.24,--,7,9268,卖盘
875,13:28:04,13.24,-0.02,6,7944,卖盘
876,13:27:59,13.26,0.01,248,328848,买盘
877,13:27:49,13.25,--,78,103350,买盘
878,13:27:44,13.25,--,4,5300,买盘
879,13:27:40,13.25,--,25,33125,卖盘
880,13:27:34,13.25,--,8,10600,卖盘
881,13:27:29,13.25,--,124,164300,买盘
882,13:27:18,13.25,0.01,8,10600,买盘
883,13:27:14,13.24,--,20,26480,买盘
884,13:27:08,13.24,-0.01,5,6620,买盘
885,13:27:04,13.25,--,0,0,买盘
886,13:26:49,13.25,--,151,200075,卖盘
887,13:26:44,13.25,--,151,200075,卖盘
888,13:26:34,13.25,-0.01,7,9275,卖盘
889,13:26:29,13.26,0.01,3,3978,买盘
890,13:26:23,13.25,--,9,11925,卖盘
891,13:26:14,13.25,-0.01,24,31800,卖盘
892,13:26:08,13.26,0.01,6,7956,买盘
893,13:26:04,13.25,--,20,26500,卖盘
894,13:25:53,13.25,--,7,9275,卖盘
895,13:25:49,13.25,--,5,6625,卖盘
896,13:25:44,13.25,0.02,555,735375,买盘
897,13:25:38,13.23,--,500,661500,卖盘
898,13:25:34,13.23,--,161,213003,卖盘
899,13:25:23,13.23,--,6,7938,卖盘
900,13:25:19,13.23,--,20,26460,卖盘
901,13:25:14,13.23,--,7,9261,卖盘
902,13:25:08,13.23,0.03,252,333396,买盘
903,13:25:04,13.2,-0.01,2,2640,卖盘
904,13:24:59,13.21,-0.02,198,261558,卖盘
905,13:24:49,13.23,0.01,5,6615,买盘
906,13:24:44,13.22,--,7,9254,卖盘
907,13:24:38,13.22,--,27,35694,卖盘
908,13:24:23,13.22,--,6,7932,卖盘
909,13:24:14,13.22,--,16,21152,卖盘
910,13:24:08,13.22,--,6,7932,卖盘
911,13:23:59,13.22,0.01,51,67422,买盘
912,13:23:53,13.21,-0.01,7,9247,卖盘
913,13:23:44,13.22,--,2,2644,买盘
914,13:23:38,13.22,--,9,11898,卖盘
915,13:23:33,13.22,--,10,13220,卖盘
916,13:23:29,13.22,--,5,6610,卖盘
917,13:23:23,13.22,--,6,7932,卖盘
918,13:23:19,13.22,0.01,50,66100,买盘
919,13:23:14,13.21,--,7,9247,卖盘
920,13:23:08,13.21,--,6,7926,卖盘
921,13:22:53,13.21,-0.01,7,9247,卖盘
922,13:22:43,13.22,--,2,2644,卖盘
923,13:22:38,13.22,--,7,9254,卖盘
924,13:22:28,13.22,--,24,31728,买盘
925,13:22:23,13.22,0.01,1,1322,买盘
926,13:22:13,13.21,--,7,9247,卖盘
927,13:22:08,13.21,-0.01,6,7926,卖盘
928,13:21:58,13.22,0.01,207,273654,买盘
929,13:21:53,13.21,--,2,2642,卖盘
930,13:21:43,13.21,--,16,21136,卖盘
931,13:21:38,13.21,-0.01,19,25099,卖盘
932,13:21:33,13.22,0.01,5,6610,买盘
933,13:21:28,13.21,--,6,7926,卖盘
934,13:21:23,13.21,--,57,75297,卖盘
935,13:21:18,13.21,--,2,2642,卖盘
936,13:21:13,13.21,--,7,9247,卖盘
937,13:21:08,13.21,--,11,14531,卖盘
938,13:20:58,13.21,--,7,9247,卖盘
939,13:20:43,13.21,--,6,7926,卖盘
940,13:20:38,13.21,--,7,9247,卖盘
941,13:20:28,13.21,--,2,2642,卖盘
942,13:20:23,13.21,-0.01,7,9247,卖盘
943,13:20:18,13.22,0.01,2,2644,买盘
944,13:20:13,13.21,-0.01,7,9247,卖盘
945,13:20:08,13.22,--,8,10576,买盘
946,13:19:57,13.22,--,36,47592,卖盘
947,13:19:53,13.22,--,7,9254,卖盘
948,13:19:43,13.22,--,6,7932,卖盘
949,13:19:38,13.22,--,7,9254,卖盘
950,13:19:23,13.22,--,62,81964,卖盘
951,13:19:13,13.22,--,20,26440,卖盘
952,13:19:08,13.22,-0.01,6,7932,卖盘
953,13:19:02,13.23,0.01,5,6615,买盘
954,13:18:53,13.22,--,17,22474,卖盘
955,13:18:47,13.22,--,42,55524,卖盘
956,13:18:43,13.22,--,6,7932,卖盘
957,13:18:38,13.22,-0.01,7,9254,卖盘
958,13:18:23,13.23,--,3,3969,卖盘
959,13:18:17,13.23,0.01,9,11907,买盘
960,13:18:13,13.22,-0.01,7,9254,卖盘
961,13:18:08,13.23,-0.01,1,1323,卖盘
962,13:17:58,13.24,0.01,17,22508,买盘
963,13:17:53,13.23,--,5,6615,卖盘
964,13:17:43,13.23,--,6,7938,卖盘
965,13:17:38,13.23,-0.01,7,9261,卖盘
966,13:17:23,13.24,--,8,10592,卖盘
967,13:17:17,13.24,-0.01,7,9268,卖盘
968,13:17:13,13.25,--,1,1325,买盘
969,13:17:08,13.25,0.01,31,41075,买盘
970,13:17:02,13.24,-0.01,2,2648,卖盘
971,13:16:57,13.25,0.01,100,132500,买盘
972,13:16:53,13.24,--,7,9268,卖盘
973,13:16:47,13.24,--,6,7944,卖盘
974,13:16:37,13.24,-0.01,13,17212,买盘
975,13:16:23,13.25,0.01,5,6625,买盘
976,13:16:17,13.24,-0.01,14,18536,卖盘
977,13:16:07,13.25,0.01,7,9275,买盘
978,13:15:52,13.24,0.01,10,13240,买盘
979,13:15:47,13.23,--,9,11907,卖盘
980,13:15:37,13.23,--,7,9261,卖盘
981,13:15:22,13.23,--,0,0,卖盘
982,13:15:17,13.23,-0.03,7,9261,卖盘
983,13:15:12,13.26,0.02,5,6630,买盘
984,13:15:07,13.24,-0.02,12,15888,买盘
985,13:14:57,13.26,0.02,55,72930,买盘
986,13:14:47,13.24,-0.01,1,1324,中性盘
987,13:14:37,13.25,--,77,102025,卖盘
988,13:14:27,13.25,--,6,7950,卖盘
989,13:14:22,13.25,0.03,440,583000,买盘
990,13:14:16,13.22,--,62,81964,卖盘
991,13:14:07,13.22,--,7,9254,卖盘
992,13:13:57,13.22,--,8,10576,卖盘
993,13:13:47,13.22,--,0,0,卖盘
994,13:13:37,13.22,--,11,14542,卖盘
995,13:13:32,13.22,--,78,103116,卖盘
996,13:13:27,13.22,--,6,7932,卖盘
997,13:13:22,13.22,--,7,9254,卖盘
998,13:13:17,13.22,-0.01,7,9254,卖盘
999,13:13:06,13.23,0.01,8,10584,买盘
1000,13:13:02,13.22,0.01,93,122946,买盘
1001,13:12:57,13.21,--,2,2642,卖盘
1002,13:12:47,13.21,-0.01,206,272126,卖盘
1003,13:12:37,13.22,--,25,33050,卖盘
1004,13:12:27,13.22,-0.01,48,63456,卖盘
1005,13:12:21,13.23,0.01,5,6615,买盘
1006,13:12:17,13.22,--,7,9254,卖盘
1007,13:12:07,13.22,--,122,161284,买盘
1008,13:12:02,13.22,--,0,0,买盘
1009,13:11:52,13.22,0.02,1,1322,中性盘
1010,13:11:47,13.2,-0.03,71,93720,卖盘
1011,13:11:37,13.23,--,7,9261,卖盘
1012,13:11:32,13.23,--,2,2646,卖盘
1013,13:11:26,13.23,-0.02,6,7938,买盘
1014,13:11:22,13.25,--,0,0,买盘
1015,13:11:17,13.25,--,0,0,买盘
1016,13:11:07,13.25,--,8,10600,卖盘
1017,13:10:56,13.25,0.03,129,170925,买盘
1018,13:10:52,13.22,-0.01,7,9254,卖盘
1019,13:10:47,13.23,-0.02,4,5292,卖盘
1020,13:10:41,13.25,0.02,60,79500,买盘
1021,13:10:37,13.23,--,13,17199,买盘
1022,13:10:32,13.23,--,5,6615,买盘
1023,13:10:26,13.23,--,8,10584,卖盘
1024,13:10:17,13.23,--,7,9261,卖盘
1025,13:10:06,13.23,--,6,7938,卖盘
1026,13:09:56,13.23,--,0,0,卖盘
1027,13:09:47,13.23,-0.01,7,9261,卖盘
1028,13:09:41,13.24,--,3,3972,买盘
1029,13:09:36,13.24,--,4,5296,中性盘
1030,13:09:26,13.24,--,22,29128,卖盘
1031,13:09:16,13.24,-0.01,7,9268,卖盘
1032,13:09:11,13.25,0.01,1,1325,买盘
1033,13:09:06,13.24,--,7,9268,卖盘
1034,13:09:00,13.24,--,10,13240,卖盘
1035,13:08:56,13.24,--,12,15888,卖盘
1036,13:08:46,13.24,--,7,9268,卖盘
1037,13:08:36,13.24,0.01,24,31776,买盘
1038,13:08:31,13.23,--,61,80703,卖盘
1039,13:08:26,13.23,--,14,18522,卖盘
1040,13:08:15,13.23,--,7,9261,卖盘
1041,13:08:06,13.23,--,7,9261,卖盘
1042,13:07:56,13.23,--,7,9261,卖盘
1043,13:07:46,13.23,--,7,9261,卖盘
1044,13:07:41,13.23,-0.01,1,1323,卖盘
1045,13:07:36,13.24,--,3,3972,卖盘
1046,13:07:31,13.24,--,2,2648,卖盘
1047,13:07:26,13.24,0.01,303,401172,买盘
1048,13:07:15,13.23,--,5,6615,卖盘
1049,13:07:06,13.23,--,7,9261,卖盘
1050,13:06:56,13.23,--,9,11907,卖盘
1051,13:06:46,13.23,--,7,9261,卖盘
1052,13:06:41,13.23,0.01,72,95256,买盘
1053,13:06:36,13.22,--,7,9254,卖盘
1054,13:06:26,13.22,--,7,9254,卖盘
1055,13:06:15,13.22,--,7,9254,卖盘
1056,13:06:06,13.22,-0.01,7,9254,卖盘
1057,13:06:01,13.23,--,3,3969,买盘
1058,13:05:56,13.23,--,39,51597,卖盘
1059,13:05:45,13.23,--,9,11907,卖盘
1060,13:05:41,13.23,--,2,2646,卖盘
1061,13:05:36,13.23,--,7,9261,卖盘
1062,13:05:31,13.23,--,63,83349,卖盘
1063,13:05:26,13.23,--,17,22491,卖盘
1064,13:05:16,13.23,--,7,9261,卖盘
1065,13:05:06,13.23,--,7,9261,卖盘
1066,13:05:00,13.23,--,2,2646,卖盘
1067,13:04:56,13.23,0.01,65,85995,买盘
1068,13:04:45,13.22,-0.01,7,9254,卖盘
1069,13:04:41,13.23,0.01,10,13230,买盘
1070,13:04:36,13.22,-0.01,7,9254,卖盘
1071,13:04:26,13.23,0.01,20,26460,买盘
1072,13:04:16,13.22,--,7,9254,卖盘
1073,13:04:05,13.22,-0.01,7,9254,中性盘
1074,13:04:01,13.23,0.02,10,13230,买盘
1075,13:03:56,13.21,--,50,66050,卖盘
1076,13:03:46,13.21,-0.01,7,9247,卖盘
1077,13:03:40,13.22,0.01,27,35694,买盘
1078,13:03:35,13.21,--,7,9247,卖盘
1079,13:03:26,13.21,-0.02,7,9247,卖盘
1080,13:03:15,13.23,--,0,0,买盘
1081,13:03:05,13.23,-0.01,3,3969,卖盘
1082,13:02:56,13.24,--,2,2648,卖盘
1083,13:02:45,13.24,-0.01,8,10592,卖盘
1084,13:02:41,13.25,--,1,1325,卖盘
1085,13:02:35,13.25,--,42,55650,卖盘
1086,13:02:30,13.25,--,7,9275,卖盘
1087,13:02:24,13.25,--,37,49025,卖盘
1088,13:02:20,13.25,--,20,26500,卖盘
1089,13:02:15,13.25,--,7,9275,卖盘
1090,13:02:09,13.25,--,29,38425,卖盘
1091,13:02:05,13.25,-0.01,7,9275,卖盘
1092,13:01:50,13.26,--,111,147186,卖盘
1093,13:01:45,13.26,--,7,9282,卖盘
1094,13:01:39,13.26,--,58,76908,卖盘
1095,13:01:35,13.26,--,7,9282,卖盘
1096,13:01:24,13.26,--,46,60996,卖盘
1097,13:01:20,13.26,--,50,66300,卖盘
1098,13:01:14,13.26,--,7,9282,卖盘
1099,13:01:05,13.26,--,7,9282,卖盘
1100,13:00:55,13.26,--,20,26520,卖盘
1101,13:00:50,13.26,--,2,2652,卖盘
1102,13:00:44,13.26,-0.01,7,9282,卖盘
1103,13:00:40,13.27,0.01,40,53080,买盘
1104,13:00:35,13.26,--,7,9282,卖盘
1105,13:00:25,13.26,-0.01,7,9282,卖盘
1106,13:00:20,13.27,0.01,3,3981,买盘
1107,13:00:15,13.26,--,7,9282,卖盘
1108,13:00:09,13.26,--,30,39780,卖盘
1109,13:00:05,13.26,0.02,295,391170,买盘
1110,11:30:00,13.24,--,0,0,卖盘
1111,11:29:59,13.24,--,0,0,卖盘
1112,11:29:56,13.24,--,0,0,卖盘
1113,11:29:44,13.24,--,0,0,卖盘
1114,11:29:40,13.24,--,10,13240,卖盘
1115,11:29:34,13.24,--,303,401172,卖盘
1116,11:29:25,13.24,--,7,9268,卖盘
1117,11:29:15,13.24,--,7,9268,卖盘
1118,11:29:05,13.24,-0.01,7,9268,卖盘
1119,11:29:00,13.25,-0.01,13,17225,买盘
1120,11:28:55,13.26,0.01,11,14586,买盘
1121,11:28:50,13.25,--,47,62275,卖盘
1122,11:28:45,13.25,--,9,11925,卖盘
1123,11:28:40,13.25,--,8,10600,卖盘
1124,11:28:35,13.25,-0.01,7,9275,卖盘
1125,11:28:29,13.26,0.02,22,29172,买盘
1126,11:28:25,13.24,--,0,0,卖盘
1127,11:28:20,13.24,-0.03,60,79440,卖盘
1128,11:28:15,13.27,-0.01,67,88909,买盘
1129,11:28:04,13.28,0.01,98,130144,买盘
1130,11:28:00,13.27,--,3,3981,卖盘
1131,11:27:55,13.27,--,10,13270,卖盘
1132,11:27:50,13.27,0.02,100,132700,买盘
1133,11:27:45,13.25,0.01,14,18550,买盘
1134,11:27:34,13.24,0.01,2,2648,卖盘
1135,11:27:30,13.23,--,0,0,卖盘
1136,11:27:25,13.23,--,5,6615,卖盘
1137,11:27:20,13.23,-0.03,81,107163,卖盘
1138,11:27:14,13.26,0.03,371,491946,买盘
1139,11:27:05,13.23,-0.01,32,42336,卖盘
1140,11:26:59,13.24,0.01,12,15888,买盘
1141,11:26:55,13.23,-0.01,7,9261,卖盘
1142,11:26:50,13.24,0.01,10,13240,买盘
1143,11:26:45,13.23,--,38,50274,买盘
1144,11:26:35,13.23,0.01,53,70119,买盘
1145,11:26:30,13.22,--,10,13220,卖盘
1146,11:26:25,13.22,--,15,19830,卖盘
1147,11:26:15,13.22,--,7,9254,卖盘
1148,11:26:10,13.22,--,10,13220,卖盘
1149,11:26:04,13.22,--,7,9254,卖盘
1150,11:26:00,13.22,--,10,13220,卖盘
1151,11:25:55,13.22,-0.01,9,11898,卖盘
1152,11:25:40,13.23,--,3,3969,卖盘
1153,11:25:35,13.23,--,59,78057,买盘
1154,11:25:29,13.23,0.01,19,25137,买盘
1155,11:25:25,13.22,-0.01,12,15864,卖盘
1156,11:25:19,13.23,0.01,1,1323,买盘
1157,11:25:13,13.22,--,7,9254,卖盘
1158,11:25:04,13.22,--,8,10576,卖盘
1159,11:24:59,13.22,-0.01,7,9254,卖盘
1160,11:24:55,13.23,--,61,80703,买盘
1161,11:24:50,13.23,0.01,125,165375,买盘
1162,11:24:44,13.22,--,7,9254,卖盘
1163,11:24:40,13.22,--,11,14542,卖盘
1164,11:24:35,13.22,0.01,240,317332,买盘
1165,11:24:29,13.21,0.01,121,159841,买盘
1166,11:24:25,13.2,--,7,9240,卖盘
1167,11:24:19,13.2,--,15,19800,卖盘
1168,11:24:14,13.2,--,319,421080,买盘
1169,11:24:10,13.2,--,33,43560,买盘
1170,11:24:04,13.2,0.03,10,13200,买盘
1171,11:23:54,13.17,-0.03,7,9219,卖盘
1172,11:23:50,13.2,0.04,130,171600,买盘
1173,11:23:43,13.16,-0.04,9,11844,卖盘
1174,11:23:35,13.2,--,0,0,买盘
1175,11:23:23,13.2,--,0,0,买盘
1176,11:23:19,13.2,0.01,59,77880,买盘
1177,11:23:13,13.19,--,8,10552,卖盘
1178,11:23:04,13.19,-0.01,11,14509,卖盘
1179,11:22:58,13.2,0.01,7,9240,买盘
1180,11:22:54,13.19,-0.01,7,9233,卖盘
1181,11:22:50,13.2,--,4,5280,买盘
1182,11:22:44,13.2,--,4,5280,卖盘
1183,11:22:34,13.2,--,7,9240,卖盘
1184,11:22:28,13.2,0.01,19,25080,买盘
1185,11:22:23,13.19,--,7,9233,卖盘
1186,11:22:13,13.19,--,107,141133,卖盘
1187,11:22:05,13.19,--,7,9233,卖盘
1188,11:21:59,13.19,0.03,63,83097,买盘
1189,11:21:54,13.16,-0.01,21,27636,卖盘
1190,11:21:49,13.17,0.01,1,1317,买盘
1191,11:21:44,13.16,--,7,9212,卖盘
1192,11:21:34,13.16,--,7,9212,卖盘
1193,11:21:24,13.16,--,7,9212,卖盘
1194,11:21:14,13.16,0.01,7,9212,中性盘
1195,11:21:04,13.15,--,37,48655,卖盘
1196,11:20:54,13.15,-0.01,7,9205,卖盘
1197,11:20:49,13.16,0.01,2,2632,买盘
1198,11:20:44,13.15,-0.01,9,11835,卖盘
1199,11:20:39,13.16,0.01,5,6580,买盘
1200,11:20:34,13.15,--,0,0,卖盘
1201,11:20:24,13.15,-0.03,7,9205,卖盘
1202,11:20:19,13.18,0.03,68,89624,买盘
1203,11:20:14,13.15,--,16,21040,卖盘
1204,11:20:04,13.15,-0.01,7,9205,卖盘
1205,11:19:59,13.16,-0.01,1,1316,买盘
1206,11:19:49,13.17,--,0,0,买盘
1207,11:19:44,13.17,--,8,10536,买盘
1208,11:19:39,13.17,0.02,10,13170,买盘
1209,11:19:28,13.15,-0.03,9,13123,卖盘
1210,11:19:19,13.18,--,0,0,买盘
1211,11:19:14,13.18,0.03,110,144980,买盘
1212,11:19:09,13.15,--,60,78900,买盘
1213,11:19:04,13.15,--,1,1315,买盘
1214,11:18:59,13.15,-0.01,113,148595,卖盘
1215,11:18:23,13.16,--,2,2632,卖盘
1216,11:18:08,13.16,--,1,1316,卖盘
1217,11:18:04,13.16,--,1,1316,卖盘
1218,11:17:43,13.16,--,5,6580,卖盘
1219,11:17:13,13.16,0.01,30,39480,买盘
1220,11:17:08,13.15,-0.01,10,13150,卖盘
1221,11:16:23,13.16,--,7,9212,买盘
1222,11:16:19,13.16,-0.03,71,93436,卖盘
1223,11:15:53,13.19,0.01,111,146409,买盘
1224,11:15:43,13.18,0.02,15,19770,买盘
1225,11:15:23,13.16,--,3,3948,卖盘
1226,11:15:13,13.16,-0.02,15,19740,卖盘
1227,11:15:08,13.18,0.02,176,231968,买盘
1228,11:14:58,13.16,-0.01,2,2632,卖盘
1229,11:14:53,13.17,0.01,9,11853,买盘
1230,11:14:44,13.16,-0.01,25,32900,卖盘
1231,11:14:38,13.17,0.01,1,1317,买盘
1232,11:14:28,13.16,-0.01,6,7896,卖盘
1233,11:14:03,13.17,0.01,12,15804,买盘
1234,11:13:53,13.16,--,3,3948,卖盘
1235,11:13:37,13.16,0.01,56,73696,买盘
1236,11:13:22,13.15,--,8,10520,卖盘
1237,11:12:52,13.15,-0.01,30,39450,卖盘
1238,11:12:38,13.16,0.01,1,1316,买盘
1239,11:12:31,13.15,--,378,497070,卖盘
1240,11:12:23,13.15,-0.01,137,180155,卖盘
1241,11:12:07,13.16,0.01,5,7882,买盘
1242,11:11:58,13.15,--,7,9205,卖盘
1243,11:11:52,13.15,--,12,15780,卖盘
1244,11:11:37,13.15,--,0,0,中性盘
1245,11:11:31,13.15,0.01,2,2630,买盘
1246,11:11:27,13.14,-0.01,10,13140,卖盘
1247,11:11:22,13.15,0.01,6,7890,买盘
1248,11:11:13,13.14,--,7,9198,卖盘
1249,11:11:07,13.14,-0.01,7,9198,卖盘
1250,11:10:58,13.15,--,30,39450,买盘
1251,11:10:46,13.15,0.01,22,28930,买盘
1252,11:10:43,13.14,--,20,26280,买盘
1253,11:10:37,13.14,-0.01,15,19710,卖盘
1254,11:10:32,13.15,--,10,13150,买盘
1255,11:10:28,13.15,--,54,71010,卖盘
1256,11:10:22,13.15,--,5,6575,卖盘
1257,11:09:52,13.15,-0.01,3,3945,卖盘
1258,11:09:23,13.16,--,0,0,中性盘
1259,11:09:08,13.16,--,5,6580,卖盘
1260,11:09:02,13.16,0.02,395,519820,买盘
1261,11:08:52,13.14,-0.01,5,6570,卖盘
1262,11:08:43,13.15,0.01,18,23670,买盘
1263,11:08:37,13.14,-0.01,112,147168,卖盘
1264,11:08:31,13.15,--,0,0,中性盘
1265,11:08:27,13.15,--,9,11835,卖盘
1266,11:08:22,13.15,0.01,47,61805,买盘
1267,11:08:16,13.14,--,67,88038,卖盘
1268,11:08:11,13.14,--,4,5256,卖盘
1269,11:08:07,13.14,-0.01,80,105120,卖盘
1270,11:07:52,13.15,0.01,12,15780,买盘
1271,11:07:46,13.14,-0.01,15,19710,卖盘
1272,11:07:37,13.15,-0.01,195,256425,卖盘
1273,11:07:31,13.16,-0.01,113,148708,卖盘
1274,11:07:27,13.17,0.01,3,3951,买盘
1275,11:07:22,13.16,--,4,5264,卖盘
1276,11:07:12,13.16,--,45,59220,卖盘
1277,11:07:01,13.16,--,1,1316,卖盘
1278,11:06:57,13.16,--,11,14476,卖盘
1279,11:06:47,13.16,-0.01,150,197400,卖盘
1280,11:06:31,13.17,--,5,6585,买盘
1281,11:06:25,13.17,--,2,2634,买盘
1282,11:06:17,13.17,0.01,10,13170,买盘
1283,11:06:11,13.16,-0.01,347,456652,卖盘
1284,11:06:07,13.17,--,7,9219,买盘
1285,11:06:02,13.17,--,7,9219,卖盘
1286,11:05:31,13.17,--,10,13170,卖盘
1287,11:05:26,13.17,--,1,1317,买盘
1288,11:05:16,13.17,--,48,63216,买盘
1289,11:05:10,13.17,--,2,2634,买盘
1290,11:05:07,13.17,--,1,1317,买盘
1291,11:04:55,13.17,--,30,39510,买盘
1292,11:04:51,13.17,--,20,26340,买盘
1293,11:04:46,13.17,-0.01,44,57948,卖盘
1294,11:04:40,13.18,0.02,3,3954,买盘
1295,11:04:25,13.16,--,0,0,卖盘
1296,11:04:22,13.16,-0.01,2,2632,卖盘
1297,11:04:16,13.17,0.01,1,1317,卖盘
1298,11:04:10,13.16,--,150,197400,卖盘
1299,11:04:01,13.16,--,7,9212,卖盘
1300,11:03:55,13.16,--,0,0,卖盘
1301,11:03:37,13.16,-0.03,2,2632,卖盘
1302,11:03:31,13.19,0.03,5,6595,买盘
1303,11:03:25,13.16,-0.03,14,18424,卖盘
1304,11:03:10,13.19,0.03,50,65950,买盘
1305,11:03:01,13.16,-0.01,32,42112,卖盘
1306,11:02:55,13.17,-0.01,6,7902,卖盘
1307,11:02:52,13.18,0.01,9,11862,卖盘
1308,11:02:46,13.17,--,0,0,卖盘
1309,11:02:31,13.17,--,8,10536,买盘
1310,11:02:25,13.17,--,3,3951,买盘
1311,11:02:10,13.17,0.01,40,52680,买盘
1312,11:02:01,13.16,-0.01,679,893564,卖盘
1313,11:01:55,13.17,--,7,9219,买盘
1314,11:01:46,13.17,--,57,75069,买盘
1315,11:01:37,13.17,--,11,14487,买盘
1316,11:01:31,13.17,--,11,14487,买盘
1317,11:01:16,13.17,-0.02,51,67167,卖盘
1318,11:01:01,13.19,0.02,5,6595,买盘
1319,11:00:55,13.17,-0.01,15,19755,卖盘
1320,11:00:51,13.18,--,7,9226,卖盘
1321,11:00:46,13.18,--,0,0,中性盘
1322,11:00:40,13.18,--,0,0,卖盘
1323,11:00:31,13.18,-0.01,15,19770,卖盘
1324,11:00:20,13.19,--,1,1319,买盘
1325,11:00:10,13.19,--,0,0,买盘
1326,11:00:01,13.19,0.03,83,109477,买盘
1327,10:59:55,13.16,--,0,0,卖盘
1328,10:59:46,13.16,-0.02,15,19740,卖盘
1329,10:59:31,13.18,0.02,4,5272,买盘
1330,10:59:25,13.16,--,0,0,卖盘
1331,10:59:21,13.16,-0.02,125,164500,卖盘
1332,10:59:10,13.18,0.01,30,39540,买盘
1333,10:59:06,13.17,0.01,2,2634,买盘
1334,10:59:01,13.16,-0.01,20,26320,卖盘
1335,10:58:55,13.17,--,2,2634,卖盘
1336,10:58:50,13.17,--,0,0,中性盘
1337,10:58:40,13.17,--,10,13170,买盘
1338,10:58:36,13.17,0.01,1,1317,买盘
1339,10:58:25,13.16,-0.01,3,3948,卖盘
1340,10:58:16,13.17,0.01,9,11853,买盘
1341,10:58:04,13.16,-0.01,263,346108,卖盘
1342,10:57:55,13.17,--,30,39510,卖盘
1343,10:57:45,13.17,--,6,7902,卖盘
1344,10:57:40,13.17,--,10,13170,卖盘
1345,10:57:34,13.17,--,125,164625,买盘
1346,10:57:30,13.17,--,10,13170,买盘
1347,10:57:25,13.17,--,8,10536,买盘
1348,10:57:04,13.17,--,63,82971,买盘
1349,10:56:55,13.17,--,25,32925,买盘
1350,10:56:45,13.17,--,46,60582,卖盘
1351,10:56:34,13.17,--,9,11853,卖盘
1352,10:56:30,13.17,--,1,1317,卖盘
1353,10:56:19,13.17,--,7,9219,卖盘
1354,10:56:04,13.17,--,3,3951,买盘
1355,10:56:00,13.17,--,5,6585,买盘
1356,10:55:49,13.17,--,70,92190,卖盘
1357,10:55:25,13.17,--,100,131700,卖盘
1358,10:55:19,13.17,--,2,2634,卖盘
1359,10:54:49,13.17,--,5,6585,卖盘
1360,10:54:40,13.17,--,12,15804,买盘
1361,10:54:25,13.17,--,8,10536,卖盘
1362,10:54:19,13.17,-0.01,136,179112,卖盘
1363,10:54:16,13.18,--,29,38222,买盘
1364,10:54:10,13.18,0.01,53,69854,买盘
1365,10:54:04,13.17,--,178,234426,卖盘
1366,10:53:55,13.17,-0.01,11,14487,卖盘
1367,10:53:40,13.18,0.01,11,14498,买盘
1368,10:53:34,13.17,--,19,25023,卖盘
1369,10:53:25,13.17,-0.01,10,13170,卖盘
1370,10:53:19,13.18,0.01,10,13180,买盘
1371,10:53:15,13.17,--,93,122481,卖盘
1372,10:53:10,13.17,-0.01,5,6585,卖盘
1373,10:53:04,13.18,0.01,2,2636,买盘
1374,10:52:49,13.17,-0.01,1,1317,卖盘
1375,10:52:30,13.18,0.01,3,3954,买盘
1376,10:52:25,13.17,--,14,18438,卖盘
1377,10:52:19,13.17,--,51,67167,卖盘
1378,10:52:10,13.17,--,10,13170,卖盘
1379,10:52:04,13.17,--,10,13170,卖盘
1380,10:51:55,13.17,-0.01,30,39510,卖盘
1381,10:51:40,13.18,--,20,26360,买盘
1382,10:51:25,13.18,0.01,19,25042,卖盘
1383,10:51:04,13.17,--,0,0,卖盘
1384,10:50:58,13.17,-0.01,265,349005,卖盘
1385,10:50:54,13.18,-0.01,222,292596,卖盘
1386,10:50:49,13.19,--,29,38251,买盘
1387,10:50:43,13.19,0.01,20,26380,买盘
1388,10:50:40,13.18,-0.01,50,65900,卖盘
1389,10:50:34,13.19,--,45,59355,买盘
1390,10:50:28,13.19,-0.01,27,35613,卖盘
1391,10:50:25,13.2,0.01,1,1320,买盘
1392,10:50:19,13.19,--,40,52760,卖盘
1393,10:50:10,13.19,--,0,0,卖盘
1394,10:50:04,13.19,--,5,6595,卖盘
1395,10:49:58,13.19,--,5,6595,卖盘
1396,10:49:49,13.19,-0.01,25,32975,卖盘
1397,10:49:43,13.2,--,2,2640,买盘
1398,10:49:34,13.2,--,2,2640,买盘
1399,10:49:19,13.2,-0.01,33,43560,买盘
1400,10:49:04,13.21,--,0,0,买盘
1401,10:48:58,13.21,--,5,6605,买盘
1402,10:48:54,13.21,0.02,4,5284,买盘
1403,10:48:49,13.19,-0.02,30,39570,卖盘
1404,10:48:39,13.21,--,22,29062,买盘
1405,10:48:24,13.21,--,2,2642,买盘
1406,10:48:19,13.21,--,3,3963,买盘
1407,10:48:04,13.21,--,4,5284,买盘
1408,10:47:58,13.21,--,12,15852,买盘
1409,10:47:49,13.21,--,0,0,买盘
1410,10:47:04,13.21,--,23,30383,卖盘
1411,10:46:58,13.21,--,10,13210,卖盘
1412,10:46:43,13.21,--,31,40951,买盘
1413,10:46:34,13.21,--,10,13210,买盘
1414,10:46:28,13.21,0.01,2,2642,买盘
1415,10:46:09,13.2,-0.01,5,6600,卖盘
1416,10:46:04,13.21,--,20,26420,买盘
1417,10:45:54,13.21,--,1,1321,买盘
1418,10:45:49,13.21,--,4,5284,买盘
1419,10:45:43,13.21,--,181,239101,卖盘
1420,10:45:38,13.21,-0.01,5,6605,卖盘
1421,10:45:34,13.22,0.01,1,1322,买盘
1422,10:45:19,13.21,0.03,197,260237,买盘
1423,10:45:13,13.18,-0.03,261,343998,卖盘
1424,10:45:04,13.21,0.01,1,1321,买盘
1425,10:44:58,13.2,-0.01,5,6600,卖盘
1426,10:44:53,13.21,0.01,1,1321,买盘
1427,10:44:34,13.2,--,1,1320,卖盘
1428,10:44:13,13.2,--,2,2640,卖盘
1429,10:44:07,13.2,--,1,1320,卖盘
1430,10:44:04,13.2,--,18,23760,卖盘
1431,10:43:58,13.2,--,4,5280,买盘
1432,10:43:48,13.2,0.01,22,29040,买盘
1433,10:43:43,13.19,-0.01,45,59355,卖盘
1434,10:43:37,13.2,--,50,66000,买盘
1435,10:43:33,13.2,0.01,10,13200,买盘
1436,10:43:28,13.19,-0.01,2,2638,卖盘
1437,10:43:22,13.2,--,5,6600,买盘
1438,10:43:18,13.2,-0.01,10,13200,卖盘
1439,10:43:13,13.21,--,0,0,买盘
1440,10:43:07,13.21,0.01,83,109643,买盘
1441,10:42:58,13.2,--,13,17160,买盘
1442,10:42:52,13.2,0.01,10,13200,买盘
1443,10:42:48,13.19,--,2,2638,卖盘
1444,10:42:43,13.19,--,24,31656,卖盘
1445,10:42:28,13.19,-0.01,8,10552,卖盘
1446,10:42:22,13.2,--,1,1320,买盘
1447,10:42:13,13.2,0.01,5,6600,买盘
1448,10:42:07,13.19,-0.01,1,1319,卖盘
1449,10:42:03,13.2,0.01,8,10560,买盘
1450,10:41:58,13.19,-0.01,1,1319,卖盘
1451,10:41:48,13.2,0.01,1,1320,买盘
1452,10:41:43,13.19,-0.01,1,1319,卖盘
1453,10:41:37,13.2,--,3,3960,买盘
1454,10:41:28,13.2,--,4,5280,买盘
1455,10:41:22,13.2,--,30,39600,买盘
1456,10:41:13,13.2,--,37,48840,卖盘
1457,10:40:58,13.2,--,31,40920,卖盘
1458,10:40:28,13.2,-0.02,5,6600,卖盘
1459,10:40:22,13.22,--,0,0,买盘
1460,10:40:07,13.22,0.01,50,66100,买盘
1461,10:39:58,13.21,--,0,1268,卖盘
1462,10:39:52,13.21,--,5,6605,卖盘
1463,10:39:37,13.21,-0.01,33,43593,卖盘
1464,10:39:33,13.22,--,20,26440,买盘
1465,10:39:28,13.22,--,20,26440,买盘
1466,10:39:18,13.22,0.01,12,15864,买盘
1467,10:39:13,13.21,-0.01,5,6605,卖盘
1468,10:38:52,13.22,0.01,47,62134,买盘
1469,10:38:43,13.21,--,30,39630,卖盘
1470,10:38:37,13.21,--,20,26420,卖盘
1471,10:38:22,13.21,--,11,14531,卖盘
1472,10:38:17,13.21,0.01,56,74028,买盘
1473,10:38:13,13.2,--,1,1320,买盘
1474,10:38:07,13.2,-0.01,101,133320,卖盘
1475,10:37:31,13.21,--,20,26420,买盘
1476,10:37:22,13.21,--,5,7873,卖盘
1477,10:37:16,13.21,--,4,5284,卖盘
1478,10:37:07,13.21,-0.01,34,44914,卖盘
1479,10:37:01,13.22,0.01,7,9254,买盘
1480,10:36:57,13.21,-0.01,39,51519,卖盘
1481,10:36:52,13.22,0.01,41,54202,买盘
1482,10:36:37,13.21,-0.01,30,39630,卖盘
1483,10:36:22,13.22,--,2,2644,买盘
1484,10:36:16,13.22,--,2,2644,买盘
1485,10:36:01,13.22,0.02,81,107134,买盘
1486,10:35:52,13.2,--,10,13200,卖盘
1487,10:35:46,13.2,--,20,26400,卖盘
1488,10:35:31,13.2,0.01,85,112200,买盘
1489,10:35:22,13.19,-0.01,10,13190,卖盘
1490,10:35:16,13.2,--,27,35640,买盘
1491,10:35:12,13.2,0.01,2,2640,买盘
1492,10:34:16,13.19,-0.01,12,15828,卖盘
1493,10:34:12,13.2,0.01,10,13200,买盘
1494,10:34:01,13.19,-0.01,6,7914,卖盘
1495,10:33:46,13.2,0.02,5,6600,买盘
1496,10:33:37,13.18,--,106,139708,卖盘
1497,10:33:31,13.18,--,0,0,卖盘
1498,10:33:27,13.18,--,0,0,卖盘
1499,10:33:22,13.18,-0.02,555,731490,卖盘
1500,10:33:16,13.2,0.01,100,132000,买盘
1501,10:33:07,13.19,--,37,48803,卖盘
1502,10:32:57,13.19,--,10,13190,卖盘
1503,10:32:46,13.19,--,4,5276,卖盘
1504,10:32:37,13.19,--,20,26380,卖盘
1505,10:32:22,13.19,-0.01,21,27699,卖盘
1506,10:31:57,13.2,--,6,7920,买盘
1507,10:31:46,13.2,0.01,51,67320,买盘
1508,10:31:42,13.19,-0.01,3,3957,卖盘
1509,10:31:31,13.2,--,32,42240,买盘
1510,10:31:27,13.2,0.01,100,132607,买盘
1511,10:31:22,13.19,--,5,6595,卖盘
1512,10:31:16,13.19,-0.01,38,50122,卖盘
1513,10:30:46,13.2,0.01,7,9240,买盘
1514,10:30:40,13.19,--,10,13190,卖盘
1515,10:30:37,13.19,--,1,1319,卖盘
1516,10:30:31,13.19,-0.01,11,14509,卖盘
1517,10:30:25,13.2,0.01,20,26400,买盘
1518,10:30:21,13.19,--,52,68588,卖盘
1519,10:30:16,13.19,-0.01,8,10552,卖盘
1520,10:30:10,13.2,0.01,12,15840,买盘
1521,10:30:06,13.19,-0.01,5,6595,卖盘
1522,10:29:55,13.2,--,5,6600,买盘
1523,10:29:52,13.2,0.01,30,39600,买盘
1524,10:29:46,13.19,-0.01,71,94057,卖盘
1525,10:29:36,13.2,0.01,10,13200,买盘
1526,10:29:25,13.19,-0.01,100,131900,卖盘
1527,10:29:21,13.2,0.01,83,109560,买盘
1528,10:29:16,13.19,-0.01,28,36932,卖盘
1529,10:29:07,13.2,0.01,53,69960,买盘
1530,10:28:55,13.19,-0.01,7,9233,卖盘
1531,10:28:52,13.2,0.01,51,67320,买盘
1532,10:28:46,13.19,--,1,1319,卖盘
1533,10:28:37,13.19,0.01,22,29321,买盘
1534,10:28:31,13.18,--,32,42176,卖盘
1535,10:28:25,13.18,-0.01,2,2636,卖盘
1536,10:28:16,13.19,--,66,88069,卖盘
1537,10:28:10,13.19,--,34,44846,卖盘
1538,10:28:06,13.19,--,10,13190,卖盘
1539,10:28:01,13.19,--,0,303,卖盘
1540,10:27:55,13.19,--,7,9233,卖盘
1541,10:27:51,13.19,--,2,2638,卖盘
1542,10:27:40,13.19,--,75,98925,买盘
1543,10:27:36,13.19,0.01,4,5276,买盘
1544,10:27:31,13.18,--,5,6590,卖盘
1545,10:27:25,13.18,-0.01,62,81716,卖盘
1546,10:27:01,13.19,--,6,7914,买盘
1547,10:26:55,13.19,--,147,193893,卖盘
1548,10:26:40,13.19,--,7,9233,卖盘
1549,10:26:25,13.19,--,15,19785,卖盘
1550,10:26:16,13.19,-0.01,46,60674,卖盘
1551,10:25:46,13.2,--,3,3960,卖盘
1552,10:25:36,13.2,-0.01,10,13200,卖盘
1553,10:25:25,13.21,0.01,2,2642,买盘
1554,10:25:21,13.2,--,29,38280,卖盘
1555,10:25:16,13.2,-0.01,8,10560,卖盘
1556,10:25:10,13.21,--,30,39630,买盘
1557,10:24:55,13.21,--,10,13210,买盘
1558,10:24:46,13.21,0.01,30,39630,买盘
1559,10:24:40,13.2,--,35,46200,卖盘
1560,10:24:31,13.2,-0.01,28,36960,卖盘
1561,10:24:25,13.21,-0.01,1,1321,卖盘
1562,10:24:21,13.22,--,0,0,买盘
1563,10:24:16,13.22,0.01,6,7932,买盘
1564,10:24:10,13.21,0.01,45,59445,买盘
1565,10:24:01,13.2,-0.01,15,19800,卖盘
1566,10:23:55,13.21,0.01,26,34346,中性盘
1567,10:23:46,13.2,-0.02,60,79200,卖盘
1568,10:23:25,13.22,--,8,10576,买盘
1569,10:23:21,13.22,--,16,21152,买盘
1570,10:23:16,13.22,--,6,7932,买盘
1571,10:23:10,13.22,--,15,20491,卖盘
1572,10:23:06,13.22,--,8,11237,买盘
1573,10:23:01,13.22,--,16,21152,买盘
1574,10:22:55,13.22,--,40,52880,买盘
1575,10:22:46,13.22,0.02,19,25118,买盘
1576,10:22:40,13.2,--,8,10560,买盘
1577,10:22:34,13.2,0.01,10,13200,买盘
1578,10:22:30,13.19,--,11,14509,卖盘
1579,10:22:25,13.19,--,19,25061,卖盘
1580,10:22:19,13.19,0.01,101,133219,买盘
1581,10:22:04,13.18,--,186,245148,买盘
1582,10:22:01,13.18,0.01,20,26360,买盘
1583,10:21:49,13.17,-0.01,118,155406,卖盘
1584,10:21:45,13.18,--,10,13180,买盘
1585,10:21:40,13.18,--,28,36904,买盘
1586,10:21:34,13.18,--,5,6590,买盘
1587,10:21:30,13.18,--,7,9226,买盘
1588,10:21:25,13.18,--,27,35586,卖盘
1589,10:21:16,13.18,-0.01,45,59310,卖盘
1590,10:21:10,13.19,-0.03,100,131900,卖盘
1591,10:21:01,13.22,--,10,13220,买盘
1592,10:20:55,13.22,0.01,545,720490,买盘
1593,10:20:49,13.21,--,20,26420,买盘
1594,10:20:45,13.21,--,110,145310,卖盘
1595,10:20:40,13.21,-0.01,50,66050,卖盘
1596,10:20:34,13.22,--,1,1322,买盘
1597,10:20:31,13.22,0.01,1,1322,买盘
1598,10:20:25,13.21,-0.01,3,3963,卖盘
1599,10:20:19,13.22,0.01,26,34372,买盘
1600,10:20:10,13.21,-0.01,23,30383,卖盘
1601,10:20:04,13.22,-0.01,18,23796,卖盘
1602,10:19:55,13.23,0.01,10,13230,买盘
1603,10:19:49,13.22,--,25,33050,卖盘
1604,10:19:45,13.22,--,57,75354,买盘
1605,10:19:34,13.22,0.01,90,118980,买盘
1606,10:19:30,13.21,-0.01,273,360633,卖盘
1607,10:19:15,13.22,--,52,68744,卖盘
1608,10:19:10,13.22,-0.01,19,25118,卖盘
1609,10:19:00,13.23,-0.01,4,5292,卖盘
1610,10:18:49,13.24,--,83,109892,卖盘
1611,10:18:45,13.24,--,2,2648,卖盘
1612,10:18:40,13.24,--,250,331000,卖盘
1613,10:18:34,13.24,--,20,26480,卖盘
1614,10:18:30,13.24,--,250,331000,卖盘
1615,10:18:25,13.24,--,111,146964,卖盘
1616,10:18:19,13.24,--,86,113864,卖盘
1617,10:18:10,13.24,-0.02,6,7944,卖盘
1618,10:18:04,13.26,0.01,72,95472,买盘
1619,10:18:00,13.25,--,18,23850,卖盘
1620,10:17:55,13.25,--,40,53000,买盘
1621,10:17:49,13.25,0.01,105,139125,买盘
1622,10:17:45,13.24,-0.01,36,47664,卖盘
1623,10:17:40,13.25,0.01,10,13250,中性盘
1624,10:17:34,13.24,--,107,141668,卖盘
1625,10:17:30,13.24,--,11,14564,卖盘
1626,10:17:25,13.24,--,49,64876,卖盘
1627,10:17:19,13.24,--,123,162852,买盘
1628,10:17:10,13.24,--,0,0,买盘
1629,10:17:00,13.24,--,30,39720,买盘
1630,10:16:55,13.24,--,38,50312,买盘
1631,10:16:45,13.24,0.02,7,9268,买盘
1632,10:16:40,13.22,--,40,52880,卖盘
1633,10:16:34,13.22,-0.02,32,42304,卖盘
1634,10:16:30,13.24,0.01,31,41044,买盘
1635,10:16:19,13.23,0.01,122,161406,买盘
1636,10:16:10,13.22,-0.01,20,26440,买盘
1637,10:16:04,13.23,0.01,77,101871,买盘
1638,10:16:00,13.22,-0.01,51,67422,卖盘
1639,10:15:54,13.23,0.01,33,43659,买盘
1640,10:15:45,13.22,--,3,3966,卖盘
1641,10:15:40,13.22,0.01,208,274976,买盘
1642,10:15:34,13.21,--,104,137384,卖盘
1643,10:15:25,13.21,-0.01,77,101717,卖盘
1644,10:15:19,13.22,--,5,6610,买盘
1645,10:15:09,13.22,0.01,10,13220,买盘
1646,10:15:04,13.21,-0.01,12,15852,卖盘
1647,10:14:55,13.22,--,9,11898,卖盘
1648,10:14:43,13.22,-0.01,4,5288,卖盘
1649,10:14:39,13.23,0.01,10,13230,买盘
1650,10:14:34,13.22,-0.01,167,220774,卖盘
1651,10:14:28,13.23,--,10,13230,买盘
1652,10:14:19,13.23,--,1,1323,买盘
1653,10:14:13,13.23,--,20,26460,买盘
1654,10:14:09,13.23,0.01,10,13230,买盘
1655,10:13:58,13.22,-0.01,1,1322,卖盘
1656,10:13:54,13.23,--,29,38367,卖盘
1657,10:13:49,13.23,0.01,72,95256,买盘
1658,10:13:43,13.22,--,65,85930,买盘
1659,10:13:39,13.22,--,23,30406,买盘
1660,10:13:34,13.22,--,10,13220,买盘
1661,10:13:28,13.22,-0.01,38,50236,卖盘
1662,10:13:24,13.23,0.01,29,38367,买盘
1663,10:13:19,13.22,--,51,67422,卖盘
1664,10:13:13,13.22,--,44,58168,卖盘
1665,10:13:09,13.22,--,57,75354,卖盘
1666,10:13:04,13.22,--,31,40982,卖盘
1667,10:12:58,13.22,--,24,31728,买盘
1668,10:12:54,13.22,--,215,284230,买盘
1669,10:12:49,13.22,--,17,22474,买盘
1670,10:12:43,13.22,-0.01,3,3966,卖盘
1671,10:12:39,13.23,--,3,3969,买盘
1672,10:12:34,13.23,0.02,25,33075,买盘
1673,10:12:28,13.21,--,0,0,卖盘
1674,10:12:24,13.21,-0.02,173,228533,卖盘
1675,10:12:19,13.23,--,113,149499,买盘
1676,10:12:13,13.23,--,121,160083,卖盘
1677,10:12:09,13.23,--,20,26460,卖盘
1678,10:12:04,13.23,-0.01,108,142884,卖盘
1679,10:11:54,13.24,--,50,66200,买盘
1680,10:11:49,13.24,-0.01,48,63552,中性盘
1681,10:11:43,13.25,--,10,13250,买盘
1682,10:11:39,13.25,0.01,100,132500,买盘
1683,10:11:34,13.24,-0.01,50,66200,卖盘
1684,10:11:28,13.25,--,84,111300,买盘
1685,10:11:24,13.25,--,70,92750,买盘
1686,10:11:19,13.25,--,25,33125,买盘
1687,10:11:13,13.25,--,75,99375,买盘
1688,10:11:09,13.25,--,13,17225,买盘
1689,10:11:04,13.25,-0.01,40,53000,卖盘
1690,10:10:58,13.26,0.01,10,13260,买盘
1691,10:10:54,13.25,--,1,1325,卖盘
1692,10:10:49,13.25,0.02,130,172250,买盘
1693,10:10:43,13.23,-0.02,28,37044,卖盘
1694,10:10:39,13.25,--,12,15900,买盘
1695,10:10:34,13.25,0.02,25,33125,买盘
1696,10:10:28,13.23,-0.03,13,17199,卖盘
1697,10:10:19,13.26,0.01,54,71604,买盘
1698,10:10:13,13.25,--,40,53000,买盘
1699,10:10:09,13.25,-0.01,40,53000,买盘
1700,10:10:04,13.26,0.01,58,76908,买盘
1701,10:09:58,13.25,--,57,75525,卖盘
1702,10:09:54,13.25,--,9,11925,卖盘
1703,10:09:49,13.25,-0.01,110,145750,卖盘
1704,10:09:43,13.26,--,5,6630,买盘
1705,10:09:39,13.26,-0.01,3,3978,卖盘
1706,10:09:34,13.27,--,15,19905,买盘
1707,10:09:28,13.27,--,16,22253,卖盘
1708,10:09:24,13.27,-0.01,3,3981,卖盘
1709,10:09:19,13.28,--,114,151392,买盘
1710,10:09:13,13.28,--,192,254976,买盘
1711,10:09:09,13.28,--,115,152720,买盘
1712,10:09:03,13.28,--,27,35856,卖盘
1713,10:08:58,13.28,0.01,39,51792,买盘
1714,10:08:48,13.27,-0.01,8,10616,卖盘
1715,10:08:43,13.28,--,108,143424,卖盘
1716,10:08:38,13.28,0.01,20,26865,买盘
1717,10:08:33,13.27,0.03,357,473739,买盘
1718,10:08:28,13.24,-0.02,236,313483,卖盘
1719,10:08:24,13.26,--,73,96798,卖盘
1720,10:08:18,13.26,0.01,466,618220,买盘
1721,10:08:13,13.25,0.01,40,53000,买盘
1722,10:08:09,13.24,-0.02,5,6620,卖盘
1723,10:08:03,13.26,0.01,83,110058,买盘
1724,10:07:58,13.25,--,13,17225,卖盘
1725,10:07:54,13.25,0.02,102,135150,买盘
1726,10:07:48,13.23,-0.01,80,105840,卖盘
1727,10:07:43,13.24,-0.01,5,6620,中性盘
1728,10:07:39,13.25,0.01,70,92750,买盘
1729,10:07:33,13.24,-0.01,3,3972,卖盘
1730,10:07:28,13.25,--,22,30170,卖盘
1731,10:07:24,13.25,0.05,82,108954,买盘
1732,10:07:18,13.2,-0.03,272,359040,卖盘
1733,10:07:13,13.23,0.01,735,972405,买盘
1734,10:07:07,13.22,--,14,18508,卖盘
1735,10:07:03,13.22,--,47,62134,买盘
1736,10:06:58,13.22,--,7,9254,买盘
1737,10:06:52,13.22,--,37,48914,买盘
1738,10:06:48,13.22,-0.01,64,84608,卖盘
1739,10:06:43,13.23,0.01,17,22491,中性盘
1740,10:06:37,13.22,-0.02,4,5288,卖盘
1741,10:06:33,13.24,--,51,67524,买盘
1742,10:06:28,13.24,0.01,9,11916,买盘
1743,10:06:22,13.23,-0.02,5,6615,卖盘
1744,10:06:18,13.25,--,8,10600,买盘
1745,10:06:13,13.25,0.03,60,79500,买盘
1746,10:06:03,13.22,--,132,174504,买盘
1747,10:05:58,13.22,0.02,20,26440,买盘
1748,10:05:52,13.2,-0.02,42,55440,卖盘
1749,10:05:48,13.22,0.02,15,19830,买盘
1750,10:05:43,13.2,--,29,38280,买盘
1751,10:05:37,13.2,0.01,20,26400,买盘
1752,10:05:33,13.19,-0.01,227,299413,卖盘
1753,10:05:28,13.2,0.01,58,76560,买盘
1754,10:05:22,13.19,--,20,26380,卖盘
1755,10:05:18,13.19,--,2,2638,买盘
1756,10:05:13,13.19,0.01,476,627844,买盘
1757,10:05:03,13.18,--,64,84352,买盘
1758,10:04:58,13.18,0.01,14,18452,买盘
1759,10:04:52,13.17,-0.01,16,21072,卖盘
1760,10:04:48,13.18,0.01,13,17134,买盘
1761,10:04:43,13.17,-0.01,60,79020,卖盘
1762,10:04:37,13.18,0.01,10,13180,买盘
1763,10:04:33,13.17,-0.01,1,1317,卖盘
1764,10:04:28,13.18,0.01,35,46130,买盘
1765,10:04:18,13.17,--,15,20373,买盘
1766,10:04:13,13.17,--,200,263400,买盘
1767,10:04:07,13.17,--,5,6585,买盘
1768,10:04:03,13.17,--,5,6585,买盘
1769,10:03:58,13.17,--,55,72435,买盘
1770,10:03:52,13.17,0.01,14,18438,买盘
1771,10:03:48,13.16,--,30,39480,卖盘
1772,10:03:43,13.16,0.01,49,64484,中性盘
1773,10:03:37,13.15,-0.01,10,13150,卖盘
1774,10:03:33,13.16,0.01,20,26320,中性盘
1775,10:03:22,13.15,--,51,67065,卖盘
1776,10:03:18,13.15,--,123,161745,卖盘
1777,10:03:13,13.15,-0.01,108,142020,卖盘
1778,10:03:07,13.16,0.01,93,122388,买盘
1779,10:03:03,13.15,--,20,26300,卖盘
1780,10:02:52,13.15,-0.01,100,131500,卖盘
1781,10:02:48,13.16,--,1,1316,买盘
1782,10:02:43,13.16,-0.01,113,148708,卖盘
1783,10:02:37,13.17,0.01,4,5268,买盘
1784,10:02:33,13.16,--,38,50008,卖盘
1785,10:02:28,13.16,-0.01,75,98700,卖盘
1786,10:02:22,13.17,0.01,29,38193,买盘
1787,10:02:18,13.16,--,15,19740,卖盘
1788,10:02:13,13.16,-0.01,15,19740,卖盘
1789,10:02:07,13.17,0.01,115,151455,买盘
1790,10:02:02,13.16,-0.01,1,1316,卖盘
1791,10:01:57,13.17,--,243,320031,卖盘
1792,10:01:52,13.17,--,2,2634,卖盘
1793,10:01:48,13.17,--,103,135651,卖盘
1794,10:01:42,13.17,--,91,119847,卖盘
1795,10:01:37,13.17,0.01,67,88239,卖盘
1796,10:01:27,13.16,-0.01,15,19740,卖盘
1797,10:01:22,13.17,0.01,102,134334,买盘
1798,10:01:18,13.16,-0.01,2,2632,卖盘
1799,10:01:12,13.17,--,20,26340,买盘
1800,10:00:57,13.17,--,55,72435,买盘
1801,10:00:48,13.17,0.02,4,5268,买盘
1802,10:00:41,13.15,-0.02,103,135445,卖盘
1803,10:00:37,13.17,0.01,21,27657,买盘
1804,10:00:33,13.16,0.01,2,2632,买盘
1805,10:00:27,13.15,--,18,23670,卖盘
1806,10:00:12,13.15,0.02,293,386031,买盘
1807,10:00:07,13.13,-0.01,1,1313,卖盘
1808,09:59:57,13.14,-0.01,22,28908,卖盘
1809,09:59:52,13.15,0.02,6,7890,买盘
1810,09:59:48,13.13,--,58,76154,买盘
1811,09:59:42,13.13,-0.01,91,119483,卖盘
1812,09:59:37,13.14,0.01,647,850158,买盘
1813,09:59:27,13.13,-0.01,30,39390,卖盘
1814,09:59:22,13.14,0.01,43,56502,买盘
1815,09:59:16,13.13,--,10,13130,卖盘
1816,09:59:12,13.13,0.01,48,63024,买盘
1817,09:59:07,13.12,-0.01,60,78720,卖盘
1818,09:58:57,13.13,--,6,7878,买盘
1819,09:58:52,13.13,--,12,15756,卖盘
1820,09:58:42,13.13,--,20,26260,买盘
1821,09:58:37,13.13,0.01,3,3939,卖盘
1822,09:58:31,13.12,--,0,0,卖盘
1823,09:58:27,13.12,-0.01,97,127263,卖盘
1824,09:58:22,13.13,--,123,161499,买盘
1825,09:58:16,13.13,--,27,35451,买盘
1826,09:58:07,13.13,0.01,20,26260,买盘
1827,09:58:01,13.12,--,5,6560,卖盘
1828,09:57:57,13.12,--,18,23616,卖盘
1829,09:57:52,13.12,--,130,170573,买盘
1830,09:57:37,13.12,--,3,3935,买盘
1831,09:57:27,13.12,--,7,9184,买盘
1832,09:57:22,13.12,--,1,1312,买盘
1833,09:57:16,13.12,0.01,76,99712,买盘
1834,09:57:07,13.11,-0.01,26,34086,卖盘
1835,09:57:01,13.12,0.01,20,26240,买盘
1836,09:56:57,13.11,0.01,20,26220,卖盘
1837,09:56:52,13.1,--,0,0,卖盘
1838,09:56:46,13.1,--,35,45850,卖盘
1839,09:56:41,13.1,-0.02,17,22270,卖盘
1840,09:56:37,13.12,0.02,8,10496,买盘
1841,09:56:31,13.1,--,7,9170,中性盘
1842,09:56:27,13.1,-0.02,12,15720,卖盘
1843,09:56:22,13.12,--,64,83968,买盘
1844,09:56:16,13.12,--,108,141696,买盘
1845,09:56:12,13.12,--,6,7871,买盘
1846,09:56:01,13.12,--,118,154816,买盘
1847,09:55:56,13.12,--,10,13120,买盘
1848,09:55:52,13.12,--,87,115442,卖盘
1849,09:55:46,13.12,0.02,42,55117,买盘
1850,09:55:41,13.1,--,15,19650,卖盘
1851,09:55:37,13.1,-0.02,9,11790,卖盘
1852,09:55:31,13.12,0.02,80,106258,买盘
1853,09:55:21,13.1,-0.02,4,5240,卖盘
1854,09:55:16,13.12,0.01,9,11808,买盘
1855,09:55:11,13.11,0.01,2,2622,中性盘
1856,09:55:06,13.1,--,1,1323,买盘
1857,09:54:56,13.1,-0.02,55,73346,卖盘
1858,09:54:51,13.12,--,5,6560,买盘
1859,09:54:41,13.12,0.01,2,2637,买盘
1860,09:54:36,13.11,--,6,7866,卖盘
1861,09:54:31,13.11,0.01,6,7866,卖盘
1862,09:54:26,13.1,-0.01,11,14410,卖盘
1863,09:54:21,13.11,--,1,1311,卖盘
1864,09:54:16,13.11,-0.01,38,49818,中性盘
1865,09:54:11,13.12,0.02,23,30176,买盘
1866,09:54:06,13.1,--,199,260690,买盘
1867,09:54:01,13.1,0.01,55,72050,买盘
1868,09:53:56,13.09,-0.01,100,130900,卖盘
1869,09:53:51,13.1,0.01,500,655000,买盘
1870,09:53:46,13.09,--,25,32725,卖盘
1871,09:53:31,13.09,--,18,23562,买盘
1872,09:53:26,13.09,--,17,22253,卖盘
1873,09:53:21,13.09,0.01,3,3927,卖盘
1874,09:53:16,13.08,-0.01,33,43164,卖盘
1875,09:53:11,13.09,--,78,102102,卖盘
1876,09:53:06,13.09,0.01,19,24871,买盘
1877,09:53:01,13.08,--,146,190968,卖盘
1878,09:52:51,13.08,-0.01,77,100716,卖盘
1879,09:52:46,13.09,0.01,5,6545,买盘
1880,09:52:36,13.08,-0.01,53,69324,卖盘
1881,09:52:31,13.09,0.01,10,13090,买盘
1882,09:52:21,13.08,-0.02,50,65400,卖盘
1883,09:52:16,13.1,--,204,267240,买盘
1884,09:52:01,13.1,0.02,80,104800,买盘
1885,09:51:55,13.08,-0.01,299,391092,卖盘
1886,09:51:51,13.09,--,35,45815,卖盘
1887,09:51:46,13.09,-0.01,82,107338,卖盘
1888,09:51:40,13.1,--,225,294750,卖盘
1889,09:51:36,13.1,--,113,148043,卖盘
1890,09:51:21,13.1,--,12,15720,买盘
1891,09:51:16,13.1,--,24,31440,买盘
1892,09:51:06,13.1,--,8,10480,买盘
1893,09:51:01,13.1,--,34,44540,卖盘
1894,09:50:55,13.1,--,6,7860,卖盘
1895,09:50:51,13.1,--,4,5240,卖盘
1896,09:50:46,13.1,--,35,45850,买盘
1897,09:50:40,13.1,--,11,14410,买盘
1898,09:50:36,13.1,--,20,26200,买盘
1899,09:50:31,13.1,0.01,130,170300,买盘
1900,09:50:25,13.09,-0.01,31,40579,卖盘
1901,09:50:21,13.1,--,15,19650,买盘
1902,09:50:06,13.1,-0.01,7,9170,卖盘
1903,09:50:01,13.11,--,20,26220,买盘
1904,09:49:51,13.11,-0.01,99,129789,卖盘
1905,09:49:46,13.12,-0.01,3,3935,卖盘
1906,09:49:36,13.13,--,5,6565,买盘
1907,09:49:31,13.13,--,18,23634,卖盘
1908,09:49:25,13.13,0.01,84,110292,买盘
1909,09:49:20,13.12,--,40,52480,卖盘
1910,09:49:16,13.12,--,46,60352,卖盘
1911,09:49:01,13.12,--,46,60352,买盘
1912,09:48:55,13.12,--,11,14432,买盘
1913,09:48:46,13.12,--,0,0,买盘
1914,09:48:40,13.12,0.02,5,6560,买盘
1915,09:48:35,13.1,--,7,9170,卖盘
1916,09:48:30,13.1,0.01,1,1310,买盘
1917,09:48:25,13.09,-0.01,260,340340,中性盘
1918,09:48:15,13.1,--,10,13100,买盘
1919,09:48:10,13.1,0.01,7,9170,买盘
1920,09:48:00,13.09,0.01,18,23562,买盘
1921,09:47:55,13.08,-0.02,2,2616,卖盘
1922,09:47:45,13.1,--,10,13100,买盘
1923,09:47:40,13.1,--,13,17030,买盘
1924,09:47:30,13.1,0.03,10,13100,买盘
1925,09:47:25,13.07,-0.01,118,154226,卖盘
1926,09:47:20,13.08,0.01,3,3924,买盘
1927,09:47:15,13.07,--,33,43131,卖盘
1928,09:47:10,13.07,--,20,26140,卖盘
1929,09:47:05,13.07,0.01,7,9149,买盘
1930,09:47:00,13.06,-0.01,21,27426,卖盘
1931,09:46:55,13.07,--,8,10456,买盘
1932,09:46:50,13.07,0.01,2,2614,买盘
1933,09:46:45,13.06,--,4,5224,卖盘
1934,09:46:40,13.06,-0.01,55,71830,卖盘
1935,09:46:35,13.07,0.01,20,26140,买盘
1936,09:46:30,13.06,0.01,24,31344,买盘
1937,09:46:25,13.05,-0.01,3,3915,卖盘
1938,09:46:15,13.06,0.02,7,9142,买盘
1939,09:46:05,13.04,--,0,0,卖盘
1940,09:46:00,13.04,--,1,1304,卖盘
1941,09:45:55,13.04,--,34,44336,卖盘
1942,09:45:45,13.04,0.01,33,43032,买盘
1943,09:45:40,13.03,--,74,96422,卖盘
1944,09:45:30,13.03,-0.01,5,6515,卖盘
1945,09:45:25,13.04,--,40,52160,买盘
1946,09:45:20,13.04,-0.01,80,104320,卖盘
1947,09:45:15,13.05,0.01,786,1025730,买盘
1948,09:45:10,13.04,--,14,18256,买盘
1949,09:45:05,13.04,--,48,62591,卖盘
1950,09:45:00,13.04,--,5,6520,卖盘
1951,09:44:55,13.04,-0.01,36,46944,卖盘
1952,09:44:50,13.05,--,20,26100,买盘
1953,09:44:45,13.05,--,76,99180,买盘
1954,09:44:40,13.05,--,20,26100,买盘
1955,09:44:30,13.05,-0.02,185,241425,卖盘
1956,09:44:19,13.07,--,11,14377,买盘
1957,09:44:15,13.07,--,3,3921,买盘
1958,09:44:10,13.07,--,24,31368,买盘
1959,09:44:04,13.07,0.01,50,65350,买盘
1960,09:44:00,13.06,-0.01,19,24814,卖盘
1961,09:43:55,13.07,0.01,25,32675,买盘
1962,09:43:40,13.06,--,77,100562,卖盘
1963,09:43:34,13.06,0.01,11,14366,买盘
1964,09:43:30,13.05,-0.01,7,9135,卖盘
1965,09:43:25,13.06,--,7,9142,买盘
1966,09:43:15,13.06,0.02,6,7836,买盘
1967,09:43:10,13.04,-0.03,246,320784,卖盘
1968,09:43:04,13.07,--,24,31368,卖盘
1969,09:43:00,13.07,0.02,23,30061,买盘
1970,09:42:55,13.05,-0.02,70,91350,卖盘
1971,09:42:49,13.07,0.01,115,150305,买盘
1972,09:42:40,13.06,0.02,45,58770,买盘
1973,09:42:34,13.04,--,20,26080,卖盘
1974,09:42:30,13.04,--,25,32599,卖盘
1975,09:42:25,13.04,--,90,117359,买盘
1976,09:42:19,13.04,--,78,101712,卖盘
1977,09:42:14,13.04,0.02,7,9128,买盘
1978,09:42:09,13.02,-0.01,688,895776,卖盘
1979,09:42:04,13.03,0.01,102,132906,中性盘
1980,09:41:59,13.02,-0.02,8,10416,卖盘
1981,09:41:55,13.04,0.01,280,365120,买盘
1982,09:41:49,13.03,0.01,60,78180,卖盘
1983,09:41:39,13.02,-0.01,120,156240,卖盘
1984,09:41:34,13.03,-0.01,100,130300,卖盘
1985,09:41:24,13.04,-0.02,40,52160,卖盘
1986,09:41:19,13.06,0.01,55,71830,买盘
1987,09:41:14,13.05,-0.01,21,27405,卖盘
1988,09:41:09,13.06,--,112,146272,买盘
1989,09:41:04,13.06,-0.01,115,150190,买盘
1990,09:40:59,13.07,--,0,0,买盘
1991,09:40:54,13.07,--,145,189515,买盘
1992,09:40:49,13.07,--,54,70578,卖盘
1993,09:40:44,13.07,--,10,13070,卖盘
1994,09:40:39,13.07,-0.01,12,15684,卖盘
1995,09:40:34,13.08,0.01,13,17004,中性盘
1996,09:40:29,13.07,-0.01,63,82341,卖盘
1997,09:40:24,13.08,--,17,22236,买盘
1998,09:40:19,13.08,-0.01,109,142572,卖盘
1999,09:40:09,13.09,-0.01,31,40579,买盘
2000,09:39:54,13.1,--,114,149340,卖盘
2001,09:39:49,13.1,--,124,162440,卖盘
2002,09:39:39,13.1,--,25,32750,卖盘
2003,09:39:34,13.1,-0.01,22,28820,卖盘
2004,09:39:19,13.11,0.03,13,17043,卖盘
2005,09:39:14,13.08,-0.04,1001,1309308,卖盘
2006,09:39:09,13.12,0.01,12,15743,买盘
2007,09:39:04,13.11,--,20,26220,买盘
2008,09:38:59,13.11,--,32,41952,买盘
2009,09:38:54,13.11,-0.01,167,218937,卖盘
2010,09:38:44,13.12,-0.01,14,18368,卖盘
2011,09:38:39,13.13,0.02,108,141804,买盘
2012,09:38:24,13.11,--,0,0,卖盘
2013,09:38:19,13.11,-0.03,42,55062,卖盘
2014,09:38:14,13.14,0.01,50,65700,买盘
2015,09:38:09,13.13,--,115,150995,卖盘
2016,09:37:59,13.13,--,30,39390,卖盘
2017,09:37:54,13.13,0.01,124,162812,买盘
2018,09:37:49,13.12,0.01,5,6560,卖盘
2019,09:37:44,13.11,--,21,27531,卖盘
2020,09:37:39,13.11,-0.01,11,14421,卖盘
2021,09:37:34,13.12,0.01,16,20992,买盘
2022,09:37:29,13.11,-0.02,15,19665,卖盘
2023,09:37:24,13.13,0.02,109,143117,买盘
2024,09:37:19,13.11,--,10,13110,卖盘
2025,09:37:09,13.11,--,17,22287,卖盘
2026,09:37:04,13.11,--,27,35397,卖盘
2027,09:36:54,13.11,-0.02,8,10488,卖盘
2028,09:36:49,13.13,0.02,3,3939,买盘
2029,09:36:43,13.11,0.03,1,1311,卖盘
2030,09:36:39,13.08,-0.02,499,652692,卖盘
2031,09:36:34,13.1,--,33,43230,卖盘
2032,09:36:28,13.1,--,35,45850,卖盘
2033,09:36:24,13.1,--,77,100870,卖盘
2034,09:36:19,13.1,--,2,2620,卖盘
2035,09:36:09,13.1,-0.01,256,335360,卖盘
2036,09:36:04,13.11,--,43,56373,卖盘
2037,09:35:58,13.11,--,95,124545,卖盘
2038,09:35:54,13.11,--,16,20976,卖盘
2039,09:35:39,13.11,-0.01,57,74727,中性盘
2040,09:35:34,13.12,-0.01,21,27552,中性盘
2041,09:35:28,13.13,0.03,10,13130,买盘
2042,09:35:24,13.1,-0.03,46,60260,卖盘
2043,09:35:19,13.13,0.02,53,69589,买盘
2044,09:35:13,13.11,-0.01,9,11799,卖盘
2045,09:35:09,13.12,--,48,62975,卖盘
2046,09:35:03,13.12,-0.01,47,61663,卖盘
2047,09:34:58,13.13,--,85,111605,买盘
2048,09:34:53,13.13,--,1,1313,买盘
2049,09:34:48,13.13,--,7,9191,卖盘
2050,09:34:43,13.13,-0.01,86,112918,卖盘
2051,09:34:38,13.14,--,2,2628,买盘
2052,09:34:33,13.14,0.01,77,101178,买盘
2053,09:34:28,13.13,-0.01,43,56459,卖盘
2054,09:34:23,13.14,--,42,55188,卖盘
2055,09:34:18,13.14,--,71,93294,卖盘
2056,09:34:13,13.14,0.02,46,60444,买盘
2057,09:33:58,13.12,-0.01,51,66912,卖盘
2058,09:33:53,13.13,--,10,13130,买盘
2059,09:33:43,13.13,--,19,24947,买盘
2060,09:33:38,13.13,--,22,28886,买盘
2061,09:33:33,13.13,--,37,48581,卖盘
2062,09:33:28,13.13,--,8,10504,买盘
2063,09:33:23,13.13,0.03,2,2626,中性盘
2064,09:33:18,13.1,--,136,178160,卖盘
2065,09:33:13,13.1,--,3,3930,卖盘
2066,09:33:08,13.1,0.01,2,2620,买盘
2067,09:33:03,13.09,-0.03,103,134827,卖盘
2068,09:32:53,13.12,0.03,10,13120,买盘
2069,09:32:48,13.09,--,0,0,卖盘
2070,09:32:43,13.09,0.01,11,14399,卖盘
2071,09:32:38,13.08,-0.05,10,13080,卖盘
2072,09:32:33,13.13,0.04,20,26260,买盘
2073,09:32:28,13.09,0.01,8,10472,买盘
2074,09:32:23,13.08,-0.07,5,6540,卖盘
2075,09:32:18,13.15,--,0,0,买盘
2076,09:32:13,13.15,0.01,171,224865,买盘
2077,09:31:58,13.14,--,30,39420,买盘
2078,09:31:53,13.14,-0.01,8,11090,卖盘
2079,09:31:48,13.15,--,19,24985,买盘
2080,09:31:43,13.15,0.01,47,61805,买盘
2081,09:31:38,13.14,--,0,0,卖盘
2082,09:31:33,13.14,-0.01,40,52560,卖盘
2083,09:31:28,13.15,--,19,24985,卖盘
2084,09:31:23,13.15,-0.02,8,10520,卖盘
2085,09:31:18,13.17,--,13,17121,买盘
2086,09:31:13,13.17,-0.01,32,42144,卖盘
2087,09:31:08,13.18,--,58,76444,买盘
2088,09:31:03,13.18,--,16,21088,买盘
2089,09:30:58,13.18,--,29,38222,卖盘
2090,09:30:48,13.18,--,7,9226,卖盘
2091,09:30:43,13.18,0.03,122,160796,买盘
2092,09:30:38,13.15,-0.02,18,24406,卖盘
2093,09:30:33,13.17,0.02,4,5268,卖盘
2094,09:30:28,13.15,-0.02,20,26300,卖盘
2095,09:30:23,13.17,--,10,13170,买盘
2096,09:30:18,13.17,--,23,30291,买盘
2097,09:30:12,13.17,0.01,2,2634,买盘
2098,09:30:08,13.16,-0.01,161,211876,中性盘
2099,09:30:03,13.17,0.03,259,341103,买盘
2100,09:28:57,13.14,--,0,0,卖盘
2101,09:25:06,13.14,13.14,287,377118,买盘
