,time,price,change,volume,amount,type
0,15:00:00,9.95,-0.01,0,0,卖盘
1,15:00:00,9.96,--,0,0,买盘
2,15:00:00,9.96,0.01,25,24900,买盘
3,14:59:43,9.95,--,23,22885,卖盘
4,14:59:33,9.95,-0.01,106,106405,卖盘
5,14:59:23,9.96,--,10,9960,买盘
6,14:59:18,9.96,--,12,11952,买盘
7,14:59:03,9.96,--,3,2988,买盘
8,14:58:53,9.96,0.01,36,35856,买盘
9,14:58:48,9.95,-0.01,30,29849,卖盘
10,14:58:38,9.96,--,70,69720,买盘
11,14:58:18,9.96,--,513,510948,买盘
12,14:58:03,9.96,--,19,18924,买盘
13,14:57:58,9.96,0.01,4,3984,买盘
14,14:57:38,9.95,--,20,19900,卖盘
15,14:57:33,9.95,-0.01,20,19900,卖盘
16,14:57:23,9.96,0.01,1,996,买盘
17,14:57:18,9.95,--,115,114623,卖盘
18,14:57:08,9.95,--,23,22885,卖盘
19,14:56:53,9.95,--,43,42785,买盘
20,14:56:33,9.95,--,1,994,买盘
21,14:56:28,9.95,-0.01,1,994,买盘
22,14:56:23,9.96,--,0,0,买盘
23,14:56:18,9.96,0.01,37,36852,买盘
24,14:56:12,9.95,--,23,22885,买盘
25,14:56:07,9.95,--,155,154225,买盘
26,14:56:03,9.95,--,0,0,中性盘
27,14:55:57,9.95,0.01,52,51739,买盘
28,14:55:48,9.94,-0.01,22,21868,卖盘
29,14:55:42,9.95,--,65,64674,买盘
30,14:55:37,9.95,--,18,18805,卖盘
31,14:55:33,9.95,-0.01,35,34825,卖盘
32,14:55:27,9.96,--,144,143424,买盘
33,14:55:12,9.96,0.01,16,15936,买盘
34,14:55:07,9.95,-0.01,40,39800,卖盘
35,14:54:57,9.96,--,61,60756,买盘
36,14:54:48,9.96,--,21,20985,买盘
37,14:54:33,9.96,--,18,17928,买盘
38,14:54:27,9.96,--,10,9960,买盘
39,14:54:22,9.96,0.01,1,996,买盘
40,14:54:18,9.95,--,329,327384,买盘
41,14:54:12,9.95,--,100,99500,买盘
42,14:54:02,9.95,0.01,17,16915,买盘
43,14:53:57,9.94,-0.01,1,994,卖盘
44,14:53:48,9.95,--,60,59699,买盘
45,14:53:42,9.95,--,15,14924,买盘
46,14:53:36,9.95,0.01,18,17910,买盘
47,14:53:32,9.94,-0.01,10,9940,卖盘
48,14:53:27,9.95,--,1,994,买盘
49,14:53:22,9.95,--,47,46765,买盘
50,14:53:03,9.95,--,33,32835,买盘
51,14:52:57,9.95,--,390,388050,买盘
52,14:52:42,9.95,0.01,2,1989,买盘
53,14:52:27,9.94,--,3,2982,卖盘
54,14:52:22,9.94,--,5,4970,买盘
55,14:52:17,9.94,--,21,20874,买盘
56,14:52:12,9.94,-0.01,14,13916,卖盘
57,14:52:07,9.95,0.01,620,616900,买盘
58,14:52:02,9.94,-0.01,12,11928,卖盘
59,14:51:57,9.95,0.01,28,28198,买盘
60,14:51:52,9.94,--,17,17554,卖盘
61,14:51:42,9.94,--,8,7952,卖盘
62,14:51:32,9.94,--,199,198143,买盘
63,14:51:22,9.94,--,20,19880,买盘
64,14:51:02,9.94,--,100,99400,买盘
65,14:50:56,9.94,--,5,5894,买盘
66,14:50:52,9.94,--,3,2982,买盘
67,14:50:47,9.94,--,10,9940,买盘
68,14:50:42,9.94,--,28,27832,买盘
69,14:50:37,9.94,--,237,235578,买盘
70,14:50:17,9.94,--,26,25844,买盘
71,14:50:07,9.94,0.01,345,342930,买盘
72,14:50:02,9.93,-0.01,1,1618,卖盘
73,14:49:51,9.94,--,1,994,买盘
74,14:49:42,9.94,--,157,156058,买盘
75,14:49:21,9.94,-0.01,66,66260,卖盘
76,14:49:17,9.95,--,28,27859,买盘
77,14:49:12,9.95,0.01,6,5970,买盘
78,14:49:05,9.94,-0.01,1,1630,卖盘
79,14:49:02,9.95,0.01,20,19900,买盘
80,14:48:57,9.94,--,10,9940,卖盘
81,14:48:31,9.94,--,5,4970,卖盘
82,14:48:00,9.94,--,998,992012,卖盘
83,14:47:56,9.94,-0.01,1,1620,卖盘
84,14:47:42,9.95,--,1,994,买盘
85,14:47:26,9.95,--,28,27859,买盘
86,14:47:20,9.95,--,45,44775,买盘
87,14:47:06,9.95,0.01,6,6596,买盘
88,14:46:51,9.94,--,12,11928,卖盘
89,14:46:42,9.94,--,50,49700,卖盘
90,14:46:36,9.94,-0.01,1002,995988,卖盘
91,14:46:31,9.95,0.01,106,105469,买盘
92,14:46:12,9.94,--,1,1620,卖盘
93,14:46:01,9.94,-0.01,118,117292,卖盘
94,14:45:56,9.95,--,7,6964,买盘
95,14:45:15,9.95,--,63,63053,卖盘
96,14:45:06,9.95,--,47,47391,卖盘
97,14:44:56,9.95,--,20,19900,买盘
98,14:44:41,9.95,--,51,50745,买盘
99,14:44:11,9.95,0.01,101,101131,买盘
100,14:44:06,9.94,--,55,54670,卖盘
101,14:44:01,9.94,--,176,174944,卖盘
102,14:43:56,9.94,--,104,103376,卖盘
103,14:43:51,9.94,-0.01,53,52682,卖盘
104,14:43:41,9.95,0.01,22,22785,买盘
105,14:43:35,9.94,-0.01,181,179914,卖盘
106,14:43:31,9.95,--,10,9950,买盘
107,14:43:14,9.95,0.01,4,3979,买盘
108,14:43:11,9.94,-0.01,7,6958,卖盘
109,14:43:05,9.95,-0.01,96,96355,卖盘
110,14:42:56,9.96,--,1,996,买盘
111,14:42:30,9.96,0.01,100,99600,买盘
112,14:42:15,9.95,--,1,1621,卖盘
113,14:42:11,9.95,-0.01,6,5970,卖盘
114,14:42:06,9.96,0.01,3,3515,买盘
115,14:42:00,9.95,-0.01,49,49222,卖盘
116,14:41:56,9.96,--,14,13944,买盘
117,14:41:51,9.96,0.01,22,21912,买盘
118,14:41:44,9.95,--,17,16915,卖盘
119,14:41:36,9.95,--,47,46765,卖盘
120,14:41:30,9.95,--,35,35352,买盘
121,14:41:21,9.95,0.01,14,13929,买盘
122,14:41:15,9.94,--,1,1620,卖盘
123,14:41:09,9.94,-0.01,418,415492,卖盘
124,14:41:00,9.95,--,15,14924,买盘
125,14:40:51,9.95,--,11,10945,买盘
126,14:40:44,9.95,--,16,15919,买盘
127,14:40:39,9.95,--,27,26864,买盘
128,14:40:36,9.95,--,19,18905,买盘
129,14:40:30,9.95,--,1,994,买盘
130,14:40:24,9.95,0.01,33,32835,买盘
131,14:40:20,9.94,--,1,994,卖盘
132,14:40:15,9.94,-0.01,17,17534,卖盘
133,14:40:05,9.95,--,15,14924,买盘
134,14:40:00,9.95,--,5,4975,买盘
135,14:39:51,9.95,--,14,13929,买盘
136,14:39:45,9.95,0.01,1,994,买盘
137,14:39:40,9.94,--,19,18886,卖盘
138,14:39:35,9.94,-0.01,6,5964,卖盘
139,14:39:30,9.95,--,15,14924,买盘
140,14:39:20,9.95,0.01,13,12934,买盘
141,14:39:14,9.94,--,21,21500,卖盘
142,14:39:10,9.94,-0.01,7,6958,卖盘
143,14:39:05,9.95,--,14,13929,买盘
144,14:39:00,9.95,--,14,13929,买盘
145,14:38:55,9.95,--,20,19900,买盘
146,14:38:50,9.95,--,15,15233,买盘
147,14:38:45,9.95,--,16,15919,买盘
148,14:38:20,9.95,--,19,18905,买盘
149,14:38:14,9.95,0.01,20,20526,买盘
150,14:38:09,9.94,-0.01,7,6958,卖盘
151,14:38:00,9.95,0.01,14,13929,买盘
152,14:37:55,9.94,-0.01,41,41638,卖盘
153,14:37:50,9.95,--,14,13929,买盘
154,14:37:40,9.95,0.01,16,15919,买盘
155,14:37:35,9.94,-0.02,22,22335,卖盘
156,14:37:30,9.96,0.01,14,13944,买盘
157,14:37:25,9.95,--,89,89082,买盘
158,14:37:20,9.95,--,20,19900,买盘
159,14:37:15,9.95,0.01,78,78465,买盘
160,14:37:10,9.94,-0.01,26,25844,卖盘
161,14:37:05,9.95,--,14,13929,买盘
162,14:36:55,9.95,--,22,22098,卖盘
163,14:36:50,9.95,--,0,796,买盘
164,14:36:44,9.95,0.01,13,12934,买盘
165,14:36:40,9.94,--,82,81905,卖盘
166,14:36:35,9.94,--,46,45724,卖盘
167,14:36:23,9.94,-0.01,14,14542,卖盘
168,14:36:14,9.95,--,1,994,买盘
169,14:36:09,9.95,--,116,115419,买盘
170,14:36:05,9.95,--,12,11940,买盘
171,14:35:59,9.95,--,19,19104,买盘
172,14:35:50,9.95,--,15,14924,买盘
173,14:35:45,9.95,0.01,1,994,买盘
174,14:35:38,9.94,-0.01,21,20874,卖盘
175,14:35:30,9.95,0.01,45,44775,买盘
176,14:35:23,9.94,-0.01,1,1630,卖盘
177,14:35:15,9.95,--,84,83580,买盘
178,14:35:08,9.95,0.01,18,17910,买盘
179,14:34:59,9.94,-0.01,3,3180,卖盘
180,14:34:54,9.95,--,27,26864,买盘
181,14:34:44,9.95,0.01,13,12934,买盘
182,14:34:39,9.94,-0.01,7,6958,卖盘
183,14:34:35,9.95,0.01,14,13929,买盘
184,14:34:29,9.94,-0.01,1,1620,卖盘
185,14:34:23,9.95,--,14,13929,买盘
186,14:34:20,9.95,--,1,994,买盘
187,14:34:14,9.95,--,20,19900,买盘
188,14:34:08,9.95,--,20,19900,买盘
189,14:33:59,9.95,0.01,18,18109,买盘
190,14:33:54,9.94,--,19,18886,卖盘
191,14:33:49,9.94,--,16,16540,卖盘
192,14:33:45,9.94,--,6,5964,卖盘
193,14:33:39,9.94,-0.01,70,69580,卖盘
194,14:33:30,9.95,--,1,994,买盘
195,14:33:23,9.95,0.01,17,17541,买盘
196,14:33:18,9.94,-0.01,100,99400,卖盘
197,14:33:15,9.95,0.01,18,17910,买盘
198,14:33:08,9.94,-0.01,3,3190,卖盘
199,14:33:04,9.95,--,15,14924,买盘
200,14:32:59,9.95,--,24,23880,买盘
201,14:32:54,9.95,--,14,13929,买盘
202,14:32:45,9.95,0.01,14,13929,买盘
203,14:32:39,9.94,-0.01,4,3976,卖盘
204,14:32:34,9.95,--,1,994,买盘
205,14:32:29,9.95,--,36,36446,买盘
206,14:32:23,9.95,--,5,4975,买盘
207,14:32:19,9.95,0.01,42,41790,买盘
208,14:32:09,9.94,--,29,28826,卖盘
209,14:32:04,9.94,-0.01,3,3180,卖盘
210,14:31:59,9.95,0.01,15,14924,买盘
211,14:31:54,9.94,-0.01,4,3976,卖盘
212,14:31:49,9.95,0.01,15,14924,买盘
213,14:31:44,9.94,-0.01,95,94430,卖盘
214,14:31:38,9.95,0.01,15,14924,买盘
215,14:31:34,9.94,--,5,5596,卖盘
216,14:31:29,9.94,-0.01,4,3976,卖盘
217,14:31:23,9.95,--,14,13929,买盘
218,14:31:14,9.95,0.01,16,15919,买盘
219,14:31:08,9.94,-0.01,1,994,卖盘
220,14:31:04,9.95,0.01,15,14924,买盘
221,14:30:59,9.94,-0.02,3,2982,卖盘
222,14:30:54,9.96,--,13,12948,买盘
223,14:30:38,9.96,--,155,154927,买盘
224,14:30:29,9.96,0.01,15,14940,买盘
225,14:30:18,9.95,-0.01,16,15919,卖盘
226,14:30:08,9.96,0.01,38,37848,买盘
227,14:30:04,9.95,-0.01,11,11144,卖盘
228,14:29:59,9.96,0.01,13,12948,买盘
229,14:29:54,9.95,-0.01,9,9840,卖盘
230,14:29:47,9.96,0.01,45,45178,买盘
231,14:29:33,9.95,--,35,34825,买盘
232,14:29:29,9.95,-0.01,8,8228,卖盘
233,14:29:23,9.96,0.01,15,14940,买盘
234,14:29:17,9.95,-0.01,4,4815,卖盘
235,14:29:14,9.96,0.01,15,14940,买盘
236,14:29:02,9.95,-0.01,24,24765,卖盘
237,14:28:53,9.96,--,14,13944,买盘
238,14:28:47,9.96,0.01,1,996,买盘
239,14:28:39,9.95,--,16,15919,卖盘
240,14:28:32,9.95,-0.01,2,2616,卖盘
241,14:28:28,9.96,--,13,12948,买盘
242,14:28:17,9.96,--,21,21115,买盘
243,14:28:08,9.96,0.02,21,20916,买盘
244,14:28:03,9.94,-0.02,9,9830,卖盘
245,14:27:58,9.96,--,15,14940,买盘
246,14:27:53,9.96,0.02,4,3984,买盘
247,14:27:47,9.94,--,22,21868,卖盘
248,14:27:38,9.94,-0.02,1,1620,卖盘
249,14:27:32,9.96,--,19,18924,买盘
250,14:27:23,9.96,0.02,19,18924,买盘
251,14:27:13,9.94,-0.02,17,17096,卖盘
252,14:27:09,9.96,0.01,5,4980,买盘
253,14:27:02,9.95,-0.01,38,38695,中性盘
254,14:26:53,9.96,--,20,19920,买盘
255,14:26:43,9.96,--,10,9960,买盘
256,14:26:38,9.96,--,20,20547,买盘
257,14:26:27,9.96,--,20,19920,买盘
258,14:26:23,9.96,--,5,4980,买盘
259,14:26:18,9.96,0.02,18,18127,买盘
260,14:26:08,9.94,-0.02,28,28726,卖盘
261,14:25:54,9.96,--,19,18924,买盘
262,14:25:47,9.96,--,0,0,买盘
263,14:25:43,9.96,0.02,21,20916,买盘
264,14:25:38,9.94,-0.01,2,2624,卖盘
265,14:25:32,9.95,--,18,17910,买盘
266,14:25:23,9.95,0.01,19,18905,买盘
267,14:25:17,9.94,-0.01,3,3190,卖盘
268,14:25:13,9.95,--,13,12934,买盘
269,14:25:08,9.95,0.01,4,3979,买盘
270,14:25:02,9.94,-0.01,23,23746,卖盘
271,14:24:58,9.95,--,25,24875,中性盘
272,14:24:53,9.95,-0.01,4,3979,中性盘
273,14:24:48,9.96,0.02,18,17928,买盘
274,14:24:38,9.94,--,57,57284,卖盘
275,14:24:32,9.94,-0.02,16,16798,卖盘
276,14:24:28,9.96,0.02,18,17928,买盘
277,14:24:23,9.94,-0.01,3,3180,卖盘
278,14:24:17,9.95,--,17,16915,买盘
279,14:24:11,9.95,-0.01,6,5970,买盘
280,14:24:08,9.96,--,0,0,买盘
281,14:24:02,9.96,0.02,5,4980,买盘
282,14:23:53,9.94,-0.01,59,58646,卖盘
283,14:23:47,9.95,-0.01,0,905,卖盘
284,14:23:43,9.96,--,234,233064,买盘
285,14:23:32,9.96,--,5,4980,买盘
286,14:23:28,9.96,0.01,398,396607,买盘
287,14:23:23,9.95,-0.01,264,262680,卖盘
288,14:23:17,9.96,0.01,25,24900,买盘
289,14:23:11,9.95,-0.01,9,9840,卖盘
290,14:23:07,9.96,--,49,48804,买盘
291,14:22:56,9.96,0.01,5,4980,买盘
292,14:22:47,9.95,--,365,363175,买盘
293,14:22:41,9.95,--,5,4975,买盘
294,14:22:32,9.95,--,4,3979,买盘
295,14:22:26,9.95,0.01,9,8955,买盘
296,14:22:22,9.94,-0.01,3,3180,卖盘
297,14:22:11,9.95,--,14,14815,买盘
298,14:22:02,9.95,--,5,4975,买盘
299,14:21:56,9.95,--,5,4975,买盘
300,14:21:47,9.95,--,60,59699,买盘
301,14:21:41,9.95,--,5,4975,买盘
302,14:21:38,9.95,--,20,19900,买盘
303,14:21:32,9.95,0.01,25,25213,买盘
304,14:21:23,9.94,-0.01,4,4184,卖盘
305,14:21:17,9.95,--,21,21780,买盘
306,14:21:11,9.95,--,50,49750,买盘
307,14:21:02,9.95,--,22,21890,买盘
308,14:20:56,9.95,--,5,4975,买盘
309,14:20:47,9.95,--,6,5970,买盘
310,14:20:32,9.95,0.01,7,7163,买盘
311,14:20:26,9.94,-0.01,7,6958,卖盘
312,14:20:17,9.95,--,24,24765,买盘
313,14:20:07,9.95,--,5,4975,买盘
314,14:20:02,9.95,--,5,4975,买盘
315,14:19:56,9.95,--,1,994,买盘
316,14:19:52,9.95,--,14,13929,买盘
317,14:19:47,9.95,0.01,1,994,买盘
318,14:19:32,9.94,--,4,3976,卖盘
319,14:19:26,9.94,--,100,99400,卖盘
320,14:19:22,9.94,-0.01,18,17981,卖盘
321,14:19:11,9.95,0.01,8,7959,买盘
322,14:19:02,9.94,-0.01,153,152082,卖盘
323,14:18:56,9.95,--,5,4975,买盘
324,14:18:51,9.95,--,14,13929,买盘
325,14:18:47,9.95,--,28,27859,买盘
326,14:18:32,9.95,0.01,5,4975,买盘
327,14:18:26,9.94,--,8,8150,卖盘
328,14:18:17,9.94,-0.01,16,16788,卖盘
329,14:18:11,9.95,--,5,4975,买盘
330,14:18:02,9.95,--,4,3979,买盘
331,14:17:47,9.95,--,11,10945,买盘
332,14:17:41,9.95,0.01,4,3979,买盘
333,14:17:32,9.94,-0.01,8,8160,卖盘
334,14:17:26,9.95,--,79,78605,买盘
335,14:17:17,9.95,--,166,166055,买盘
336,14:17:11,9.95,--,10,9950,买盘
337,14:17:07,9.95,--,106,105469,买盘
338,14:16:56,9.95,0.01,11,10945,买盘
339,14:16:50,9.94,--,60,59640,卖盘
340,14:16:46,9.94,-0.01,4,3976,卖盘
341,14:16:41,9.95,--,6,5970,买盘
342,14:16:35,9.95,--,60,59898,买盘
343,14:16:26,9.95,0.01,112,111439,买盘
344,14:16:20,9.94,-0.01,259,258330,卖盘
345,14:16:16,9.95,0.01,9,8955,买盘
346,14:16:11,9.94,-0.01,3,2982,卖盘
347,14:16:05,9.95,--,33,32835,买盘
348,14:15:56,9.95,--,5,4975,买盘
349,14:15:50,9.95,0.01,5,4975,买盘
350,14:15:46,9.94,--,4,3976,卖盘
351,14:15:41,9.94,--,6,5964,卖盘
352,14:15:31,9.94,-0.01,3,3180,卖盘
353,14:15:26,9.95,0.01,4,3979,买盘
354,14:15:20,9.94,--,14,14810,卖盘
355,14:15:16,9.94,-0.01,4,3976,卖盘
356,14:15:11,9.95,--,54,53729,买盘
357,14:14:56,9.95,0.01,5,4975,买盘
358,14:14:50,9.94,--,2,1988,卖盘
359,14:14:46,9.94,-0.01,5,4970,卖盘
360,14:14:41,9.95,0.01,9,9233,买盘
361,14:14:35,9.94,--,18,18090,卖盘
362,14:14:26,9.94,--,14,14800,卖盘
363,14:14:16,9.94,-0.01,4,3976,卖盘
364,14:14:11,9.95,0.01,5,4975,买盘
365,14:14:05,9.94,-0.01,7,6958,卖盘
366,14:13:50,9.95,0.01,55,54724,买盘
367,14:13:46,9.94,--,4,4154,卖盘
368,14:13:41,9.94,-0.01,3,3190,卖盘
369,14:13:35,9.95,0.01,31,30844,买盘
370,14:13:26,9.94,--,9,9830,卖盘
371,14:13:16,9.94,-0.01,4,3976,卖盘
372,14:13:05,9.95,-0.01,1,994,买盘
373,14:12:50,9.96,0.02,100,99600,买盘
374,14:12:46,9.94,--,4,3976,卖盘
375,14:12:41,9.94,--,18,17892,卖盘
376,14:12:35,9.94,--,3,3180,卖盘
377,14:12:26,9.94,--,16,16788,卖盘
378,14:12:16,9.94,--,5,4970,卖盘
379,14:12:01,9.94,--,1,994,卖盘
380,14:11:45,9.94,--,4,3976,卖盘
381,14:11:35,9.94,-0.01,1,994,卖盘
382,14:11:26,9.95,--,98,97510,卖盘
383,14:11:16,9.95,--,4,3979,卖盘
384,14:10:44,9.95,--,9,8955,卖盘
385,14:10:41,9.95,0.01,4,4179,中性盘
386,14:10:31,9.94,-0.01,9,9830,卖盘
387,14:10:20,9.95,--,15,14924,卖盘
388,14:10:15,9.95,0.01,4,3979,卖盘
389,14:10:10,9.94,--,0,0,卖盘
390,14:09:44,9.94,--,8,7952,卖盘
391,14:09:40,9.94,--,8,8160,卖盘
392,14:09:35,9.94,--,9,9830,卖盘
393,14:09:29,9.94,-0.02,6,5964,卖盘
394,14:09:20,9.96,--,4,3984,买盘
395,14:09:05,9.96,--,8,7968,买盘
396,14:08:59,9.96,0.02,25,24900,买盘
397,14:08:55,9.94,--,55,54670,卖盘
398,14:08:50,9.94,-0.01,29,28826,卖盘
399,14:08:44,9.95,--,7,7074,卖盘
400,14:08:35,9.95,-0.01,15,15810,卖盘
401,14:08:25,9.96,0.01,5,4980,买盘
402,14:08:20,9.95,-0.01,4,3979,卖盘
403,14:08:14,9.96,--,5,4980,买盘
404,14:08:05,9.96,--,6,5976,买盘
405,14:07:59,9.96,0.02,25,24900,买盘
406,14:07:55,9.94,-0.02,4,3976,卖盘
407,14:07:50,9.96,0.01,4,3984,买盘
408,14:07:44,9.95,-0.01,3,3184,卖盘
409,14:07:40,9.96,--,256,254976,买盘
410,14:07:35,9.96,--,29,29770,买盘
411,14:07:29,9.96,--,30,29880,买盘
412,14:07:25,9.96,0.01,5,4980,买盘
413,14:07:20,9.95,-0.01,250,248749,卖盘
414,14:07:14,9.96,0.01,5,4980,买盘
415,14:07:05,9.95,0.01,5,4975,卖盘
416,14:06:59,9.94,--,250,248500,卖盘
417,14:06:55,9.94,-0.02,9,8946,卖盘
418,14:06:50,9.96,--,1,996,买盘
419,14:06:44,9.96,--,29,28884,买盘
420,14:06:35,9.96,--,5,4980,买盘
421,14:06:29,9.96,-0.01,34,34272,卖盘
422,14:06:20,9.97,--,10,9970,买盘
423,14:06:14,9.97,0.01,5,4985,买盘
424,14:06:10,9.96,--,23,22908,卖盘
425,14:06:05,9.96,0.01,1839,1832231,买盘
426,14:05:59,9.95,0.01,29,28854,买盘
427,14:05:50,9.94,-0.01,8,7952,卖盘
428,14:05:35,9.95,--,5,4975,买盘
429,14:05:29,9.95,0.01,9,8955,买盘
430,14:05:20,9.94,-0.02,4,3976,卖盘
431,14:05:14,9.96,--,8,7968,买盘
432,14:05:10,9.96,0.02,5,4980,买盘
433,14:04:59,9.94,--,0,0,卖盘
434,14:04:50,9.94,-0.01,9,8946,卖盘
435,14:04:44,9.95,--,5,4975,买盘
436,14:04:40,9.95,-0.01,4,4378,卖盘
437,14:04:35,9.96,0.01,4,3984,买盘
438,14:04:29,9.95,--,172,171737,卖盘
439,14:04:20,9.95,-0.01,9,8955,卖盘
440,14:04:09,9.96,--,5,4980,买盘
441,14:03:59,9.96,0.01,5,4980,买盘
442,14:03:54,9.95,--,536,533320,买盘
443,14:03:44,9.95,--,14,14815,买盘
444,14:03:40,9.95,0.01,5,4975,买盘
445,14:03:23,9.94,0.01,20,20178,买盘
446,14:03:14,9.93,-0.01,9,8937,卖盘
447,14:03:08,9.94,0.01,35,34790,买盘
448,14:02:53,9.93,-0.01,9,8937,卖盘
449,14:02:44,9.94,--,6,5964,买盘
450,14:02:34,9.94,--,5,4970,买盘
451,14:02:29,9.94,--,34,34382,卖盘
452,14:02:23,9.94,-0.01,4,3976,卖盘
453,14:02:19,9.95,0.01,5,4975,买盘
454,14:02:08,9.94,--,7,7365,买盘
455,14:02:04,9.94,--,3,2982,买盘
456,14:01:59,9.94,--,5,4970,买盘
457,14:01:53,9.94,--,9,8946,买盘
458,14:01:49,9.94,--,20,19880,买盘
459,14:01:44,9.94,--,6,5964,买盘
460,14:01:34,9.94,--,5,4970,买盘
461,14:01:29,9.94,--,47,47195,卖盘
462,14:01:23,9.94,--,10,9940,卖盘
463,14:01:08,9.94,--,620,616280,卖盘
464,14:00:53,9.94,--,5,4970,卖盘
465,14:00:49,9.94,-0.01,37,37662,卖盘
466,14:00:44,9.95,--,4,3979,买盘
467,14:00:38,9.95,0.01,6,5970,买盘
468,14:00:29,9.94,--,41,40754,卖盘
469,14:00:23,9.94,--,80,79520,卖盘
470,14:00:19,9.94,-0.01,49,48706,卖盘
471,14:00:14,9.95,--,301,299992,卖盘
472,14:00:08,9.95,--,664,661277,卖盘
473,14:00:04,9.95,--,18,17910,卖盘
474,13:59:53,9.95,-0.01,9,8955,卖盘
475,13:59:49,9.96,0.01,33,32868,买盘
476,13:59:44,9.95,--,7,6964,卖盘
477,13:59:38,9.95,--,3,2985,卖盘
478,13:59:29,9.95,--,43,42785,卖盘
479,13:59:23,9.95,--,9,8955,卖盘
480,13:59:19,9.95,--,16,16815,卖盘
481,13:59:14,9.95,--,15,14924,卖盘
482,13:59:08,9.95,-0.01,31,30844,卖盘
483,13:59:04,9.96,0.01,19,18924,买盘
484,13:58:59,9.95,-0.01,12,11940,卖盘
485,13:58:53,9.96,0.01,65,64740,买盘
486,13:58:49,9.95,--,18,17910,卖盘
487,13:58:44,9.95,-0.01,47,46765,卖盘
488,13:58:29,9.96,0.01,5,4980,买盘
489,13:58:23,9.95,--,37,36815,卖盘
490,13:58:14,9.95,--,64,63679,卖盘
491,13:58:08,9.95,-0.01,115,114424,卖盘
492,13:57:59,9.96,--,4,3984,买盘
493,13:57:49,9.96,0.01,5,4980,买盘
494,13:57:38,9.95,-0.01,5,4975,卖盘
495,13:57:33,9.96,--,5,4980,买盘
496,13:57:28,9.96,--,5,4980,买盘
497,13:57:23,9.96,--,6,5976,买盘
498,13:57:17,9.96,0.01,29,28884,买盘
499,13:57:08,9.95,-0.01,54,53729,卖盘
500,13:57:02,9.96,--,9,8964,买盘
501,13:56:59,9.96,--,4,3984,买盘
502,13:56:53,9.96,--,9,8964,买盘
503,13:56:44,9.96,--,9,8964,买盘
504,13:56:38,9.96,--,4,3984,买盘
505,13:56:32,9.96,--,9,8964,买盘
506,13:56:23,9.96,--,4,3984,买盘
507,13:56:17,9.96,--,10,9960,买盘
508,13:56:12,9.96,--,29,28884,买盘
509,13:56:08,9.96,--,4,3984,买盘
510,13:56:02,9.96,--,10,9960,买盘
511,13:55:58,9.96,--,20,19920,买盘
512,13:55:53,9.96,--,4,3984,买盘
513,13:55:47,9.96,--,9,8964,买盘
514,13:55:43,9.96,--,4,3984,买盘
515,13:55:38,9.96,--,4,3984,买盘
516,13:55:32,9.96,--,4,3984,买盘
517,13:55:23,9.96,--,15,14940,买盘
518,13:55:17,9.96,--,4,3984,买盘
519,13:55:08,9.96,--,4,3984,买盘
520,13:55:02,9.96,--,4,3984,买盘
521,13:54:58,9.96,--,5,4980,买盘
522,13:54:53,9.96,--,44,44222,卖盘
523,13:54:47,9.96,--,66,65736,卖盘
524,13:54:43,9.96,-0.01,20,19920,卖盘
525,13:54:32,9.97,--,1,997,买盘
526,13:54:23,9.97,--,37,36889,买盘
527,13:54:17,9.97,--,3,2991,买盘
528,13:54:08,9.97,0.01,6,5982,买盘
529,13:53:58,9.96,-0.01,6,5976,卖盘
530,13:53:47,9.97,--,5,4985,买盘
531,13:53:38,9.97,--,5,4985,买盘
532,13:53:32,9.97,--,1,997,买盘
533,13:53:23,9.97,--,5,4985,买盘
534,13:53:13,9.97,0.01,4,3988,买盘
535,13:53:08,9.96,-0.01,36,35856,卖盘
536,13:53:02,9.97,--,6,5982,买盘
537,13:52:53,9.97,--,4,3988,买盘
538,13:52:43,9.97,--,6,5982,买盘
539,13:52:32,9.97,0.01,4,3988,买盘
540,13:52:23,9.96,--,105,105177,买盘
541,13:52:08,9.96,0.01,4,3984,买盘
542,13:52:02,9.95,-0.01,30,29849,卖盘
543,13:51:53,9.96,--,5,4980,买盘
544,13:51:47,9.96,--,5,4980,买盘
545,13:51:38,9.96,-0.01,14,13944,卖盘
546,13:51:32,9.97,0.01,66,65802,买盘
547,13:51:23,9.96,--,5,4980,买盘
548,13:51:13,9.96,--,25,24900,买盘
549,13:51:02,9.96,--,5,4980,买盘
550,13:50:47,9.96,--,4,3984,买盘
551,13:50:38,9.96,--,5,4980,买盘
552,13:50:28,9.96,--,5,4980,买盘
553,13:50:17,9.96,--,5,4980,买盘
554,13:50:07,9.96,--,15,14940,买盘
555,13:49:58,9.96,--,5,4980,买盘
556,13:49:47,9.96,--,5,4980,买盘
557,13:49:32,9.96,--,5,4980,买盘
558,13:49:26,9.96,0.01,4,3984,买盘
559,13:49:17,9.95,-0.01,10,9950,卖盘
560,13:49:11,9.96,--,6,5976,买盘
561,13:49:02,9.96,--,25,24900,买盘
562,13:48:52,9.96,--,5,4980,买盘
563,13:48:41,9.96,--,4,3984,买盘
564,13:48:37,9.96,--,5,4980,买盘
565,13:48:32,9.96,0.01,5,4980,买盘
566,13:48:26,9.95,-0.01,50,49750,卖盘
567,13:48:17,9.96,--,6,5976,买盘
568,13:48:07,9.96,--,5,4980,买盘
569,13:47:52,9.96,--,4,3984,买盘
570,13:47:47,9.96,--,5,4980,买盘
571,13:47:32,9.96,--,6,5976,买盘
572,13:47:22,9.96,--,6,5976,买盘
573,13:47:11,9.96,--,4,3984,买盘
574,13:47:02,9.96,--,5,4980,买盘
575,13:46:56,9.96,--,1,996,买盘
576,13:46:47,9.96,--,5,4980,买盘
577,13:46:41,9.96,-0.01,27,26892,卖盘
578,13:46:36,9.97,0.01,4,3988,买盘
579,13:46:32,9.96,-0.01,82,81672,卖盘
580,13:46:26,9.97,--,5,4985,买盘
581,13:46:16,9.97,0.01,4,3988,买盘
582,13:46:07,9.96,-0.01,39,38844,卖盘
583,13:46:02,9.97,0.01,148,147556,买盘
584,13:45:56,9.96,--,1,996,买盘
585,13:45:52,9.96,--,6,5976,买盘
586,13:45:47,9.96,--,21,20916,买盘
587,13:45:41,9.96,--,5,4980,买盘
588,13:45:32,9.96,--,5,4980,买盘
589,13:45:17,9.96,--,4,3984,买盘
590,13:45:11,9.96,0.01,5,4980,买盘
591,13:45:02,9.95,-0.02,102,101490,卖盘
592,13:44:56,9.97,--,4,3988,买盘
593,13:44:47,9.97,--,5,4985,买盘
594,13:44:32,9.97,--,5,4985,买盘
595,13:44:26,9.97,--,5,4985,买盘
596,13:44:11,9.97,0.01,4,3988,买盘
597,13:44:06,9.96,-0.01,20,19920,卖盘
598,13:44:02,9.97,--,5,4985,买盘
599,13:43:52,9.97,0.01,4,3988,买盘
600,13:43:47,9.96,-0.01,25,24900,卖盘
601,13:43:41,9.97,0.01,114,114545,买盘
602,13:43:26,9.96,--,22,21912,买盘
603,13:43:22,9.96,0.01,6,5976,买盘
604,13:43:16,9.95,-0.01,15,14924,卖盘
605,13:43:11,9.96,0.01,5,4980,买盘
606,13:42:56,9.95,-0.01,10,9950,卖盘
607,13:42:51,9.96,--,20,19920,买盘
608,13:42:37,9.96,--,35,34860,买盘
609,13:42:31,9.96,--,2,1992,买盘
610,13:42:26,9.96,--,6,5976,买盘
611,13:42:11,9.96,--,4,3984,买盘
612,13:42:05,9.96,--,5,4980,买盘
613,13:41:56,9.96,--,6,5976,买盘
614,13:41:50,9.96,--,5,4980,买盘
615,13:41:35,9.96,--,5,4980,买盘
616,13:41:20,9.96,--,18,17928,买盘
617,13:41:11,9.96,--,4,3984,买盘
618,13:40:56,9.96,--,5,4980,买盘
619,13:40:50,9.96,--,5,4980,买盘
620,13:40:41,9.96,0.01,103,102588,买盘
621,13:40:31,9.95,-0.01,28,27859,卖盘
622,13:40:26,9.96,--,13,12948,买盘
623,13:40:16,9.96,0.01,4,3984,买盘
624,13:40:11,9.95,--,13,12934,卖盘
625,13:40:05,9.95,-0.01,6,5970,卖盘
626,13:40:01,9.96,0.01,5,4980,买盘
627,13:39:50,9.95,-0.01,18,17910,卖盘
628,13:39:41,9.96,--,1,996,买盘
629,13:39:35,9.96,0.01,20,19920,买盘
630,13:39:26,9.95,--,82,81590,卖盘
631,13:39:20,9.95,--,50,49750,卖盘
632,13:39:11,9.95,--,18,17910,卖盘
633,13:39:05,9.95,--,36,35820,卖盘
634,13:38:56,9.95,--,6,5970,卖盘
635,13:38:50,9.95,--,1,994,卖盘
636,13:38:41,9.95,--,82,81590,卖盘
637,13:38:20,9.95,--,18,17910,卖盘
638,13:38:05,9.95,-0.01,34,33830,卖盘
639,13:38:01,9.96,0.01,5,4980,买盘
640,13:37:56,9.95,-0.01,38,37810,卖盘
641,13:37:50,9.96,--,11,10956,买盘
642,13:36:50,9.96,--,1,996,买盘
643,13:36:46,9.96,0.01,10,9960,买盘
644,13:36:20,9.95,--,1,994,卖盘
645,13:35:15,9.95,-0.01,1,994,卖盘
646,13:35:00,9.96,0.01,285,283860,买盘
647,13:34:44,9.95,-0.01,1,994,卖盘
648,13:34:35,9.96,--,2,1992,买盘
649,13:34:29,9.96,--,5,4980,买盘
650,13:34:25,9.96,-0.01,257,256081,卖盘
651,13:34:14,9.97,--,6,5982,买盘
652,13:34:05,9.97,--,5,4985,买盘
653,13:33:55,9.97,--,6,5982,买盘
654,13:33:44,9.97,--,4,3988,买盘
655,13:33:35,9.97,--,1,997,买盘
656,13:33:29,9.97,--,5,4985,买盘
657,13:33:20,9.97,--,25,24925,买盘
658,13:33:14,9.97,0.01,5,4985,买盘
659,13:33:05,9.96,-0.01,44,43824,卖盘
660,13:32:59,9.97,0.01,5,4985,买盘
661,13:32:50,9.96,-0.01,83,82668,卖盘
662,13:32:44,9.97,--,15,14955,买盘
663,13:32:35,9.97,--,5,4985,买盘
664,13:32:29,9.97,--,5,4985,买盘
665,13:32:20,9.97,--,4,3988,买盘
666,13:32:14,9.97,0.01,80,79760,买盘
667,13:32:10,9.96,-0.01,12,11952,卖盘
668,13:31:55,9.97,--,4,3988,买盘
669,13:31:44,9.97,0.01,79,78763,买盘
670,13:31:39,9.96,-0.01,2,1992,卖盘
671,13:31:29,9.97,--,144,143568,买盘
672,13:31:20,9.97,0.01,26,25922,买盘
673,13:31:05,9.96,-0.01,72,71712,卖盘
674,13:30:59,9.97,--,4,3988,买盘
675,13:30:54,9.97,--,5,4985,买盘
676,13:30:35,9.97,0.01,5,4985,买盘
677,13:30:29,9.96,-0.01,52,51792,卖盘
678,13:30:10,9.97,--,9,8973,买盘
679,13:29:59,9.97,--,22,21934,买盘
680,13:29:54,9.97,--,5,4985,买盘
681,13:29:39,9.97,--,5,4985,买盘
682,13:29:29,9.97,0.01,5,4985,买盘
683,13:29:25,9.96,-0.01,1,996,卖盘
684,13:29:19,9.97,--,5,4985,买盘
685,13:28:54,9.97,--,4,3988,买盘
686,13:28:44,9.97,--,6,5982,买盘
687,13:28:34,9.97,--,10,9970,买盘
688,13:28:29,9.97,--,5,4985,买盘
689,13:28:25,9.97,0.01,4,3988,买盘
690,13:28:14,9.96,-0.02,28,27888,卖盘
691,13:27:54,9.98,0.01,4,3992,买盘
692,13:27:49,9.97,--,324,323028,买盘
693,13:27:44,9.97,--,5,4985,买盘
694,13:27:40,9.97,--,5,4985,买盘
695,13:27:23,9.97,--,5,4985,买盘
696,13:27:08,9.97,--,7,6979,买盘
697,13:27:04,9.97,--,20,19940,买盘
698,13:26:59,9.97,--,5,4985,买盘
699,13:26:53,9.97,--,10,9970,买盘
700,13:26:49,9.97,--,4,3988,买盘
701,13:26:38,9.97,--,5,4985,买盘
702,13:26:23,9.97,--,15,14955,买盘
703,13:26:14,9.97,--,13,12961,买盘
704,13:26:08,9.97,--,28,27916,买盘
705,13:25:59,9.97,0.01,1,997,买盘
706,13:25:49,9.96,-0.01,1,996,卖盘
707,13:25:44,9.97,0.01,5,4985,买盘
708,13:25:04,9.96,--,10,9960,卖盘
709,13:24:14,9.96,-0.01,49,48804,卖盘
710,13:24:08,9.97,-0.01,6,5982,买盘
711,13:24:04,9.98,--,0,0,买盘
712,13:23:59,9.98,--,4,3992,买盘
713,13:23:48,9.98,0.02,5,4990,买盘
714,13:23:38,9.96,--,87,86652,卖盘
715,13:23:33,9.96,--,110,109679,卖盘
716,13:23:29,9.96,-0.01,37,36852,卖盘
717,13:23:23,9.97,--,99,98703,买盘
718,13:23:14,9.97,0.01,11,10967,买盘
719,13:23:08,9.96,--,5,5577,卖盘
720,13:22:58,9.96,--,100,99600,卖盘
721,13:22:53,9.96,-0.01,521,518916,卖盘
722,13:22:48,9.97,--,5,4985,买盘
723,13:22:33,9.97,--,5,4985,买盘
724,13:22:18,9.97,--,4,3988,买盘
725,13:22:08,9.97,--,5,4985,买盘
726,13:22:03,9.97,0.01,5,4985,买盘
727,13:21:53,9.96,-0.01,49,48804,卖盘
728,13:21:48,9.97,--,5,4985,买盘
729,13:21:33,9.97,--,5,4985,买盘
730,13:21:23,9.97,--,4,3988,买盘
731,13:21:18,9.97,--,5,4985,买盘
732,13:21:03,9.97,--,5,4985,买盘
733,13:20:53,9.97,--,4,3988,买盘
734,13:20:48,9.97,--,20,19940,买盘
735,13:20:43,9.97,--,7,6979,买盘
736,13:20:33,9.97,--,5,4985,买盘
737,13:20:23,9.97,0.01,4,3988,买盘
738,13:20:18,9.96,-0.01,1,996,卖盘
739,13:20:13,9.97,--,10,9970,买盘
740,13:20:08,9.97,-0.01,30,29910,卖盘
741,13:19:53,9.98,0.01,5,4990,买盘
742,13:19:38,9.97,--,5,4985,买盘
743,13:19:32,9.97,--,5,4985,买盘
744,13:19:23,9.97,-0.01,5,4985,卖盘
745,13:19:17,9.98,--,4,3992,买盘
746,13:19:08,9.98,--,0,0,买盘
747,13:19:02,9.98,--,5,4990,买盘
748,13:18:58,9.98,--,20,19960,买盘
749,13:18:53,9.98,0.02,13,12974,买盘
750,13:18:47,9.96,-0.02,1,996,卖盘
751,13:18:43,9.98,--,47,46906,买盘
752,13:18:32,9.98,--,13,12974,买盘
753,13:18:23,9.98,--,6,5988,买盘
754,13:18:13,9.98,--,4,3992,买盘
755,13:18:02,9.98,--,17,16966,买盘
756,13:17:47,9.98,--,4,3992,买盘
757,13:17:43,9.98,--,42,41916,买盘
758,13:17:38,9.98,--,5,4990,买盘
759,13:17:32,9.98,0.02,12,11976,买盘
760,13:17:17,9.96,-0.02,16,16045,卖盘
761,13:17:02,9.98,--,12,11976,买盘
762,13:16:43,9.98,--,43,42914,买盘
763,13:16:32,9.98,0.02,94,93812,买盘
764,13:16:23,9.96,-0.02,12,11952,卖盘
765,13:16:13,9.98,0.01,30,30149,买盘
766,13:16:07,9.97,0.01,4,4935,买盘
767,13:15:47,9.96,--,0,0,卖盘
768,13:15:42,9.96,-0.01,58,57768,卖盘
769,13:15:37,9.97,--,3,2991,买盘
770,13:15:32,9.97,0.01,6,5982,买盘
771,13:15:27,9.96,-0.02,9,8964,卖盘
772,13:15:17,9.98,--,7,6986,买盘
773,13:15:07,9.98,--,61,60878,买盘
774,13:15:02,9.98,--,6,5988,买盘
775,13:14:47,9.98,--,9,8982,买盘
776,13:14:42,9.98,--,50,49900,买盘
777,13:14:37,9.98,--,0,0,买盘
778,13:14:32,9.98,--,7,6986,买盘
779,13:14:22,9.98,--,0,0,买盘
780,13:14:16,9.98,--,8,7984,买盘
781,13:14:11,9.98,--,12,11976,买盘
782,13:14:07,9.98,--,7,6986,买盘
783,13:14:02,9.98,--,20,19960,买盘
784,13:13:57,9.98,--,7,6986,买盘
785,13:13:52,9.98,0.02,4,3992,买盘
786,13:13:47,9.96,-0.02,8,7968,卖盘
787,13:13:42,9.98,--,42,41916,买盘
788,13:13:37,9.98,--,7,6986,买盘
789,13:13:27,9.98,--,10,9980,买盘
790,13:13:17,9.98,--,7,6986,买盘
791,13:13:02,9.98,--,11,10978,买盘
792,13:12:57,9.98,0.02,7,6986,买盘
793,13:12:47,9.96,-0.02,1,996,卖盘
794,13:12:42,9.98,--,42,41916,买盘
795,13:12:37,9.98,--,7,6986,买盘
796,13:12:32,9.98,--,8,7984,买盘
797,13:12:17,9.98,--,57,56886,买盘
798,13:12:12,9.98,0.01,8,7984,买盘
799,13:12:02,9.97,--,0,0,买盘
800,13:11:56,9.97,--,8,7976,买盘
801,13:11:52,9.97,-0.01,7,6979,卖盘
802,13:11:47,9.98,--,8,7984,买盘
803,13:11:41,9.98,--,98,97804,买盘
804,13:11:32,9.98,--,6,5988,买盘
805,13:11:26,9.98,--,120,119760,买盘
806,13:11:17,9.98,--,8,7984,买盘
807,13:11:07,9.98,--,20,19960,买盘
808,13:11:02,9.98,--,7,6986,买盘
809,13:10:52,9.98,--,8,7984,买盘
810,13:10:41,9.98,--,42,41916,买盘
811,13:10:37,9.98,--,4,3992,买盘
812,13:10:26,9.98,--,4,3992,买盘
813,13:10:17,9.98,0.01,24,23952,买盘
814,13:10:06,9.97,--,96,95712,买盘
815,13:09:56,9.97,--,2,1994,买盘
816,13:09:51,9.97,--,4,3988,买盘
817,13:09:47,9.97,--,15,14955,买盘
818,13:09:41,9.97,--,48,47856,买盘
819,13:09:36,9.97,--,6,5982,买盘
820,13:09:32,9.97,--,34,33898,买盘
821,13:09:22,9.97,--,4,3988,买盘
822,13:09:11,9.97,--,5,4985,买盘
823,13:08:56,9.97,--,31,30907,买盘
824,13:08:51,9.97,--,94,93718,买盘
825,13:08:46,9.97,--,9,8973,买盘
826,13:08:41,9.97,--,20,19940,买盘
827,13:08:36,9.97,--,4,3988,买盘
828,13:08:26,9.97,--,9,8973,买盘
829,13:08:21,9.97,--,28,27916,买盘
830,13:08:15,9.97,--,2,1994,买盘
831,13:08:11,9.97,--,38,37886,买盘
832,13:08:06,9.97,--,40,39880,买盘
833,13:08:01,9.97,--,1,997,买盘
834,13:07:56,9.97,--,5,4985,买盘
835,13:07:41,9.97,--,6,5982,买盘
836,13:07:26,9.97,--,4,3988,买盘
837,13:07:21,9.97,0.01,7,6979,买盘
838,13:07:15,9.96,-0.01,11,11404,卖盘
839,13:07:11,9.97,--,6,5982,买盘
840,13:07:06,9.97,--,33,32901,买盘
841,13:06:56,9.97,--,5,4985,买盘
842,13:06:50,9.97,--,28,27916,买盘
843,13:06:41,9.97,0.01,6,5982,买盘
844,13:06:36,9.96,-0.01,20,20816,卖盘
845,13:06:26,9.97,--,4,3988,买盘
846,13:06:21,9.97,--,1,997,买盘
847,13:06:11,9.97,0.01,5,4985,买盘
848,13:06:06,9.96,-0.01,26,26792,卖盘
849,13:05:51,9.97,--,5,4985,买盘
850,13:05:41,9.97,--,29,28913,买盘
851,13:05:36,9.97,0.01,1,997,买盘
852,13:05:31,9.96,-0.01,205,204180,卖盘
853,13:05:21,9.97,--,3,2991,买盘
854,13:05:10,9.97,--,5,4985,买盘
855,13:04:56,9.97,--,28,28813,买盘
856,13:04:41,9.97,--,4,3988,买盘
857,13:04:36,9.97,--,6,5982,买盘
858,13:04:20,9.97,--,6,5982,买盘
859,13:04:11,9.97,--,4,3988,买盘
860,13:04:05,9.97,0.01,24,23928,买盘
861,13:04:01,9.96,-0.01,15,15388,卖盘
862,13:03:50,9.97,--,4,3988,买盘
863,13:03:40,9.97,--,7,6979,买盘
864,13:03:26,9.97,--,6,5982,买盘
865,13:03:20,9.97,--,17,16949,买盘
866,13:03:11,9.97,--,2,1994,买盘
867,13:03:05,9.97,--,30,30358,买盘
868,13:03:00,9.97,--,1,997,买盘
869,13:02:56,9.97,0.01,4,3988,买盘
870,13:02:30,9.96,--,2,2390,卖盘
871,13:02:15,9.96,-0.01,13,13396,卖盘
872,13:02:09,9.97,--,4,3988,买盘
873,13:02:05,9.97,--,59,58823,买盘
874,13:01:35,9.97,--,61,60817,买盘
875,13:00:34,9.97,--,60,59820,买盘
876,13:00:30,9.97,0.01,94,93718,买盘
877,13:00:15,9.96,-0.01,1,996,卖盘
878,13:00:09,9.97,0.01,233,232301,买盘
879,13:00:05,9.96,--,247,246012,买盘
880,11:30:00,9.96,--,0,0,买盘
881,11:29:59,9.96,--,0,0,买盘
882,11:29:56,9.96,--,3,2988,买盘
883,11:29:40,9.96,--,4,3984,买盘
884,11:29:29,9.96,--,4,3984,买盘
885,11:29:20,9.96,--,3,2988,买盘
886,11:29:10,9.96,--,3,2988,买盘
887,11:29:05,9.96,--,10,9960,买盘
888,11:29:00,9.96,0.01,3,2988,买盘
889,11:28:50,9.95,-0.01,5,4975,卖盘
890,11:28:35,9.96,--,4,3984,买盘
891,11:28:25,9.96,--,3,2988,买盘
892,11:28:15,9.96,--,4,3984,买盘
893,11:28:04,9.96,--,3,2988,买盘
894,11:27:55,9.96,--,4,3984,买盘
895,11:27:40,9.96,-0.01,4,3984,中性盘
896,11:27:34,9.97,--,0,0,买盘
897,11:27:30,9.97,--,3,2991,买盘
898,11:27:20,9.97,0.01,4,3988,买盘
899,11:27:10,9.96,-0.01,13,12948,卖盘
900,11:26:55,9.97,--,4,3988,买盘
901,11:26:45,9.97,0.01,3,2991,买盘
902,11:26:35,9.96,--,5,4980,卖盘
903,11:26:25,9.96,--,135,134460,买盘
904,11:26:10,9.96,--,3,2988,买盘
905,11:26:04,9.96,--,31,30876,买盘
906,11:26:00,9.96,--,4,3984,买盘
907,11:25:55,9.96,--,0,0,买盘
908,11:25:49,9.96,--,3,2988,买盘
909,11:25:40,9.96,0.02,54,53784,买盘
910,11:25:35,9.94,-0.02,1,994,卖盘
911,11:25:29,9.96,--,23,22908,买盘
912,11:25:19,9.96,--,4,3984,买盘
913,11:25:13,9.96,--,528,525888,买盘
914,11:25:10,9.96,--,28,27888,买盘
915,11:25:04,9.96,--,31,30876,买盘
916,11:24:55,9.96,0.01,4,3984,买盘
917,11:24:50,9.95,-0.01,28,27859,卖盘
918,11:24:44,9.96,--,71,70716,买盘
919,11:24:35,9.96,0.01,3,2988,买盘
920,11:24:28,9.95,--,16,16815,卖盘
921,11:24:25,9.95,-0.01,5,4975,卖盘
922,11:24:14,9.96,--,3,2988,买盘
923,11:24:04,9.96,--,5,4980,买盘
924,11:23:50,9.96,--,3,2988,买盘
925,11:23:43,9.96,0.01,4,3984,买盘
926,11:23:29,9.95,-0.01,26,25869,卖盘
927,11:23:13,9.96,--,4,3984,买盘
928,11:23:09,9.96,--,28,27888,买盘
929,11:23:04,9.96,--,23,22908,买盘
930,11:22:58,9.96,0.01,4,3984,买盘
931,11:22:50,9.95,-0.01,1,994,卖盘
932,11:22:44,9.96,--,4,3984,买盘
933,11:22:34,9.96,0.01,4,3984,买盘
934,11:22:23,9.95,-0.01,203,201985,卖盘
935,11:22:13,9.96,--,8,7968,买盘
936,11:21:59,9.96,0.01,3,2988,买盘
937,11:21:54,9.95,-0.01,50,49750,卖盘
938,11:21:49,9.96,--,4,3984,买盘
939,11:21:44,9.96,--,3,2988,买盘
940,11:21:29,9.96,--,4,3984,买盘
941,11:21:14,9.96,0.01,3,2988,买盘
942,11:21:08,9.95,-0.01,1,994,卖盘
943,11:21:04,9.96,--,3,2988,买盘
944,11:20:54,9.96,--,4,3984,买盘
945,11:20:49,9.96,--,5,4980,买盘
946,11:20:34,9.96,--,3,2988,买盘
947,11:20:19,9.96,0.01,13,12948,买盘
948,11:20:13,9.95,-0.01,5,4975,卖盘
949,11:20:04,9.96,--,20,19920,买盘
950,11:19:59,9.96,--,3,2988,买盘
951,11:19:49,9.96,--,4,3984,买盘
952,11:19:34,9.96,--,4,3984,买盘
953,11:19:24,9.96,--,5,4980,买盘
954,11:19:14,9.96,0.01,3,2988,买盘
955,11:19:09,9.95,--,401,399611,买盘
956,11:19:04,9.95,--,3,2985,买盘
957,11:18:59,9.95,--,1,994,买盘
958,11:18:54,9.95,--,3,2985,买盘
959,11:18:49,9.95,--,2,1989,买盘
960,11:18:43,9.95,--,189,188433,卖盘
961,11:18:38,9.95,-0.01,6,5970,卖盘
962,11:18:28,9.96,--,9,8964,买盘
963,11:18:23,9.96,--,4,3984,买盘
964,11:18:18,9.96,0.01,10,9960,买盘
965,11:18:13,9.95,-0.01,8,7959,卖盘
966,11:18:08,9.96,--,3,2988,买盘
967,11:18:04,9.96,--,8,7968,买盘
968,11:17:58,9.96,--,5,4980,买盘
969,11:17:53,9.96,0.01,9,8964,买盘
970,11:17:49,9.95,--,29,28854,卖盘
971,11:17:43,9.95,-0.01,7,6964,卖盘
972,11:17:38,9.96,0.01,3,2988,买盘
973,11:17:34,9.95,-0.01,15,14924,卖盘
974,11:17:23,9.96,--,4,3984,买盘
975,11:17:19,9.96,--,20,19920,买盘
976,11:17:13,9.96,0.01,23,22908,买盘
977,11:17:04,9.95,-0.01,24,23880,卖盘
978,11:16:53,9.96,--,3,2988,买盘
979,11:16:48,9.96,0.01,1,996,买盘
980,11:16:43,9.95,-0.01,6,5970,卖盘
981,11:16:28,9.96,--,23,22908,买盘
982,11:16:19,9.96,0.01,7,6972,买盘
983,11:16:14,9.95,-0.01,26,25869,卖盘
984,11:16:08,9.96,0.01,3,2988,买盘
985,11:16:03,9.95,-0.01,25,24875,卖盘
986,11:15:59,9.96,0.01,4,3984,买盘
987,11:15:48,9.95,-0.01,1,994,卖盘
988,11:15:43,9.96,0.01,6,5976,买盘
989,11:15:38,9.95,-0.01,37,36815,卖盘
990,11:15:33,9.96,--,5,4980,买盘
991,11:15:28,9.96,0.01,75,74700,买盘
992,11:15:23,9.95,--,5,4975,卖盘
993,11:15:13,9.95,-0.01,13,12934,卖盘
994,11:15:03,9.96,--,4,3984,买盘
995,11:14:53,9.96,0.01,3,2988,买盘
996,11:14:48,9.95,-0.01,10,9950,卖盘
997,11:14:38,9.96,--,4,3984,买盘
998,11:14:33,9.96,--,28,27888,买盘
999,11:14:28,9.96,0.01,19,19033,买盘
1000,11:14:18,9.95,-0.01,9,8955,卖盘
1001,11:14:13,9.96,--,6,5976,买盘
1002,11:14:08,9.96,0.01,4,3984,买盘
1003,11:14:03,9.95,-0.01,3,2985,卖盘
1004,11:13:53,9.96,--,3,2988,买盘
1005,11:13:48,9.96,0.01,31,30876,买盘
1006,11:13:43,9.95,--,11,10945,卖盘
1007,11:13:37,9.95,--,1,994,卖盘
1008,11:13:33,9.95,-0.01,9,8955,卖盘
1009,11:13:28,9.96,--,1,996,买盘
1010,11:13:22,9.96,--,4,3984,买盘
1011,11:13:13,9.96,--,14,13944,买盘
1012,11:13:07,9.96,0.01,4,3984,买盘
1013,11:13:03,9.95,-0.01,11,10945,卖盘
1014,11:12:58,9.96,--,3,2988,买盘
1015,11:12:52,9.96,--,20,19920,买盘
1016,11:12:48,9.96,--,3,2988,买盘
1017,11:12:43,9.96,--,1,996,买盘
1018,11:12:37,9.96,0.01,54,53784,买盘
1019,11:12:13,9.95,--,34,33830,卖盘
1020,11:12:03,9.95,--,33,32835,卖盘
1021,11:11:43,9.95,-0.01,10,9950,卖盘
1022,11:11:22,9.96,0.01,127,126492,买盘
1023,11:11:17,9.95,-0.01,20,19900,卖盘
1024,11:10:53,9.96,0.01,1,996,买盘
1025,11:10:46,9.95,--,1,994,卖盘
1026,11:10:22,9.95,--,4,3979,卖盘
1027,11:10:16,9.95,--,2,1989,卖盘
1028,11:09:47,9.95,--,6,5970,卖盘
1029,11:09:28,9.95,--,7,7362,卖盘
1030,11:09:17,9.95,-0.01,9,8955,卖盘
1031,11:09:01,9.96,0.01,24,23904,买盘
1032,11:08:46,9.95,-0.01,67,66665,卖盘
1033,11:08:37,9.96,0.01,1,996,买盘
1034,11:08:31,9.95,-0.02,16,16029,卖盘
1035,11:08:27,9.97,--,0,0,买盘
1036,11:08:16,9.97,--,0,0,买盘
1037,11:08:07,9.97,0.03,90,89730,买盘
1038,11:08:01,9.94,--,51,50694,卖盘
1039,11:07:57,9.94,-0.01,49,48706,卖盘
1040,11:07:52,9.95,--,5,4975,买盘
1041,11:07:46,9.95,0.01,396,394020,买盘
1042,11:07:42,9.94,--,0,0,卖盘
1043,11:07:37,9.94,-0.01,67,66598,卖盘
1044,11:07:31,9.95,--,65,64674,卖盘
1045,11:07:27,9.95,--,301,299495,卖盘
1046,11:07:22,9.95,-0.01,559,556205,卖盘
1047,11:07:16,9.96,0.01,609,606564,中性盘
1048,11:07:12,9.95,-0.01,936,931319,卖盘
1049,11:07:07,9.96,--,114,113544,卖盘
1050,11:07:01,9.96,--,1,1195,卖盘
1051,11:06:52,9.96,--,30,29880,卖盘
1052,11:06:47,9.96,--,35,34969,卖盘
1053,11:06:42,9.96,-0.01,16,16832,卖盘
1054,11:06:25,9.97,0.01,1,997,买盘
1055,11:06:17,9.96,-0.01,36,35856,卖盘
1056,11:06:02,9.97,--,32,31904,买盘
1057,11:05:57,9.97,0.01,29,28913,买盘
1058,11:05:46,9.96,-0.01,23,22908,卖盘
1059,11:05:42,9.97,0.01,10,9970,买盘
1060,11:05:37,9.96,-0.01,44,44720,卖盘
1061,11:05:26,9.97,0.01,14,13958,买盘
1062,11:05:22,9.96,-0.01,127,126492,卖盘
1063,11:05:16,9.97,--,10,9970,买盘
1064,11:05:01,9.97,--,1,997,买盘
1065,11:04:46,9.97,--,13,12961,买盘
1066,11:04:40,9.97,--,19,18943,买盘
1067,11:04:37,9.97,--,13,12961,买盘
1068,11:04:31,9.97,--,24,23928,买盘
1069,11:04:25,9.97,--,20,19940,买盘
1070,11:04:22,9.97,--,5,4985,买盘
1071,11:04:10,9.97,--,1,997,买盘
1072,11:04:07,9.97,--,18,17946,买盘
1073,11:03:01,9.97,--,10,9970,买盘
1074,11:02:55,9.97,0.01,1,997,买盘
1075,11:02:46,9.96,-0.01,1,996,卖盘
1076,11:02:01,9.97,--,1,997,买盘
1077,11:01:40,9.97,-0.01,17,17347,卖盘
1078,11:01:37,9.98,--,1,998,买盘
1079,11:01:01,9.98,0.01,20,19960,买盘
1080,11:00:36,9.97,-0.01,8,7976,卖盘
1081,11:00:31,9.98,--,33,32934,买盘
1082,11:00:16,9.98,--,1,998,买盘
1083,11:00:06,9.98,--,28,27944,买盘
1084,11:00:01,9.98,0.01,82,81836,买盘
1085,10:59:55,9.97,-0.01,172,171484,卖盘
1086,10:59:46,9.98,--,85,84830,买盘
1087,10:59:40,9.98,--,28,27944,买盘
1088,10:59:31,9.98,0.01,22,21956,买盘
1089,10:59:25,9.97,--,20,19940,卖盘
1090,10:58:55,9.97,--,153,153139,买盘
1091,10:57:55,9.97,--,200,199400,买盘
1092,10:57:49,9.97,--,13,12961,买盘
1093,10:57:40,9.97,0.01,1,997,买盘
1094,10:56:45,9.96,--,25,24900,卖盘
1095,10:56:40,9.96,--,387,385452,卖盘
1096,10:56:10,9.96,-0.01,4,3984,卖盘
1097,10:56:04,9.97,--,21,20937,买盘
1098,10:55:49,9.97,--,2,1994,买盘
1099,10:55:34,9.97,--,10,9970,买盘
1100,10:55:25,9.97,--,1,997,买盘
1101,10:55:19,9.97,--,13,12961,买盘
1102,10:55:04,9.97,--,61,60817,买盘
1103,10:54:55,9.97,0.01,1,997,买盘
1104,10:54:40,9.96,-0.01,56,55776,卖盘
1105,10:54:34,9.97,--,32,31904,买盘
1106,10:54:30,9.97,--,1,997,买盘
1107,10:54:04,9.97,--,1,997,买盘
1108,10:53:40,9.97,0.01,1,997,买盘
1109,10:53:34,9.96,--,94,93962,卖盘
1110,10:53:10,9.96,-0.01,103,102588,卖盘
1111,10:53:04,9.97,0.01,41,40877,买盘
1112,10:52:55,9.96,-0.01,200,199200,卖盘
1113,10:52:40,9.97,0.01,2,1994,买盘
1114,10:52:25,9.96,-0.02,1298,1293206,卖盘
1115,10:52:15,9.98,--,1,998,买盘
1116,10:52:10,9.98,--,40,39920,买盘
1117,10:52:04,9.98,--,100,99800,买盘
1118,10:51:49,9.98,0.01,1,998,买盘
1119,10:50:58,9.97,-0.01,16,16061,卖盘
1120,10:50:54,9.98,0.01,34,33932,买盘
1121,10:50:49,9.97,--,49,48853,卖盘
1122,10:50:40,9.97,--,49,48853,卖盘
1123,10:50:28,9.97,--,50,49850,卖盘
1124,10:50:25,9.97,--,54,53838,卖盘
1125,10:50:13,9.97,--,94,93718,卖盘
1126,10:49:54,9.97,--,13,12961,卖盘
1127,10:49:43,9.97,-0.02,16,16061,卖盘
1128,10:49:28,9.99,0.02,1,999,买盘
1129,10:49:25,9.97,--,32,31904,卖盘
1130,10:49:13,9.97,-0.01,88,87736,卖盘
1131,10:49:04,9.98,0.01,1,998,买盘
1132,10:48:49,9.97,--,50,49850,卖盘
1133,10:48:43,9.97,--,15,14955,卖盘
1134,10:48:39,9.97,--,27,26919,卖盘
1135,10:48:34,9.97,--,62,61814,卖盘
1136,10:48:28,9.97,-0.01,64,63808,卖盘
1137,10:48:24,9.98,0.01,3,2994,买盘
1138,10:48:19,9.97,--,60,59820,卖盘
1139,10:48:04,9.97,-0.01,60,59820,卖盘
1140,10:47:54,9.98,0.01,1,998,买盘
1141,10:47:49,9.97,--,12,11964,卖盘
1142,10:47:43,9.97,-0.01,16,16061,卖盘
1143,10:47:28,9.98,--,12,11976,买盘
1144,10:47:19,9.98,--,51,50898,卖盘
1145,10:47:13,9.98,--,1,998,卖盘
1146,10:47:09,9.98,--,100,99800,卖盘
1147,10:46:34,9.98,-0.01,10,9980,卖盘
1148,10:46:19,9.99,0.01,20,19980,买盘
1149,10:46:13,9.98,-0.01,3,2994,卖盘
1150,10:45:54,9.99,0.02,2,1998,买盘
1151,10:45:34,9.97,--,0,0,卖盘
1152,10:45:23,9.97,-0.02,129,128613,卖盘
1153,10:45:19,9.99,0.02,67,66933,买盘
1154,10:45:13,9.97,--,44,43868,卖盘
1155,10:45:09,9.97,--,0,0,卖盘
1156,10:44:39,9.97,--,66,65802,卖盘
1157,10:44:34,9.97,-0.01,257,256229,卖盘
1158,10:44:22,9.98,-0.01,16,15968,卖盘
1159,10:44:07,9.99,--,1,999,买盘
1160,10:43:37,9.99,--,1,999,买盘
1161,10:43:33,9.99,--,20,19980,买盘
1162,10:43:13,9.99,--,1,999,买盘
1163,10:43:07,9.99,0.01,64,63936,买盘
1164,10:43:03,9.98,--,69,68862,买盘
1165,10:42:52,9.98,--,1,998,卖盘
1166,10:42:48,9.98,--,48,47904,卖盘
1167,10:42:43,9.98,--,89,88822,买盘
1168,10:42:37,9.98,--,62,61876,买盘
1169,10:42:28,9.98,--,28,27944,买盘
1170,10:42:13,9.98,0.01,51,50898,买盘
1171,10:42:07,9.97,-0.01,25,24925,卖盘
1172,10:41:58,9.98,--,165,164670,买盘
1173,10:41:52,9.98,--,13,12974,买盘
1174,10:41:43,9.98,--,13,12974,买盘
1175,10:41:22,9.98,--,5,4990,买盘
1176,10:40:58,9.98,--,1,998,买盘
1177,10:40:48,9.98,--,21,20958,买盘
1178,10:40:33,9.98,--,1,998,买盘
1179,10:40:03,9.98,0.01,1,998,买盘
1180,10:39:58,9.97,--,27,26919,卖盘
1181,10:39:43,9.97,-0.01,16,16849,卖盘
1182,10:39:33,9.98,0.01,301,300398,买盘
1183,10:39:07,9.97,-0.01,16,16849,卖盘
1184,10:39:03,9.98,0.01,1,998,买盘
1185,10:38:52,9.97,-0.01,4,3988,卖盘
1186,10:38:37,9.98,--,1,998,买盘
1187,10:38:33,9.98,--,92,91816,买盘
1188,10:38:17,9.98,--,13,12974,买盘
1189,10:38:13,9.98,--,1,998,买盘
1190,10:38:02,9.98,--,20,19960,买盘
1191,10:37:46,9.98,0.01,22,21956,买盘
1192,10:37:43,9.97,-0.01,46,45862,卖盘
1193,10:37:31,9.98,--,10,9980,买盘
1194,10:37:22,9.98,--,12,11976,买盘
1195,10:37:16,9.98,--,1,998,买盘
1196,10:36:46,9.98,--,1,998,买盘
1197,10:36:22,9.98,--,23,22954,买盘
1198,10:35:52,9.98,--,8,7984,买盘
1199,10:35:46,9.98,--,3,2994,买盘
1200,10:35:16,9.98,--,8,7984,买盘
1201,10:34:22,9.98,0.01,1,998,买盘
1202,10:34:07,9.97,-0.01,35,34895,卖盘
1203,10:34:01,9.98,--,200,199600,买盘
1204,10:33:57,9.98,0.01,2,1996,买盘
1205,10:33:46,9.97,--,200,199400,卖盘
1206,10:33:42,9.97,-0.01,3,2991,卖盘
1207,10:33:31,9.98,0.01,1,998,买盘
1208,10:33:27,9.97,-0.01,121,121434,卖盘
1209,10:33:22,9.98,--,12,11976,买盘
1210,10:33:16,9.98,--,1,998,买盘
1211,10:33:12,9.98,--,10,9980,买盘
1212,10:33:01,9.98,--,90,89820,买盘
1213,10:32:37,9.98,--,1,998,买盘
1214,10:32:31,9.98,--,20,19960,买盘
1215,10:32:07,9.98,--,1,998,买盘
1216,10:32:01,9.98,--,15,14970,买盘
1217,10:31:42,9.98,0.01,5,4990,买盘
1218,10:31:31,9.97,-0.01,20,19940,卖盘
1219,10:31:22,9.98,0.01,1,998,买盘
1220,10:31:16,9.97,--,100,99700,卖盘
1221,10:31:07,9.97,-0.01,0,777,卖盘
1222,10:31:01,9.98,--,11,10978,买盘
1223,10:30:56,9.98,0.01,1,998,买盘
1224,10:30:52,9.97,-0.01,108,107676,卖盘
1225,10:30:46,9.98,--,10,9980,买盘
1226,10:30:31,9.98,--,138,137724,买盘
1227,10:30:25,9.98,0.01,4,3992,买盘
1228,10:30:21,9.97,-0.01,10,9970,卖盘
1229,10:30:10,9.98,--,154,153692,买盘
1230,10:30:06,9.98,--,1,998,买盘
1231,10:30:01,9.98,--,126,125748,买盘
1232,10:29:46,9.98,0.01,25,24950,买盘
1233,10:29:25,9.97,-0.01,15,14955,卖盘
1234,10:29:16,9.98,0.01,1,998,买盘
1235,10:28:46,9.97,--,1,997,卖盘
1236,10:28:31,9.97,--,10,9970,卖盘
1237,10:28:10,9.97,-0.01,4,3988,卖盘
1238,10:28:01,9.98,--,638,636724,买盘
1239,10:27:55,9.98,--,14,13972,买盘
1240,10:27:25,9.98,0.01,1,998,买盘
1241,10:27:21,9.97,-0.01,12,11964,卖盘
1242,10:27:01,9.98,--,21,20958,买盘
1243,10:26:55,9.98,--,19,18962,买盘
1244,10:26:40,9.98,0.01,1,998,买盘
1245,10:26:36,9.97,--,172,171484,卖盘
1246,10:26:31,9.97,--,16,16151,卖盘
1247,10:26:01,9.97,-0.01,42,41874,卖盘
1248,10:25:55,9.98,--,18,17964,买盘
1249,10:25:31,9.98,--,1,998,买盘
1250,10:25:06,9.98,--,2,1996,买盘
1251,10:24:46,9.98,--,144,143801,买盘
1252,10:24:40,9.98,--,1,998,买盘
1253,10:24:25,9.98,--,12,11976,买盘
1254,10:24:16,9.98,0.01,20,19960,买盘
1255,10:24:10,9.97,-0.01,82,81754,卖盘
1256,10:24:06,9.98,--,1,998,买盘
1257,10:24:01,9.98,--,6,5988,买盘
1258,10:23:55,9.98,--,11,10978,买盘
1259,10:23:51,9.98,--,56,55888,买盘
1260,10:23:36,9.98,--,60,59880,买盘
1261,10:23:01,9.98,0.01,66,65868,买盘
1262,10:22:55,9.97,--,82,81754,卖盘
1263,10:22:51,9.97,-0.01,1,997,卖盘
1264,10:22:40,9.98,--,12,11976,买盘
1265,10:22:19,9.98,--,1,998,买盘
1266,10:21:49,9.98,--,21,20958,买盘
1267,10:21:34,9.98,--,2,1996,买盘
1268,10:21:30,9.98,--,25,24950,买盘
1269,10:21:10,9.98,0.01,10,9980,买盘
1270,10:21:01,9.97,-0.01,2,1994,卖盘
1271,10:20:40,9.98,0.01,98,97804,买盘
1272,10:20:19,9.97,-0.01,30,29910,卖盘
1273,10:20:10,9.98,0.01,142,141716,买盘
1274,10:20:04,9.97,-0.01,39,38883,卖盘
1275,10:19:49,9.98,--,35,34930,买盘
1276,10:19:40,9.98,--,128,127744,买盘
1277,10:19:34,9.98,--,20,19960,买盘
1278,10:19:25,9.98,--,5,4990,买盘
1279,10:19:10,9.98,0.01,20,19960,买盘
1280,10:19:04,9.97,--,10,9970,卖盘
1281,10:18:49,9.97,--,24,23928,卖盘
1282,10:18:45,9.97,-0.01,2,1994,卖盘
1283,10:18:40,9.98,--,30,29940,买盘
1284,10:18:30,9.98,0.01,50,49900,买盘
1285,10:18:25,9.97,--,38,37886,卖盘
1286,10:18:10,9.97,--,45,44865,卖盘
1287,10:18:00,9.97,-0.01,138,137586,卖盘
1288,10:17:55,9.98,--,830,828340,买盘
1289,10:17:49,9.98,0.01,3,2994,买盘
1290,10:17:45,9.97,-0.01,26,25922,卖盘
1291,10:17:34,9.98,--,71,70858,买盘
1292,10:17:25,9.98,--,731,729538,买盘
1293,10:17:19,9.98,--,3,2994,买盘
1294,10:17:10,9.98,--,2,1996,买盘
1295,10:17:04,9.98,--,13,12974,买盘
1296,10:16:55,9.98,--,4,3992,买盘
1297,10:16:49,9.98,--,46,45908,买盘
1298,10:16:40,9.98,0.01,11,10978,买盘
1299,10:16:30,9.97,-0.01,29,28913,卖盘
1300,10:16:25,9.98,0.01,39,38922,买盘
1301,10:16:19,9.97,-0.01,36,35892,卖盘
1302,10:16:10,9.98,--,11,10978,买盘
1303,10:16:04,9.98,--,119,118762,买盘
1304,10:16:00,9.98,0.01,19,18962,买盘
1305,10:15:49,9.97,-0.01,37,36889,卖盘
1306,10:15:45,9.98,--,64,63872,买盘
1307,10:15:34,9.98,--,49,48902,买盘
1308,10:15:30,9.98,--,669,667662,买盘
1309,10:15:19,9.98,--,71,70858,买盘
1310,10:15:15,9.98,--,46,45908,买盘
1311,10:15:09,9.98,--,28,27944,买盘
1312,10:15:04,9.98,0.01,36,35928,买盘
1313,10:14:49,9.97,-0.01,26,25922,卖盘
1314,10:14:24,9.98,0.01,5,4990,买盘
1315,10:13:49,9.97,--,26,25922,卖盘
1316,10:13:43,9.97,--,432,430704,卖盘
1317,10:13:39,9.97,-0.01,2,1994,卖盘
1318,10:13:19,9.98,0.01,20,19960,买盘
1319,10:13:13,9.97,--,501,499497,卖盘
1320,10:13:04,9.97,--,10,9970,卖盘
1321,10:12:49,9.97,--,26,25922,卖盘
1322,10:12:39,9.97,--,3,2991,卖盘
1323,10:12:34,9.97,-0.01,491,489527,卖盘
1324,10:12:24,9.98,--,8,7984,买盘
1325,10:12:19,9.98,--,5,4990,买盘
1326,10:12:04,9.98,0.01,43,42914,买盘
1327,10:11:49,9.97,-0.01,26,25922,卖盘
1328,10:11:43,9.98,--,12,11976,买盘
1329,10:11:34,9.98,--,20,19960,买盘
1330,10:11:19,9.98,--,31,30938,买盘
1331,10:11:13,9.98,--,28,27944,买盘
1332,10:11:04,9.98,--,14,13972,买盘
1333,10:10:49,9.98,0.01,342,341316,买盘
1334,10:10:34,9.97,-0.01,81,81355,卖盘
1335,10:10:28,9.98,--,28,27944,买盘
1336,10:10:19,9.98,--,10,9980,买盘
1337,10:10:04,9.98,0.02,98,97804,买盘
1338,10:09:58,9.96,-0.01,4,3984,卖盘
1339,10:09:54,9.97,0.01,16,15952,买盘
1340,10:09:49,9.96,-0.01,26,25896,卖盘
1341,10:09:34,9.97,--,20,19940,买盘
1342,10:09:28,9.97,--,8,7976,买盘
1343,10:09:24,9.97,0.01,115,114655,买盘
1344,10:08:54,9.96,--,100,99600,卖盘
1345,10:08:48,9.96,--,27,26892,卖盘
1346,10:08:33,9.96,--,20,20288,卖盘
1347,10:08:28,9.96,-0.01,81,80676,卖盘
1348,10:08:13,9.97,--,32,31904,买盘
1349,10:08:09,9.97,--,56,55832,买盘
1350,10:08:03,9.97,0.01,28,27916,买盘
1351,10:07:48,9.96,-0.01,26,25896,卖盘
1352,10:07:39,9.97,--,36,35892,买盘
1353,10:07:33,9.97,0.01,20,19940,买盘
1354,10:07:28,9.96,-0.01,33,32868,卖盘
1355,10:07:24,9.97,--,1,997,买盘
1356,10:07:18,9.97,--,28,27916,买盘
1357,10:07:13,9.97,0.01,10,9970,买盘
1358,10:07:07,9.96,-0.01,2,1992,卖盘
1359,10:07:03,9.97,--,13,12961,买盘
1360,10:06:52,9.97,0.01,7,6979,买盘
1361,10:06:48,9.96,-0.01,246,245016,卖盘
1362,10:06:43,9.97,0.01,100,99700,买盘
1363,10:06:28,9.96,-0.01,9,8964,卖盘
1364,10:06:22,9.97,--,32,31904,买盘
1365,10:06:18,9.97,--,40,39880,买盘
1366,10:06:13,9.97,0.01,20,19940,买盘
1367,10:06:07,9.96,-0.01,23,22908,卖盘
1368,10:05:52,9.97,0.01,50,49850,买盘
1369,10:05:48,9.96,--,26,25896,卖盘
1370,10:05:37,9.96,--,246,245016,卖盘
1371,10:04:48,9.96,--,26,25896,卖盘
1372,10:04:33,9.96,--,25,24900,卖盘
1373,10:04:28,9.96,--,0,0,卖盘
1374,10:04:22,9.96,-0.02,102,101592,卖盘
1375,10:04:07,9.98,0.01,115,115059,买盘
1376,10:03:58,9.97,-0.01,195,194415,卖盘
1377,10:03:48,9.98,0.01,36,35928,买盘
1378,10:03:43,9.97,--,52,51844,卖盘
1379,10:03:07,9.97,--,20,19940,卖盘
1380,10:02:58,9.97,--,4,3988,卖盘
1381,10:02:48,9.97,--,27,26919,卖盘
1382,10:02:43,9.97,--,15,14955,卖盘
1383,10:02:33,9.97,-0.01,40,39880,卖盘
1384,10:02:18,9.98,--,58,57884,买盘
1385,10:02:02,9.98,--,31,31556,卖盘
1386,10:01:52,9.98,--,20,19960,卖盘
1387,10:01:48,9.98,--,66,65868,卖盘
1388,10:01:18,9.98,-0.01,20,19960,卖盘
1389,10:01:07,9.99,0.01,1,999,买盘
1390,10:01:02,9.98,-0.01,18,17964,卖盘
1391,10:00:48,9.99,--,253,252747,买盘
1392,10:00:27,9.99,0.01,10,9990,买盘
1393,10:00:22,9.98,-0.01,25,24950,卖盘
1394,10:00:07,9.99,0.01,1,999,买盘
1395,09:59:57,9.98,-0.01,1,998,卖盘
1396,09:59:52,9.99,--,2,1998,买盘
1397,09:59:48,9.99,--,235,234765,卖盘
1398,09:59:42,9.99,--,3,2997,卖盘
1399,09:59:37,9.99,--,500,499500,卖盘
1400,09:59:31,9.99,--,40,39960,卖盘
1401,09:59:22,9.99,--,957,957022,买盘
1402,09:59:01,9.99,0.01,81,80919,买盘
1403,09:58:52,9.98,--,4,3992,卖盘
1404,09:58:46,9.98,--,26,25948,卖盘
1405,09:58:37,9.98,-0.01,10,9980,卖盘
1406,09:58:27,9.99,0.01,20,19980,买盘
1407,09:58:22,9.98,--,30,29940,卖盘
1408,09:58:16,9.98,--,200,199600,卖盘
1409,09:58:07,9.98,--,1,1397,卖盘
1410,09:58:01,9.98,-0.01,50,49900,卖盘
1411,09:57:52,9.99,0.01,15,14985,买盘
1412,09:57:46,9.98,-0.01,26,25948,卖盘
1413,09:57:42,9.99,--,10,9990,买盘
1414,09:57:37,9.99,0.01,10,9990,买盘
1415,09:57:07,9.98,--,42,41916,买盘
1416,09:57:01,9.98,0.01,8,7984,卖盘
1417,09:56:46,9.97,-0.01,26,25922,卖盘
1418,09:56:41,9.98,0.01,5,4990,买盘
1419,09:56:37,9.97,-0.02,96,95712,卖盘
1420,09:56:31,9.99,--,682,681318,买盘
1421,09:56:16,9.99,--,0,0,买盘
1422,09:56:12,9.99,0.01,407,406593,买盘
1423,09:56:01,9.98,0.01,16,15968,买盘
1424,09:55:56,9.97,--,204,204095,卖盘
1425,09:55:46,9.97,--,33,32901,卖盘
1426,09:55:41,9.97,-0.01,31,30907,卖盘
1427,09:55:31,9.98,--,22,21956,买盘
1428,09:55:26,9.98,--,42,41916,买盘
1429,09:55:06,9.98,--,200,199600,买盘
1430,09:55:01,9.98,0.01,160,159680,买盘
1431,09:54:46,9.97,-0.01,90,89730,卖盘
1432,09:54:11,9.98,--,30,29940,买盘
1433,09:54:06,9.98,--,9,8982,买盘
1434,09:54:01,9.98,--,50,49900,买盘
1435,09:53:51,9.98,--,36,35928,买盘
1436,09:53:46,9.98,--,47,46906,买盘
1437,09:53:41,9.98,--,18,17964,买盘
1438,09:53:31,9.98,--,101,100798,买盘
1439,09:53:26,9.98,--,18,17964,买盘
1440,09:53:11,9.98,0.01,37,36926,买盘
1441,09:53:06,9.97,-0.01,21,20937,卖盘
1442,09:53:01,9.98,0.01,10,9980,买盘
1443,09:52:56,9.97,--,110,109670,卖盘
1444,09:52:46,9.97,--,26,25922,卖盘
1445,09:52:26,9.97,--,98,97706,卖盘
1446,09:51:46,9.97,-0.01,27,26919,卖盘
1447,09:51:40,9.98,--,333,332334,买盘
1448,09:51:16,9.98,--,73,72854,买盘
1449,09:51:10,9.98,--,25,24950,买盘
1450,09:51:01,9.98,--,5,4990,买盘
1451,09:50:51,9.98,--,198,197604,卖盘
1452,09:50:46,9.98,-0.01,26,25948,卖盘
1453,09:50:31,9.99,0.01,28,27972,买盘
1454,09:50:25,9.98,-0.01,10,9980,卖盘
1455,09:50:21,9.99,--,1,999,买盘
1456,09:50:16,9.99,--,0,0,买盘
1457,09:50:10,9.99,0.01,56,55944,买盘
1458,09:50:06,9.98,-0.01,61,60878,卖盘
1459,09:49:55,9.99,0.01,195,194805,买盘
1460,09:49:46,9.98,-0.01,36,35928,卖盘
1461,09:49:40,9.99,--,20,19980,买盘
1462,09:49:36,9.99,--,40,39979,卖盘
1463,09:49:31,9.99,--,20,19980,卖盘
1464,09:49:25,9.99,0.03,824,824155,买盘
1465,09:49:20,9.96,--,0,0,卖盘
1466,09:49:10,9.96,--,0,0,卖盘
1467,09:49:05,9.96,--,700,697200,卖盘
1468,09:48:50,9.96,--,26,25896,卖盘
1469,09:48:46,9.96,--,101,100596,卖盘
1470,09:48:40,9.96,-0.02,388,387005,卖盘
1471,09:48:35,9.98,0.02,600,598800,买盘
1472,09:48:20,9.96,--,0,796,卖盘
1473,09:48:10,9.96,-0.02,1,996,卖盘
1474,09:48:05,9.98,-0.01,20,19960,买盘
1475,09:48:00,9.99,--,0,0,买盘
1476,09:47:55,9.99,--,38,37962,买盘
1477,09:47:50,9.99,--,8,7992,买盘
1478,09:47:40,9.99,0.03,2046,2043954,买盘
1479,09:47:30,9.96,0.01,96,95616,买盘
1480,09:47:20,9.95,--,1,994,卖盘
1481,09:47:05,9.95,--,166,165697,买盘
1482,09:47:00,9.95,--,86,85570,买盘
1483,09:46:55,9.95,--,36,35820,买盘
1484,09:46:45,9.95,--,200,199000,买盘
1485,09:46:40,9.95,--,30,29849,买盘
1486,09:46:30,9.95,0.01,5,4975,买盘
1487,09:46:25,9.94,-0.01,1,994,卖盘
1488,09:46:10,9.95,--,10,9950,买盘
1489,09:46:05,9.95,0.01,29,28854,买盘
1490,09:45:40,9.94,--,10,9940,卖盘
1491,09:45:35,9.94,-0.01,3,2982,卖盘
1492,09:45:25,9.95,--,57,56714,买盘
1493,09:45:20,9.95,0.01,86,85570,买盘
1494,09:44:55,9.94,--,75,74550,卖盘
1495,09:44:40,9.94,--,1,994,卖盘
1496,09:44:30,9.94,-0.01,1,994,卖盘
1497,09:44:19,9.95,--,90,89550,买盘
1498,09:44:15,9.95,--,1,994,买盘
1499,09:44:10,9.95,--,5,4975,买盘
1500,09:44:04,9.95,--,44,43780,买盘
1501,09:43:55,9.95,-0.01,152,151707,卖盘
1502,09:43:30,9.96,0.01,10,9960,买盘
1503,09:43:25,9.95,--,0,0,卖盘
1504,09:43:10,9.95,-0.02,20,19900,卖盘
1505,09:43:00,9.97,0.02,1449,1444653,买盘
1506,09:42:45,9.95,--,1,994,卖盘
1507,09:42:19,9.95,--,24,23880,卖盘
1508,09:42:04,9.95,0.01,257,256242,买盘
1509,09:41:59,9.94,-0.01,4,3976,卖盘
1510,09:41:49,9.95,0.01,116,115419,买盘
1511,09:41:44,9.94,-0.01,91,90454,卖盘
1512,09:41:34,9.95,--,80,79600,买盘
1513,09:41:14,9.95,--,10,9950,买盘
1514,09:41:09,9.95,-0.01,144,143280,卖盘
1515,09:41:04,9.96,0.01,10,9960,买盘
1516,09:40:44,9.95,--,151,150245,卖盘
1517,09:40:34,9.95,--,41,40795,卖盘
1518,09:40:24,9.95,--,47,46765,卖盘
1519,09:40:14,9.95,--,72,71640,卖盘
1520,09:40:09,9.95,--,40,39800,卖盘
1521,09:39:59,9.95,--,1,994,卖盘
1522,09:39:49,9.95,--,1,994,卖盘
1523,09:39:44,9.95,--,40,39800,卖盘
1524,09:39:34,9.95,-0.01,1,994,卖盘
1525,09:39:24,9.96,--,57,56772,买盘
1526,09:39:19,9.96,0.01,47,46812,买盘
1527,09:39:14,9.95,-0.01,37,36815,卖盘
1528,09:39:09,9.96,--,10,9960,买盘
1529,09:39:04,9.96,0.01,200,199200,买盘
1530,09:38:54,9.95,-0.01,38,37810,卖盘
1531,09:38:49,9.96,--,9,8964,买盘
1532,09:38:44,9.96,0.01,23,22908,买盘
1533,09:38:39,9.95,-0.01,10,9950,买盘
1534,09:38:34,9.96,0.01,193,192228,买盘
1535,09:38:24,9.95,--,37,36815,卖盘
1536,09:38:14,9.95,0.01,45,44775,买盘
1537,09:38:09,9.94,-0.01,2,1988,卖盘
1538,09:38:04,9.95,--,10,9950,买盘
1539,09:37:59,9.95,-0.01,20,19900,卖盘
1540,09:37:49,9.96,0.01,38,37848,买盘
1541,09:37:44,9.95,-0.01,6,5970,卖盘
1542,09:37:34,9.96,--,19,18924,买盘
1543,09:37:29,9.96,0.02,220,219120,买盘
1544,09:37:19,9.94,--,2,1988,卖盘
1545,09:37:09,9.94,--,37,36778,卖盘
1546,09:37:04,9.94,--,0,0,卖盘
1547,09:36:49,9.94,-0.02,42,41748,卖盘
1548,09:36:34,9.96,--,25,24900,买盘
1549,09:36:28,9.96,0.02,232,231072,买盘
1550,09:36:13,9.94,-0.02,136,135184,卖盘
1551,09:36:09,9.96,--,93,92628,买盘
1552,09:36:04,9.96,--,254,252984,买盘
1553,09:35:58,9.96,--,220,219120,买盘
1554,09:35:54,9.96,0.02,75,74700,买盘
1555,09:35:49,9.94,-0.01,37,36778,卖盘
1556,09:35:43,9.95,--,37,36815,买盘
1557,09:35:39,9.95,0.01,63,62684,买盘
1558,09:35:34,9.94,-0.01,4,3976,卖盘
1559,09:35:24,9.95,--,1,994,买盘
1560,09:35:19,9.95,0.01,28,27859,买盘
1561,09:35:13,9.94,--,37,36778,卖盘
1562,09:34:58,9.94,--,1,994,卖盘
1563,09:34:53,9.94,--,0,0,卖盘
1564,09:34:48,9.94,-0.02,37,36778,卖盘
1565,09:34:43,9.96,--,0,0,买盘
1566,09:34:38,9.96,--,100,99600,买盘
1567,09:34:33,9.96,--,0,0,买盘
1568,09:34:23,9.96,--,210,209160,买盘
1569,09:34:18,9.96,--,177,176292,买盘
1570,09:34:13,9.96,--,98,97608,买盘
1571,09:34:03,9.96,--,20,19920,买盘
1572,09:33:58,9.96,--,46,45816,买盘
1573,09:33:53,9.96,--,9,8964,买盘
1574,09:33:48,9.96,--,20,19920,买盘
1575,09:33:43,9.96,0.02,60,59760,买盘
1576,09:33:38,9.94,0.01,71,71538,买盘
1577,09:33:33,9.93,-0.03,81,80433,卖盘
1578,09:33:28,9.96,--,143,142428,买盘
1579,09:33:18,9.96,--,8,7968,买盘
1580,09:33:13,9.96,--,132,131472,买盘
1581,09:33:08,9.96,0.02,91,90636,买盘
1582,09:33:03,9.94,-0.01,13,12922,卖盘
1583,09:32:58,9.95,--,163,162393,买盘
1584,09:32:53,9.95,--,110,109449,买盘
1585,09:32:48,9.95,--,95,94525,买盘
1586,09:32:43,9.95,0.02,22,21890,买盘
1587,09:32:38,9.93,--,266,264138,买盘
1588,09:32:33,9.93,0.01,16,15888,买盘
1589,09:32:28,9.92,-0.01,76,75392,卖盘
1590,09:32:23,9.93,--,51,50643,买盘
1591,09:32:18,9.93,--,23,22839,买盘
1592,09:32:13,9.93,--,42,41706,买盘
1593,09:32:03,9.93,-0.01,279,277047,卖盘
1594,09:31:58,9.94,--,4,3976,买盘
1595,09:31:53,9.94,--,100,99400,买盘
1596,09:31:33,9.94,-0.01,62,61628,卖盘
1597,09:31:28,9.95,--,20,19900,买盘
1598,09:31:23,9.95,-0.01,30,29849,买盘
1599,09:31:18,9.96,--,0,0,买盘
1600,09:31:12,9.96,--,20,19920,买盘
1601,09:31:08,9.96,--,83,82668,买盘
1602,09:30:53,9.96,--,4,3984,买盘
1603,09:30:43,9.96,--,42,41832,买盘
1604,09:30:38,9.96,--,49,48804,买盘
1605,09:30:18,9.96,0.01,20,19920,买盘
1606,09:30:12,9.95,--,10,9950,买盘
1607,09:30:08,9.95,--,252,250739,卖盘
1608,09:30:03,9.95,--,5,4975,卖盘
1609,09:28:57,9.95,--,0,0,卖盘
1610,09:25:06,9.95,9.95,159,158205,买盘
