,time,price,change,volume,amount,type
0,15:00:00,3.09,--,0,0,卖盘
1,15:00:00,3.09,-0.01,1,309,卖盘
2,14:59:58,3.1,--,15,4650,买盘
3,14:59:54,3.1,--,183,56730,买盘
4,14:59:43,3.1,--,265,82150,买盘
5,14:59:39,3.1,0.01,211,65410,买盘
6,14:59:33,3.09,--,10,3090,卖盘
7,14:59:28,3.09,-0.01,783,241947,卖盘
8,14:59:24,3.1,--,1838,569882,买盘
9,14:59:18,3.1,--,27,8370,买盘
10,14:59:13,3.1,--,1040,322400,买盘
11,14:59:09,3.1,0.01,547,169570,买盘
12,14:59:03,3.09,-0.01,106,32754,卖盘
13,14:58:58,3.1,0.01,169,52390,买盘
14,14:58:54,3.09,-0.01,217,67053,卖盘
15,14:58:48,3.1,--,300,93000,买盘
16,14:58:39,3.1,--,112,34720,买盘
17,14:58:33,3.1,--,17,5270,买盘
18,14:58:28,3.1,--,2,620,买盘
19,14:58:24,3.1,--,269,83390,买盘
20,14:58:18,3.1,--,17,5270,买盘
21,14:58:13,3.1,--,17,5270,买盘
22,14:58:08,3.1,--,109,33790,买盘
23,14:58:03,3.1,--,45,13950,买盘
24,14:57:58,3.1,--,53,16430,买盘
25,14:57:53,3.1,0.01,154,47740,买盘
26,14:57:48,3.09,-0.01,534,165006,卖盘
27,14:57:43,3.1,--,123,38130,买盘
28,14:57:39,3.1,--,317,98270,买盘
29,14:57:28,3.1,--,62,19220,买盘
30,14:57:23,3.1,--,17,5270,买盘
31,14:57:18,3.1,--,39,12090,买盘
32,14:57:13,3.1,--,32,9920,买盘
33,14:57:08,3.1,--,57,17670,买盘
34,14:57:03,3.1,--,63,19530,买盘
35,14:56:53,3.1,--,317,98270,买盘
36,14:56:48,3.1,--,27,8370,买盘
37,14:56:43,3.1,--,71,22010,买盘
38,14:56:38,3.1,--,62,19220,买盘
39,14:56:33,3.1,--,208,64480,买盘
40,14:56:28,3.1,--,373,115630,买盘
41,14:56:23,3.1,--,29,8990,买盘
42,14:56:18,3.1,--,37,11470,买盘
43,14:56:13,3.1,--,53,16430,买盘
44,14:56:08,3.1,--,395,122450,买盘
45,14:56:03,3.1,--,179,55490,买盘
46,14:55:58,3.1,--,99,30690,买盘
47,14:55:53,3.1,--,183,56730,买盘
48,14:55:48,3.1,--,378,117180,买盘
49,14:55:43,3.1,--,17,5270,买盘
50,14:55:38,3.1,--,883,273730,买盘
51,14:55:33,3.1,--,1,310,买盘
52,14:55:28,3.1,--,311,96410,买盘
53,14:55:23,3.1,0.01,518,160580,买盘
54,14:55:18,3.09,-0.01,27,8343,卖盘
55,14:55:13,3.1,--,202,62620,买盘
56,14:55:08,3.1,--,418,129580,买盘
57,14:55:03,3.1,--,18,5580,买盘
58,14:54:58,3.1,--,168,52080,买盘
59,14:54:53,3.1,--,124,38440,买盘
60,14:54:48,3.1,0.01,650,201500,买盘
61,14:54:43,3.09,-0.01,103,31996,卖盘
62,14:54:37,3.1,--,607,188170,买盘
63,14:54:33,3.1,--,320,99200,买盘
64,14:54:27,3.1,--,17,5270,买盘
65,14:54:23,3.1,--,3,930,买盘
66,14:54:18,3.1,--,11,3410,买盘
67,14:54:12,3.1,--,31,9610,买盘
68,14:54:07,3.1,--,321,99510,买盘
69,14:54:03,3.1,--,63,19530,买盘
70,14:53:57,3.1,--,17,5270,买盘
71,14:53:52,3.1,--,21,6510,买盘
72,14:53:48,3.1,0.01,575,178250,买盘
73,14:53:42,3.09,-0.01,5,1545,卖盘
74,14:53:37,3.1,--,144,44640,买盘
75,14:53:33,3.1,--,339,105090,买盘
76,14:53:27,3.1,--,17,5270,买盘
77,14:53:22,3.1,--,18,5580,买盘
78,14:53:18,3.1,--,24,7440,买盘
79,14:53:07,3.1,--,759,235290,买盘
80,14:53:03,3.1,--,432,133920,买盘
81,14:52:57,3.1,--,29,8990,买盘
82,14:52:52,3.1,--,1250,387500,买盘
83,14:52:48,3.1,0.01,349,108190,买盘
84,14:52:42,3.09,-0.01,101,31209,卖盘
85,14:52:37,3.1,--,133,41230,买盘
86,14:52:33,3.1,--,418,129580,买盘
87,14:52:27,3.1,--,23,7130,买盘
88,14:52:22,3.1,--,19,5890,买盘
89,14:52:18,3.1,--,94,29140,买盘
90,14:52:12,3.1,--,17,5270,买盘
91,14:52:07,3.1,0.01,360,111600,买盘
92,14:52:03,3.09,-0.01,1455,449595,卖盘
93,14:51:57,3.1,0.01,6,1860,买盘
94,14:51:52,3.09,--,68,21012,卖盘
95,14:51:47,3.09,-0.01,13,4017,卖盘
96,14:51:37,3.1,--,47,14570,买盘
97,14:51:33,3.1,--,297,92070,买盘
98,14:51:27,3.1,--,1,310,买盘
99,14:51:22,3.1,--,17,5270,买盘
100,14:51:17,3.1,0.01,23,7130,买盘
101,14:51:07,3.09,-0.01,28,8652,卖盘
102,14:51:02,3.1,--,117,36270,买盘
103,14:50:57,3.1,--,17,5270,买盘
104,14:50:52,3.1,--,70,21700,买盘
105,14:50:47,3.1,--,171,53010,买盘
106,14:50:42,3.1,--,218,67580,买盘
107,14:50:37,3.1,0.01,50,15500,买盘
108,14:50:32,3.09,-0.01,183,56547,卖盘
109,14:50:27,3.1,--,22,6820,买盘
110,14:50:22,3.1,--,24,7440,买盘
111,14:50:17,3.1,--,734,227540,买盘
112,14:50:12,3.1,--,189,58590,买盘
113,14:50:07,3.1,--,17,5270,买盘
114,14:50:02,3.1,--,120,37200,买盘
115,14:49:52,3.1,--,120,37200,买盘
116,14:49:47,3.1,--,24,7440,买盘
117,14:49:37,3.1,0.01,50,15500,买盘
118,14:49:32,3.09,-0.01,256,79104,卖盘
119,14:49:27,3.1,--,11,3410,买盘
120,14:49:22,3.1,--,26,8060,买盘
121,14:49:17,3.1,--,243,75330,买盘
122,14:49:12,3.1,--,107,33170,买盘
123,14:49:07,3.1,--,178,55180,买盘
124,14:49:02,3.1,--,140,43400,买盘
125,14:48:57,3.1,--,77,23870,买盘
126,14:48:52,3.1,--,202,62620,买盘
127,14:48:47,3.1,0.01,342,106020,买盘
128,14:48:42,3.09,-0.01,579,178911,卖盘
129,14:48:37,3.1,--,875,271250,买盘
130,14:48:32,3.1,--,381,118110,买盘
131,14:48:27,3.1,--,645,199950,买盘
132,14:48:22,3.1,--,801,248310,买盘
133,14:48:17,3.1,--,146,45260,买盘
134,14:48:12,3.1,--,944,292640,买盘
135,14:48:07,3.1,--,4920,1525200,买盘
136,14:48:02,3.1,--,2013,624030,买盘
137,14:47:57,3.1,--,308,95480,买盘
138,14:47:51,3.1,--,10154,3147740,买盘
139,14:47:47,3.1,--,309,95790,买盘
140,14:47:42,3.1,--,10105,3132550,买盘
141,14:47:32,3.1,--,295,91450,买盘
142,14:47:27,3.1,--,1714,531340,买盘
143,14:47:16,3.1,--,10007,3102170,买盘
144,14:47:12,3.1,--,17,5270,买盘
145,14:47:06,3.1,--,100,31000,买盘
146,14:47:02,3.1,--,219,67890,买盘
147,14:46:57,3.1,--,34,10540,买盘
148,14:46:46,3.1,0.01,10008,3102480,买盘
149,14:46:42,3.09,-0.01,200,61800,卖盘
150,14:46:36,3.1,0.01,17,5270,买盘
151,14:46:31,3.09,-0.01,1,309,卖盘
152,14:46:27,3.1,0.01,18,5580,买盘
153,14:46:16,3.09,--,10046,3104214,卖盘
154,14:46:12,3.09,-0.01,4,1236,卖盘
155,14:46:01,3.1,--,10910,3382100,买盘
156,14:45:51,3.1,--,2,620,买盘
157,14:45:46,3.1,--,4,1240,买盘
158,14:45:36,3.1,0.01,1,310,买盘
159,14:45:31,3.09,-0.01,30,9270,卖盘
160,14:45:27,3.1,--,3,930,买盘
161,14:45:16,3.1,0.01,2,620,买盘
162,14:45:12,3.09,-0.01,166,51294,卖盘
163,14:44:57,3.1,--,30,9300,买盘
164,14:44:51,3.1,0.01,1,310,买盘
165,14:44:46,3.09,--,7000,2163000,卖盘
166,14:44:41,3.09,-0.01,29,8961,卖盘
167,14:44:31,3.1,--,4,1240,买盘
168,14:44:26,3.1,--,35,10850,买盘
169,14:44:16,3.1,--,207,64170,买盘
170,14:44:11,3.1,--,270,83700,买盘
171,14:44:06,3.1,0.01,27,8370,买盘
172,14:44:01,3.09,--,1312,405408,卖盘
173,14:43:56,3.09,-0.01,686,211974,卖盘
174,14:43:51,3.1,0.01,224,69440,买盘
175,14:43:41,3.09,--,32,9949,卖盘
176,14:43:36,3.09,-0.01,1381,426729,卖盘
177,14:43:31,3.1,--,37,11470,买盘
178,14:43:26,3.1,--,1,310,买盘
179,14:43:21,3.1,0.01,20,6200,买盘
180,14:43:16,3.09,-0.01,37,11433,卖盘
181,14:43:11,3.1,--,51,15810,买盘
182,14:43:06,3.1,--,1144,354640,买盘
183,14:43:01,3.1,0.01,69,21390,买盘
184,14:42:56,3.09,-0.01,401,123909,卖盘
185,14:42:46,3.1,--,1,310,买盘
186,14:42:41,3.1,0.01,42,13020,买盘
187,14:42:36,3.09,-0.01,50,15450,卖盘
188,14:42:31,3.1,--,20,6200,买盘
189,14:42:26,3.1,0.01,49,15190,买盘
190,14:42:16,3.09,-0.01,7,2163,卖盘
191,14:42:11,3.1,--,17,5270,买盘
192,14:42:01,3.1,--,80,24800,买盘
193,14:41:56,3.1,0.01,37,11470,买盘
194,14:41:51,3.09,--,1,309,卖盘
195,14:41:45,3.09,--,429,132561,卖盘
196,14:41:41,3.09,-0.01,47,14523,卖盘
197,14:41:36,3.1,--,21,6510,买盘
198,14:41:30,3.1,0.01,642,199020,买盘
199,14:41:21,3.09,-0.01,44,13596,卖盘
200,14:41:15,3.1,0.01,1,310,买盘
201,14:41:11,3.09,-0.01,201,62109,卖盘
202,14:41:06,3.1,0.01,50,15500,买盘
203,14:40:56,3.09,-0.01,8,2472,卖盘
204,14:40:51,3.1,--,1,310,买盘
205,14:40:45,3.1,0.01,17,5270,买盘
206,14:40:41,3.09,-0.01,1026,317034,卖盘
207,14:40:36,3.1,--,65,20150,买盘
208,14:40:30,3.1,--,17,5270,买盘
209,14:40:26,3.1,0.01,22,6820,买盘
210,14:40:21,3.09,--,165,50985,卖盘
211,14:40:15,3.09,-0.01,15,4635,卖盘
212,14:40:11,3.1,0.01,95,29450,买盘
213,14:40:06,3.09,--,39,12051,卖盘
214,14:40:00,3.09,-0.01,150,46350,卖盘
215,14:39:55,3.1,0.01,246,76260,买盘
216,14:39:51,3.09,-0.01,55,16995,卖盘
217,14:39:45,3.1,--,1,310,买盘
218,14:39:40,3.1,--,92,28520,买盘
219,14:39:36,3.1,0.01,83,25730,买盘
220,14:39:30,3.09,-0.01,4,1236,卖盘
221,14:39:25,3.1,--,118,36580,买盘
222,14:39:21,3.1,0.01,51,15810,买盘
223,14:39:10,3.09,--,19,5871,卖盘
224,14:39:06,3.09,--,71,21939,卖盘
225,14:39:00,3.09,--,1,309,卖盘
226,14:38:55,3.09,-0.01,11,3399,卖盘
227,14:38:51,3.1,--,17,5270,买盘
228,14:38:45,3.1,0.01,300,93000,买盘
229,14:38:40,3.09,--,74,22866,卖盘
230,14:38:36,3.09,--,39,12051,卖盘
231,14:38:20,3.09,-0.01,56,17304,卖盘
232,14:38:10,3.1,--,18,5580,买盘
233,14:38:00,3.1,--,47,14570,买盘
234,14:37:55,3.1,--,169,52638,买盘
235,14:37:45,3.1,0.01,17,5270,买盘
236,14:37:40,3.09,-0.01,42,12978,卖盘
237,14:37:35,3.1,--,40,12400,买盘
238,14:37:30,3.1,0.01,1,310,买盘
239,14:37:25,3.09,--,43,13287,卖盘
240,14:37:20,3.09,-0.01,8,2472,卖盘
241,14:37:15,3.1,0.01,17,5270,买盘
242,14:37:10,3.09,--,170,52740,卖盘
243,14:37:00,3.09,--,1,309,卖盘
244,14:36:55,3.09,-0.01,152,47221,卖盘
245,14:36:50,3.1,0.01,47,14570,买盘
246,14:36:40,3.09,--,47,14523,卖盘
247,14:36:35,3.09,-0.01,244,75396,卖盘
248,14:36:20,3.1,0.01,34,10540,买盘
249,14:36:05,3.09,-0.01,1,309,卖盘
250,14:36:00,3.1,0.01,17,5270,买盘
251,14:35:55,3.09,--,19,5871,卖盘
252,14:35:50,3.09,-0.01,71,21939,卖盘
253,14:35:45,3.1,0.01,17,5270,买盘
254,14:35:40,3.09,-0.01,33,10197,卖盘
255,14:35:35,3.1,--,56,17360,买盘
256,14:35:25,3.1,0.01,88,27280,买盘
257,14:35:20,3.09,-0.01,10,3090,卖盘
258,14:35:15,3.1,--,1,310,买盘
259,14:35:10,3.1,--,525,162750,买盘
260,14:35:05,3.1,0.01,12,3720,买盘
261,14:34:55,3.09,-0.01,20,6180,卖盘
262,14:34:50,3.1,--,17,5270,买盘
263,14:34:45,3.1,0.01,1,310,买盘
264,14:34:40,3.09,--,26,8034,卖盘
265,14:34:35,3.09,-0.01,33,10197,卖盘
266,14:34:30,3.1,--,18,5580,买盘
267,14:34:24,3.1,--,30,9300,买盘
268,14:34:20,3.1,--,22,6820,买盘
269,14:34:15,3.1,0.01,10,3100,买盘
270,14:34:09,3.09,--,1,309,卖盘
271,14:34:05,3.09,-0.01,1914,591527,卖盘
272,14:33:59,3.1,0.01,150,46500,买盘
273,14:33:50,3.09,--,1050,324450,卖盘
274,14:33:45,3.09,-0.01,43,13589,卖盘
275,14:33:35,3.1,--,25,7750,买盘
276,14:33:30,3.1,--,72,22320,买盘
277,14:33:15,3.1,--,17,5270,买盘
278,14:33:05,3.1,0.01,19,5890,买盘
279,14:32:59,3.09,--,148,45732,卖盘
280,14:32:54,3.09,-0.01,2,618,卖盘
281,14:32:50,3.1,0.01,2,620,买盘
282,14:32:45,3.09,-0.01,26,8034,卖盘
283,14:32:39,3.1,--,51,15810,买盘
284,14:32:34,3.1,0.01,17,5270,买盘
285,14:32:29,3.09,-0.01,1009,311781,卖盘
286,14:32:19,3.1,--,17,5270,买盘
287,14:32:09,3.1,--,25,7750,买盘
288,14:32:04,3.1,--,18,5580,买盘
289,14:31:59,3.1,--,319,98890,买盘
290,14:31:54,3.1,--,6,1860,买盘
291,14:31:49,3.1,--,17,5270,买盘
292,14:31:45,3.1,--,55,17050,买盘
293,14:31:39,3.1,--,17,5270,买盘
294,14:31:34,3.1,--,17,5270,买盘
295,14:31:29,3.1,0.01,63,19530,买盘
296,14:31:19,3.09,-0.01,4,1236,卖盘
297,14:31:15,3.1,0.01,245,75950,买盘
298,14:30:59,3.09,-0.01,67,20703,卖盘
299,14:30:49,3.1,0.01,34,10540,买盘
300,14:30:44,3.09,--,12,3708,卖盘
301,14:30:38,3.09,-0.01,1,309,卖盘
302,14:30:34,3.1,0.01,31,9610,买盘
303,14:30:29,3.09,-0.01,7,2163,卖盘
304,14:30:24,3.1,--,2,620,买盘
305,14:30:19,3.1,0.01,29,8990,买盘
306,14:30:14,3.09,--,4,1236,卖盘
307,14:30:04,3.09,--,1,309,卖盘
308,14:29:59,3.09,-0.01,331,102279,卖盘
309,14:29:54,3.1,--,28,8680,买盘
310,14:29:44,3.1,--,20,6200,买盘
311,14:29:39,3.1,0.01,23,7130,买盘
312,14:29:34,3.09,--,1,309,卖盘
313,14:29:29,3.09,-0.01,5,1545,卖盘
314,14:29:24,3.1,0.01,31,9610,买盘
315,14:29:19,3.09,-0.01,47,14550,卖盘
316,14:29:14,3.1,--,16,4960,买盘
317,14:29:08,3.1,0.01,23,7130,买盘
318,14:29:04,3.09,-0.01,30,9270,卖盘
319,14:28:59,3.1,--,24,7440,买盘
320,14:28:54,3.1,--,32,9920,买盘
321,14:28:49,3.1,--,8,2480,买盘
322,14:28:44,3.1,--,2,620,买盘
323,14:28:39,3.1,0.01,51,15810,买盘
324,14:28:29,3.09,--,79,24411,卖盘
325,14:28:24,3.09,-0.01,4,1236,卖盘
326,14:28:17,3.1,--,19,5890,买盘
327,14:28:14,3.1,--,109,33790,买盘
328,14:28:08,3.1,--,11,3410,买盘
329,14:28:03,3.1,0.01,5,1550,买盘
330,14:27:59,3.09,-0.01,195,60255,卖盘
331,14:27:53,3.1,0.01,56,17360,买盘
332,14:27:48,3.09,--,3528,1090152,卖盘
333,14:27:44,3.09,-0.01,620,191580,卖盘
334,14:27:38,3.1,--,11,3410,买盘
335,14:27:33,3.1,0.01,169,52390,买盘
336,14:27:29,3.09,-0.01,79,24411,卖盘
337,14:27:23,3.1,0.01,51,15810,买盘
338,14:27:17,3.09,-0.01,91,28119,卖盘
339,14:27:14,3.1,--,133,41230,买盘
340,14:27:09,3.1,--,68,21080,买盘
341,14:27:02,3.1,0.01,4,1240,买盘
342,14:26:59,3.09,-0.01,98,30282,卖盘
343,14:26:54,3.1,--,19,5890,买盘
344,14:26:47,3.1,--,405,125550,买盘
345,14:26:44,3.1,0.01,97,30070,买盘
346,14:26:38,3.09,--,49,15141,卖盘
347,14:26:32,3.09,-0.01,28,8652,卖盘
348,14:26:29,3.1,0.01,27,8370,买盘
349,14:26:23,3.09,-0.01,49,15141,卖盘
350,14:26:14,3.1,--,108,33480,买盘
351,14:26:08,3.1,0.01,28,8680,买盘
352,14:26:03,3.09,-0.01,52,16068,卖盘
353,14:25:59,3.1,0.01,23,7130,买盘
354,14:25:54,3.09,--,81,25029,卖盘
355,14:25:47,3.09,--,232,71688,卖盘
356,14:25:43,3.09,--,147,45423,卖盘
357,14:25:38,3.09,--,98,30282,卖盘
358,14:25:32,3.09,-0.01,42,12978,卖盘
359,14:25:28,3.1,--,57,17670,买盘
360,14:25:23,3.1,--,27,8370,买盘
361,14:25:18,3.1,--,73,22630,买盘
362,14:25:13,3.1,0.01,11,3410,买盘
363,14:25:08,3.09,-0.01,91,28119,卖盘
364,14:24:58,3.1,--,74,22940,买盘
365,14:24:53,3.1,--,30,9300,买盘
366,14:24:48,3.1,--,2,620,买盘
367,14:24:43,3.1,--,72,22320,买盘
368,14:24:38,3.1,--,82,25420,买盘
369,14:24:32,3.1,--,2007,622232,买盘
370,14:24:28,3.1,0.01,19,5890,买盘
371,14:24:23,3.09,-0.01,80,24720,卖盘
372,14:24:17,3.1,--,18,5580,买盘
373,14:24:13,3.1,--,9,2790,买盘
374,14:24:08,3.1,--,33,10230,买盘
375,14:24:02,3.1,--,457,141670,买盘
376,14:23:58,3.1,--,4029,1248990,买盘
377,14:23:53,3.1,0.01,34,10540,买盘
378,14:23:47,3.09,-0.01,4,1236,卖盘
379,14:23:43,3.1,--,10,3100,买盘
380,14:23:38,3.1,--,41,12710,买盘
381,14:23:32,3.1,--,1,310,买盘
382,14:23:28,3.1,--,10,3100,买盘
383,14:23:23,3.1,--,23,7130,买盘
384,14:23:17,3.1,--,10,3100,买盘
385,14:23:13,3.1,--,41,12710,买盘
386,14:23:08,3.1,--,23,7130,买盘
387,14:22:58,3.1,--,39,12090,买盘
388,14:22:53,3.1,0.01,17,5270,买盘
389,14:22:47,3.09,-0.01,2,618,卖盘
390,14:22:43,3.1,--,11,3410,买盘
391,14:22:38,3.1,0.01,23,7130,买盘
392,14:22:32,3.09,-0.01,11,3399,卖盘
393,14:22:28,3.1,--,323,100130,买盘
394,14:22:23,3.1,--,83,25730,买盘
395,14:22:17,3.1,--,1,310,买盘
396,14:22:13,3.1,--,97,30070,买盘
397,14:22:08,3.1,--,42,13020,买盘
398,14:21:58,3.1,--,23,7130,买盘
399,14:21:53,3.1,--,22,6820,买盘
400,14:21:47,3.1,--,32,9920,买盘
401,14:21:41,3.1,0.01,23,7130,买盘
402,14:21:38,3.09,-0.01,15,4635,卖盘
403,14:21:32,3.1,--,133,41230,买盘
404,14:21:26,3.1,--,27,8370,买盘
405,14:21:23,3.1,--,1,310,买盘
406,14:21:17,3.1,--,72,22320,买盘
407,14:21:08,3.1,--,347,107570,买盘
408,14:21:02,3.1,--,52,16120,买盘
409,14:20:56,3.1,--,14,4340,买盘
410,14:20:47,3.1,--,237,73470,买盘
411,14:20:41,3.1,--,25,7750,买盘
412,14:20:32,3.1,--,33,10230,买盘
413,14:20:26,3.1,--,109,33790,买盘
414,14:20:23,3.1,--,19,5890,买盘
415,14:20:17,3.1,--,35,10850,买盘
416,14:20:11,3.1,--,15,4650,买盘
417,14:20:08,3.1,--,1,310,买盘
418,14:20:02,3.1,--,43,13330,买盘
419,14:19:56,3.1,--,10,3100,买盘
420,14:19:53,3.1,--,11,3410,买盘
421,14:19:47,3.1,--,25,7750,买盘
422,14:19:38,3.1,--,162,50220,买盘
423,14:19:32,3.1,--,1,310,买盘
424,14:19:26,3.1,--,1,310,买盘
425,14:19:23,3.1,--,36,11160,买盘
426,14:19:17,3.1,--,22,6820,买盘
427,14:19:11,3.1,--,27,8370,买盘
428,14:19:07,3.1,--,33,10230,买盘
429,14:19:02,3.1,--,132,40920,买盘
430,14:18:56,3.1,--,305,94550,买盘
431,14:18:53,3.1,0.01,23,7130,买盘
432,14:18:47,3.09,-0.01,42,12978,卖盘
433,14:18:37,3.1,--,29,8990,买盘
434,14:18:32,3.1,--,27,8370,买盘
435,14:18:22,3.1,--,98,30380,买盘
436,14:18:17,3.1,--,9,2790,买盘
437,14:18:11,3.1,--,19,5890,买盘
438,14:18:07,3.1,--,23,7130,买盘
439,14:18:02,3.1,--,10,3100,买盘
440,14:17:52,3.1,0.01,40,12400,买盘
441,14:17:47,3.09,-0.01,50,15450,卖盘
442,14:17:41,3.1,--,3,930,买盘
443,14:17:37,3.1,0.01,33,10230,买盘
444,14:17:32,3.09,-0.01,991,306219,卖盘
445,14:17:22,3.1,--,23,7130,买盘
446,14:17:17,3.1,--,10,3100,买盘
447,14:17:07,3.1,0.01,50,15500,买盘
448,14:17:02,3.09,-0.01,1,309,卖盘
449,14:16:52,3.1,0.01,32,9920,买盘
450,14:16:47,3.09,-0.01,49,15141,卖盘
451,14:16:41,3.1,--,34,10540,买盘
452,14:16:37,3.1,--,202,62620,买盘
453,14:16:32,3.1,--,22,6820,买盘
454,14:16:26,3.1,--,27,8370,买盘
455,14:16:22,3.1,0.01,22,6820,买盘
456,14:16:11,3.09,-0.01,34,10506,卖盘
457,14:16:02,3.1,--,274,84940,买盘
458,14:15:56,3.1,0.01,35,10850,买盘
459,14:15:46,3.09,-0.01,35,10815,卖盘
460,14:15:41,3.1,--,1,310,买盘
461,14:15:37,3.1,0.01,9,2790,买盘
462,14:15:31,3.09,-0.01,13,4017,卖盘
463,14:15:26,3.1,--,9,2790,买盘
464,14:15:22,3.1,--,732,226920,买盘
465,14:15:16,3.1,--,15,4650,买盘
466,14:15:11,3.1,--,12,3720,买盘
467,14:15:05,3.1,0.01,11,3410,买盘
468,14:15:01,3.09,--,1,309,卖盘
469,14:14:56,3.09,-0.01,11,3399,卖盘
470,14:14:50,3.1,0.01,1,310,买盘
471,14:14:46,3.09,-0.01,245,75705,卖盘
472,14:14:41,3.1,--,33,10230,买盘
473,14:14:35,3.1,0.01,89,27590,买盘
474,14:14:26,3.09,-0.01,12,3708,卖盘
475,14:14:20,3.1,--,1,310,买盘
476,14:14:17,3.1,--,8,2480,买盘
477,14:14:01,3.1,--,10,3100,买盘
478,14:13:56,3.1,--,21,6510,买盘
479,14:13:50,3.1,0.01,20,6200,买盘
480,14:13:46,3.09,-0.01,41,12669,卖盘
481,14:13:41,3.1,--,1,310,买盘
482,14:13:35,3.1,--,1,310,买盘
483,14:13:26,3.1,0.01,69,21390,买盘
484,14:13:11,3.09,-0.01,1,309,卖盘
485,14:13:01,3.1,--,6,1860,买盘
486,14:12:50,3.1,0.01,1,310,买盘
487,14:12:46,3.09,-0.01,32,9888,卖盘
488,14:12:41,3.1,--,131,40610,买盘
489,14:12:31,3.1,--,6,1860,买盘
490,14:12:26,3.1,0.01,207,64170,买盘
491,14:12:20,3.09,--,1,309,卖盘
492,14:12:16,3.09,-0.01,16,4944,卖盘
493,14:12:05,3.1,0.01,1,310,买盘
494,14:12:01,3.09,-0.01,1764,545177,卖盘
495,14:11:50,3.1,0.01,1,310,买盘
496,14:11:46,3.09,--,38,11742,卖盘
497,14:11:41,3.09,--,5802,1792818,卖盘
498,14:11:26,3.09,-0.01,1,309,卖盘
499,14:11:20,3.1,0.01,8,2480,买盘
500,14:11:16,3.09,--,3,927,卖盘
501,14:11:05,3.09,--,2,618,卖盘
502,14:10:56,3.09,-0.01,1,309,卖盘
503,14:10:46,3.1,--,34,10540,买盘
504,14:10:41,3.1,0.01,13,4030,买盘
505,14:10:35,3.09,-0.01,1,309,卖盘
506,14:10:31,3.1,--,9,2790,买盘
507,14:10:26,3.1,0.01,10,3100,买盘
508,14:10:20,3.09,--,1,309,卖盘
509,14:10:11,3.09,--,31,9579,卖盘
510,14:09:50,3.09,--,58,17922,卖盘
511,14:09:46,3.09,-0.01,140,43260,卖盘
512,14:09:41,3.1,0.01,10,3100,买盘
513,14:09:35,3.09,--,9,2781,卖盘
514,14:09:31,3.09,-0.01,160,49440,卖盘
515,14:09:16,3.1,--,11,3410,买盘
516,14:09:05,3.1,0.01,19,5890,买盘
517,14:08:55,3.09,-0.01,43,13287,卖盘
518,14:08:45,3.1,--,11,3410,买盘
519,14:08:40,3.1,--,3,930,买盘
520,14:08:35,3.1,--,1674,518940,买盘
521,14:08:29,3.1,--,59,18290,买盘
522,14:08:25,3.1,0.01,62,19220,买盘
523,14:08:20,3.09,-0.01,3,927,卖盘
524,14:08:14,3.1,--,10,3100,买盘
525,14:08:10,3.1,0.01,156,48360,买盘
526,14:08:05,3.09,-0.01,32,9888,卖盘
527,14:07:59,3.1,0.01,11,3410,买盘
528,14:07:55,3.09,--,31,9579,卖盘
529,14:07:50,3.09,-0.01,13,4017,卖盘
530,14:07:44,3.1,0.01,1,310,买盘
531,14:07:40,3.09,-0.01,2810,868290,卖盘
532,14:07:35,3.1,--,70,21700,买盘
533,14:07:25,3.1,--,1109,343790,买盘
534,14:07:20,3.1,0.01,15,4650,买盘
535,14:07:14,3.09,--,4,1236,卖盘
536,14:07:10,3.09,-0.01,3,927,卖盘
537,14:07:05,3.1,0.01,71,22010,买盘
538,14:06:59,3.09,-0.01,2,618,卖盘
539,14:06:55,3.1,--,48,14880,买盘
540,14:06:50,3.1,--,10,3100,买盘
541,14:06:44,3.1,--,2,620,买盘
542,14:06:40,3.1,--,14,4340,买盘
543,14:06:35,3.1,--,10,3100,买盘
544,14:06:29,3.1,--,2019,625890,买盘
545,14:06:25,3.1,--,89,27590,买盘
546,14:06:20,3.1,--,55,17050,买盘
547,14:06:14,3.1,--,1,310,买盘
548,14:06:10,3.1,0.01,111,34410,买盘
549,14:06:05,3.09,--,14,4326,卖盘
550,14:05:59,3.09,-0.01,12,3708,卖盘
551,14:05:55,3.1,--,101,31310,买盘
552,14:05:50,3.1,--,10,3100,买盘
553,14:05:40,3.1,--,24,7440,买盘
554,14:05:35,3.1,--,17,5270,买盘
555,14:05:25,3.1,0.01,81,25110,买盘
556,14:05:20,3.09,-0.01,43,13287,卖盘
557,14:05:14,3.1,--,9,2790,买盘
558,14:05:10,3.1,0.01,10,3100,买盘
559,14:05:05,3.09,-0.01,20,6180,卖盘
560,14:04:59,3.1,--,1,310,买盘
561,14:04:55,3.1,--,111,34410,买盘
562,14:04:50,3.1,--,3,930,买盘
563,14:04:44,3.1,--,2,620,买盘
564,14:04:40,3.1,--,16,4960,买盘
565,14:04:35,3.1,--,439,136090,买盘
566,14:04:25,3.1,--,69,21390,买盘
567,14:04:20,3.1,--,10,3100,买盘
568,14:04:14,3.1,--,2,620,买盘
569,14:04:10,3.1,--,10,3100,买盘
570,14:04:05,3.1,--,3,930,买盘
571,14:03:55,3.1,--,40,12400,买盘
572,14:03:50,3.1,--,13,4030,买盘
573,14:03:40,3.1,--,51,15810,买盘
574,14:03:35,3.1,0.01,3,930,买盘
575,14:03:25,3.09,-0.01,112,34608,卖盘
576,14:03:20,3.1,--,191,59210,买盘
577,14:03:14,3.1,--,11,3410,买盘
578,14:03:10,3.1,--,1,310,买盘
579,14:03:05,3.1,--,12,3720,买盘
580,14:02:59,3.1,0.01,3,930,买盘
581,14:02:55,3.09,-0.01,52,16068,卖盘
582,14:02:50,3.1,0.01,11,3410,买盘
583,14:02:44,3.09,--,2,618,卖盘
584,14:02:40,3.09,--,38,11742,卖盘
585,14:02:35,3.09,--,113,34917,卖盘
586,14:02:25,3.09,-0.01,150,46350,卖盘
587,14:02:20,3.1,--,172,53320,买盘
588,14:02:14,3.1,--,1,310,买盘
589,14:02:08,3.1,0.01,111,34410,买盘
590,14:02:05,3.09,--,1,309,卖盘
591,14:01:59,3.09,-0.01,303,93627,卖盘
592,14:01:54,3.1,0.01,41,12710,买盘
593,14:01:50,3.09,-0.01,21,6489,卖盘
594,14:01:44,3.1,0.01,1,310,买盘
595,14:01:39,3.09,-0.01,58,17922,卖盘
596,14:01:34,3.1,--,60,18600,买盘
597,14:01:29,3.1,--,3,930,买盘
598,14:01:23,3.1,--,19,5890,买盘
599,14:01:14,3.1,0.01,11,3410,买盘
600,14:01:05,3.09,--,1,309,卖盘
601,14:00:59,3.09,--,31,9579,卖盘
602,14:00:49,3.09,-0.01,206,63654,卖盘
603,14:00:44,3.1,0.01,12,3720,买盘
604,14:00:34,3.09,--,238,73542,卖盘
605,14:00:29,3.09,--,259,80031,卖盘
606,14:00:23,3.09,--,429,132561,卖盘
607,14:00:19,3.09,-0.01,2594,801647,卖盘
608,14:00:14,3.1,0.01,405,125612,买盘
609,14:00:04,3.09,-0.01,185,57165,卖盘
610,13:59:59,3.1,--,12,3720,买盘
611,13:59:53,3.1,--,66,20460,买盘
612,13:59:49,3.1,0.01,136,42160,买盘
613,13:59:44,3.09,--,10,3090,卖盘
614,13:59:38,3.09,-0.01,2,618,卖盘
615,13:59:34,3.1,0.01,138,42780,买盘
616,13:59:29,3.09,--,111,34299,卖盘
617,13:59:23,3.09,-0.01,3,927,卖盘
618,13:59:19,3.1,0.01,282,87485,买盘
619,13:59:14,3.09,--,81,25029,卖盘
620,13:59:08,3.09,-0.01,66,20394,卖盘
621,13:59:04,3.1,0.01,10,3100,买盘
622,13:58:59,3.09,--,230,71070,卖盘
623,13:58:53,3.09,--,306,94554,卖盘
624,13:58:49,3.09,--,132,40788,卖盘
625,13:58:44,3.09,--,358,110622,卖盘
626,13:58:38,3.09,--,5,1545,卖盘
627,13:58:34,3.09,-0.01,10,3090,卖盘
628,13:58:29,3.1,--,197,61070,买盘
629,13:58:19,3.1,0.01,9,2790,买盘
630,13:58:14,3.09,-0.01,111,34299,卖盘
631,13:58:04,3.1,--,1,310,买盘
632,13:57:59,3.1,--,48,14880,买盘
633,13:57:49,3.1,--,10,3100,买盘
634,13:57:44,3.1,0.01,2,620,买盘
635,13:57:34,3.09,-0.01,78,24102,卖盘
636,13:57:29,3.1,0.01,12,3720,买盘
637,13:57:23,3.09,-0.01,6,1854,卖盘
638,13:57:19,3.1,--,12,3720,买盘
639,13:57:14,3.1,--,11,3410,买盘
640,13:57:08,3.1,--,10,3100,买盘
641,13:57:04,3.1,--,7,2170,买盘
642,13:56:59,3.1,--,2,620,买盘
643,13:56:53,3.1,0.01,9,2790,买盘
644,13:56:49,3.09,-0.01,1,309,卖盘
645,13:56:44,3.1,0.01,10,3100,买盘
646,13:56:34,3.09,-0.01,3002,927618,卖盘
647,13:56:29,3.1,--,12,3720,买盘
648,13:56:23,3.1,--,31,9610,买盘
649,13:56:19,3.1,--,13,4030,买盘
650,13:56:14,3.1,0.01,1,310,买盘
651,13:56:08,3.09,--,289,89301,卖盘
652,13:56:04,3.09,--,12,3708,卖盘
653,13:55:59,3.09,-0.01,16,4944,卖盘
654,13:55:44,3.1,0.01,9,2790,买盘
655,13:55:38,3.09,--,4,1236,卖盘
656,13:55:23,3.09,--,50,15450,卖盘
657,13:55:14,3.09,--,1,309,卖盘
658,13:55:08,3.09,-0.01,12,3708,卖盘
659,13:54:53,3.1,--,1,310,买盘
660,13:54:47,3.1,0.01,1,310,买盘
661,13:54:44,3.09,--,105,32445,卖盘
662,13:54:32,3.09,--,50,15450,卖盘
663,13:54:28,3.09,--,10,3090,卖盘
664,13:54:23,3.09,-0.01,215,66435,卖盘
665,13:54:17,3.1,--,7,2170,买盘
666,13:54:14,3.1,0.01,10,3100,买盘
667,13:54:08,3.09,-0.01,1,309,卖盘
668,13:54:02,3.1,--,10,3100,买盘
669,13:53:58,3.1,0.01,11,3410,买盘
670,13:53:53,3.09,--,1,309,卖盘
671,13:53:47,3.09,-0.01,1,309,卖盘
672,13:53:43,3.1,--,10,3100,买盘
673,13:53:38,3.1,0.01,27,8370,买盘
674,13:53:28,3.09,-0.01,56,17304,卖盘
675,13:53:23,3.1,0.01,46,14260,买盘
676,13:53:13,3.09,--,211,65199,卖盘
677,13:53:08,3.09,-0.01,14,4326,卖盘
678,13:53:02,3.1,0.01,15,4650,买盘
679,13:52:58,3.09,--,726,224334,卖盘
680,13:52:53,3.09,--,1742,538278,卖盘
681,13:52:47,3.09,-0.01,22,6798,卖盘
682,13:52:43,3.1,--,2013,624030,买盘
683,13:52:38,3.1,--,13,4030,买盘
684,13:52:28,3.1,--,9,2790,买盘
685,13:52:17,3.1,--,9,2790,买盘
686,13:52:08,3.1,--,32,9920,买盘
687,13:52:02,3.1,--,2,620,买盘
688,13:51:58,3.1,--,1058,327980,买盘
689,13:51:53,3.1,--,4,1240,买盘
690,13:51:43,3.1,0.01,13,4030,买盘
691,13:51:38,3.09,-0.01,13,4017,卖盘
692,13:51:32,3.1,--,2,620,买盘
693,13:51:28,3.1,0.01,15,4650,买盘
694,13:51:23,3.09,-0.01,30,9270,卖盘
695,13:51:17,3.1,--,11,3410,买盘
696,13:51:13,3.1,0.01,1,310,买盘
697,13:51:08,3.09,--,19,5871,卖盘
698,13:51:02,3.09,-0.01,48,14832,卖盘
699,13:50:58,3.1,--,14,4340,买盘
700,13:50:47,3.1,--,9,2790,买盘
701,13:50:38,3.1,--,16,4960,买盘
702,13:50:32,3.1,--,2,620,买盘
703,13:50:28,3.1,--,11,3410,买盘
704,13:50:13,3.1,--,13,4030,买盘
705,13:50:08,3.1,--,12,3720,买盘
706,13:50:02,3.1,0.01,2,620,买盘
707,13:49:58,3.09,-0.01,7,2163,卖盘
708,13:49:53,3.1,--,10,3100,买盘
709,13:49:47,3.1,--,2,620,买盘
710,13:49:43,3.1,--,9,2790,买盘
711,13:49:38,3.1,--,12,3720,买盘
712,13:49:32,3.1,--,12,3720,买盘
713,13:49:28,3.1,--,117,36270,买盘
714,13:49:23,3.1,--,9,2790,买盘
715,13:49:13,3.1,--,35,10850,买盘
716,13:49:02,3.1,--,12,3720,买盘
717,13:48:58,3.1,--,1,310,买盘
718,13:48:53,3.1,--,361,111910,买盘
719,13:48:47,3.1,0.01,1,310,买盘
720,13:48:43,3.09,--,30,9270,卖盘
721,13:48:38,3.09,-0.01,4,1236,卖盘
722,13:48:32,3.1,--,3,930,买盘
723,13:48:28,3.1,0.01,11,3410,买盘
724,13:48:23,3.09,-0.01,17,5253,卖盘
725,13:48:17,3.1,0.01,30,9300,买盘
726,13:48:11,3.09,--,1,309,卖盘
727,13:48:02,3.09,--,16,4944,卖盘
728,13:47:56,3.09,-0.01,1,309,卖盘
729,13:47:53,3.1,0.01,12,3720,买盘
730,13:47:47,3.09,--,31,9579,卖盘
731,13:47:41,3.09,--,50,15450,卖盘
732,13:47:38,3.09,--,3294,1017846,卖盘
733,13:47:32,3.09,-0.01,9,2781,卖盘
734,13:47:26,3.1,--,1,310,买盘
735,13:47:23,3.1,--,159,49290,买盘
736,13:47:11,3.1,--,11,3410,买盘
737,13:47:02,3.1,0.01,12,3720,买盘
738,13:46:56,3.09,--,702,216918,卖盘
739,13:46:52,3.09,--,10,3090,卖盘
740,13:46:47,3.09,--,12,3708,卖盘
741,13:46:38,3.09,--,30,9270,卖盘
742,13:46:32,3.09,-0.01,266,82194,卖盘
743,13:46:22,3.1,--,1010,313100,买盘
744,13:46:17,3.1,0.01,10,3100,买盘
745,13:46:11,3.09,--,60,18540,卖盘
746,13:46:07,3.09,--,51,15759,卖盘
747,13:46:02,3.09,-0.01,43,13287,卖盘
748,13:45:52,3.1,0.01,10,3100,买盘
749,13:45:47,3.09,-0.01,311,96099,卖盘
750,13:45:41,3.1,--,11,3410,买盘
751,13:45:37,3.1,--,1,310,买盘
752,13:45:32,3.1,0.01,12,3720,买盘
753,13:45:22,3.09,--,196,60564,卖盘
754,13:45:17,3.09,-0.01,1,309,卖盘
755,13:45:11,3.1,--,1,310,买盘
756,13:45:07,3.1,0.01,276,85560,买盘
757,13:45:02,3.09,-0.01,18,5562,卖盘
758,13:44:56,3.1,0.01,10,3100,买盘
759,13:44:52,3.09,--,10,3090,卖盘
760,13:44:47,3.09,--,20,6180,卖盘
761,13:44:37,3.09,-0.01,13,4017,卖盘
762,13:44:32,3.1,--,2,620,买盘
763,13:44:22,3.1,--,10,3100,买盘
764,13:44:17,3.1,--,53,16430,买盘
765,13:44:11,3.1,0.01,1,310,买盘
766,13:44:07,3.09,-0.01,155,47895,卖盘
767,13:44:02,3.1,0.01,14,4340,买盘
768,13:43:52,3.09,--,19,5871,卖盘
769,13:43:47,3.09,-0.01,4,1236,卖盘
770,13:43:41,3.1,0.01,10,3100,买盘
771,13:43:37,3.09,-0.01,2,618,卖盘
772,13:43:32,3.1,--,13,4030,买盘
773,13:43:26,3.1,0.01,3,930,买盘
774,13:43:22,3.09,--,12,3708,卖盘
775,13:43:17,3.09,--,78,24102,卖盘
776,13:43:07,3.09,-0.01,10,3090,卖盘
777,13:43:02,3.1,0.01,4,1240,买盘
778,13:42:56,3.09,--,1,309,卖盘
779,13:42:47,3.09,-0.01,42,12978,卖盘
780,13:42:37,3.1,--,15,4650,买盘
781,13:42:32,3.1,--,3,930,买盘
782,13:42:26,3.1,--,10,3100,买盘
783,13:42:17,3.1,--,12,3720,买盘
784,13:42:11,3.1,0.01,1,310,买盘
785,13:42:07,3.09,--,20,6180,卖盘
786,13:42:02,3.09,-0.01,21,6489,卖盘
787,13:41:52,3.1,0.01,10,3100,买盘
788,13:41:47,3.09,--,13,4017,卖盘
789,13:41:37,3.09,-0.01,10,3090,卖盘
790,13:41:32,3.1,--,9,2790,买盘
791,13:41:22,3.1,--,29,8990,买盘
792,13:41:11,3.1,0.01,11,3410,买盘
793,13:41:07,3.09,-0.01,12,3708,卖盘
794,13:41:02,3.1,0.01,22,6820,买盘
795,13:40:47,3.09,--,11,3399,卖盘
796,13:40:41,3.09,--,421,130089,卖盘
797,13:40:32,3.09,-0.01,172,53148,卖盘
798,13:40:26,3.1,0.01,10,3100,买盘
799,13:40:17,3.09,-0.01,1594,492546,卖盘
800,13:40:11,3.1,--,103,31930,买盘
801,13:40:05,3.1,0.01,11,3410,买盘
802,13:39:56,3.09,--,166,51294,卖盘
803,13:39:47,3.09,--,2,618,卖盘
804,13:39:41,3.09,-0.01,6,1854,卖盘
805,13:39:26,3.1,--,271,84010,买盘
806,13:39:16,3.1,0.01,142,44020,买盘
807,13:39:11,3.09,--,3,927,卖盘
808,13:39:01,3.09,--,282,87138,卖盘
809,13:38:56,3.09,--,46,14214,卖盘
810,13:38:46,3.09,-0.01,2,618,卖盘
811,13:38:41,3.1,--,266,82460,买盘
812,13:38:31,3.1,0.01,33,10230,买盘
813,13:38:20,3.09,-0.01,131,40479,卖盘
814,13:38:11,3.1,0.01,1,310,买盘
815,13:38:01,3.09,--,211,65199,卖盘
816,13:37:56,3.09,--,74,22866,卖盘
817,13:37:46,3.09,-0.01,1,309,卖盘
818,13:37:31,3.1,0.01,19,5890,买盘
819,13:37:01,3.09,-0.01,300,92700,卖盘
820,13:36:56,3.1,0.01,1,310,买盘
821,13:36:46,3.09,-0.01,2,618,卖盘
822,13:36:41,3.1,0.01,11,3410,买盘
823,13:36:26,3.09,-0.01,20,6180,卖盘
824,13:36:05,3.1,--,1,310,买盘
825,13:36:01,3.1,0.01,2,620,买盘
826,13:35:46,3.09,-0.01,1,309,卖盘
827,13:35:31,3.1,0.01,14,4340,买盘
828,13:35:20,3.09,-0.01,5,1545,卖盘
829,13:35:16,3.1,0.01,3,930,买盘
830,13:35:05,3.09,--,1,309,卖盘
831,13:35:01,3.09,-0.01,601,185709,卖盘
832,13:34:55,3.1,0.01,160,49600,买盘
833,13:34:50,3.09,-0.01,7,2163,卖盘
834,13:34:35,3.1,--,10,3100,买盘
835,13:34:31,3.1,0.01,11,3410,买盘
836,13:34:20,3.09,-0.01,341,105369,卖盘
837,13:34:05,3.1,--,10,3100,买盘
838,13:33:55,3.1,0.01,64,19840,买盘
839,13:33:50,3.09,-0.01,1,309,卖盘
840,13:33:46,3.1,--,162,50220,买盘
841,13:33:35,3.1,0.01,903,279930,买盘
842,13:33:25,3.09,--,13,4017,卖盘
843,13:33:20,3.09,--,20,6180,卖盘
844,13:33:10,3.09,-0.01,10,3090,卖盘
845,13:32:59,3.1,0.01,10,3100,买盘
846,13:32:55,3.09,--,103,31827,卖盘
847,13:32:50,3.09,--,337,104133,卖盘
848,13:32:44,3.09,--,19,5871,卖盘
849,13:32:35,3.09,--,1,309,卖盘
850,13:32:20,3.09,--,95,29355,卖盘
851,13:32:14,3.09,--,292,90228,卖盘
852,13:32:10,3.09,-0.01,107,33063,卖盘
853,13:32:05,3.1,--,58,17980,买盘
854,13:31:59,3.1,--,43,13330,买盘
855,13:31:55,3.1,0.01,12,3720,买盘
856,13:31:50,3.09,-0.01,7,2163,卖盘
857,13:31:40,3.1,--,14,4340,买盘
858,13:31:35,3.1,--,4,1240,买盘
859,13:31:29,3.1,--,10,3100,买盘
860,13:31:25,3.1,0.01,49,15190,买盘
861,13:31:20,3.09,-0.01,71,21939,卖盘
862,13:31:14,3.1,0.01,10,3100,买盘
863,13:31:10,3.09,--,73,22557,卖盘
864,13:31:05,3.09,--,214,66126,卖盘
865,13:30:59,3.09,-0.01,101,31209,卖盘
866,13:30:55,3.1,0.01,62,19220,买盘
867,13:30:50,3.09,-0.01,2,618,卖盘
868,13:30:44,3.1,--,17,5270,买盘
869,13:30:35,3.1,0.01,10,3100,买盘
870,13:30:29,3.09,-0.01,217,67053,卖盘
871,13:30:25,3.1,--,4,1240,买盘
872,13:30:20,3.1,--,815,252650,买盘
873,13:30:14,3.1,--,9,2790,买盘
874,13:30:10,3.1,--,2,620,买盘
875,13:30:05,3.1,0.01,10,3100,买盘
876,13:29:55,3.09,-0.01,3,927,卖盘
877,13:29:50,3.1,0.01,18,5580,买盘
878,13:29:44,3.09,-0.01,4,1236,卖盘
879,13:29:40,3.1,--,11,3410,买盘
880,13:29:35,3.1,--,12,3720,买盘
881,13:29:25,3.1,--,13,4030,买盘
882,13:29:20,3.1,--,1,310,买盘
883,13:29:14,3.1,--,1,310,买盘
884,13:29:10,3.1,--,6,1860,买盘
885,13:29:05,3.1,--,11,3410,买盘
886,13:28:59,3.1,0.01,3,930,买盘
887,13:28:55,3.09,--,14,4326,卖盘
888,13:28:50,3.09,-0.01,233,71997,卖盘
889,13:28:40,3.1,--,20,6200,买盘
890,13:28:34,3.1,--,2,620,买盘
891,13:28:29,3.1,--,12,3720,买盘
892,13:28:25,3.1,--,4,1240,买盘
893,13:28:19,3.1,0.01,23,7130,买盘
894,13:28:14,3.09,-0.01,18,5562,卖盘
895,13:28:10,3.1,--,17,5270,买盘
896,13:28:04,3.1,--,11,3410,买盘
897,13:27:55,3.1,0.01,15,4650,买盘
898,13:27:49,3.09,-0.01,4,1236,卖盘
899,13:27:44,3.1,--,10,3100,买盘
900,13:27:34,3.1,--,9,2790,买盘
901,13:27:29,3.1,0.01,12,3720,买盘
902,13:27:25,3.09,-0.01,3,927,卖盘
903,13:27:14,3.1,0.01,10,3100,买盘
904,13:27:04,3.09,-0.01,1,309,卖盘
905,13:26:59,3.1,0.01,9,2790,买盘
906,13:26:55,3.09,-0.01,3,927,卖盘
907,13:26:49,3.1,--,23,7130,买盘
908,13:26:44,3.1,--,15,4650,买盘
909,13:26:39,3.1,0.01,8,2480,买盘
910,13:26:34,3.09,-0.01,200,61800,卖盘
911,13:26:29,3.1,--,10,3100,买盘
912,13:26:24,3.1,0.01,4,1240,买盘
913,13:26:19,3.09,-0.01,2,618,卖盘
914,13:26:14,3.1,--,11,3410,买盘
915,13:26:09,3.1,--,11,3410,买盘
916,13:26:04,3.1,--,12,3720,买盘
917,13:25:54,3.1,0.01,13,4030,买盘
918,13:25:49,3.09,-0.01,4,1236,卖盘
919,13:25:44,3.1,0.01,1,310,买盘
920,13:25:38,3.09,-0.01,34,10506,卖盘
921,13:25:29,3.1,0.01,20,6200,买盘
922,13:25:19,3.09,--,1,309,卖盘
923,13:25:08,3.09,-0.01,42,12978,卖盘
924,13:25:04,3.1,--,19,5890,买盘
925,13:24:59,3.1,--,41,12710,买盘
926,13:24:53,3.1,0.01,2,620,买盘
927,13:24:49,3.09,-0.01,2,618,卖盘
928,13:24:44,3.1,0.01,6,1860,买盘
929,13:24:38,3.09,-0.01,5,1545,卖盘
930,13:24:34,3.1,--,23,7130,买盘
931,13:24:29,3.1,--,3,930,买盘
932,13:24:14,3.1,--,203,62930,买盘
933,13:24:08,3.1,--,1,310,买盘
934,13:24:04,3.1,--,2,620,买盘
935,13:23:59,3.1,0.01,11,3410,买盘
936,13:23:49,3.09,-0.01,22,6798,卖盘
937,13:23:44,3.1,0.01,102,31620,买盘
938,13:23:38,3.09,--,286,88522,卖盘
939,13:23:34,3.09,--,2,618,卖盘
940,13:23:29,3.09,-0.01,13,4017,卖盘
941,13:23:23,3.1,0.01,1,310,买盘
942,13:23:19,3.09,--,12,3708,卖盘
943,13:23:14,3.09,-0.01,1,309,卖盘
944,13:23:04,3.1,0.01,14,4340,买盘
945,13:22:59,3.09,-0.01,460,142140,卖盘
946,13:22:53,3.1,0.01,18,5580,买盘
947,13:22:49,3.09,-0.01,3,927,卖盘
948,13:22:44,3.1,0.01,10,3100,买盘
949,13:22:34,3.09,-0.01,1,309,卖盘
950,13:22:29,3.1,0.01,9,2790,买盘
951,13:22:19,3.09,-0.01,12,3708,卖盘
952,13:22:13,3.1,--,11,3410,买盘
953,13:21:58,3.1,--,12,3720,买盘
954,13:21:53,3.1,0.01,4,1240,买盘
955,13:21:49,3.09,--,219,67671,卖盘
956,13:21:43,3.09,--,21,6489,卖盘
957,13:21:38,3.09,-0.01,3,927,卖盘
958,13:21:33,3.1,--,10,3100,买盘
959,13:21:23,3.1,--,9,2790,买盘
960,13:21:18,3.1,--,10,3100,买盘
961,13:21:13,3.1,0.01,1,310,买盘
962,13:21:08,3.09,-0.01,11,3399,卖盘
963,13:21:03,3.1,--,9,2790,买盘
964,13:20:58,3.1,--,19,5890,买盘
965,13:20:53,3.1,0.01,11,3410,买盘
966,13:20:48,3.09,-0.01,2,618,卖盘
967,13:20:43,3.1,--,1,310,买盘
968,13:20:38,3.1,--,11,3410,买盘
969,13:20:33,3.1,--,4,1240,买盘
970,13:20:28,3.1,--,109,33790,买盘
971,13:20:23,3.1,--,45,13950,买盘
972,13:20:18,3.1,--,2,620,买盘
973,13:20:13,3.1,--,3,930,买盘
974,13:20:03,3.1,--,13,4030,买盘
975,13:19:58,3.1,--,37,11470,买盘
976,13:19:53,3.1,0.01,145,44950,买盘
977,13:19:48,3.09,-0.01,2,618,卖盘
978,13:19:43,3.1,--,35,10850,买盘
979,13:19:38,3.1,--,26,8060,买盘
980,13:19:33,3.1,--,4,1240,买盘
981,13:19:28,3.1,--,12,3720,买盘
982,13:19:23,3.1,--,18,5580,买盘
983,13:19:13,3.1,--,40,12400,买盘
984,13:19:08,3.1,--,148,45880,买盘
985,13:19:03,3.1,--,2,620,买盘
986,13:18:58,3.1,0.01,45,13950,买盘
987,13:18:48,3.09,-0.01,2,618,卖盘
988,13:18:43,3.1,--,146,45260,买盘
989,13:18:33,3.1,--,46,14260,买盘
990,13:18:23,3.1,--,9,2790,买盘
991,13:18:13,3.1,--,10,3100,买盘
992,13:18:08,3.1,--,1,310,买盘
993,13:18:02,3.1,--,250,77500,买盘
994,13:17:58,3.1,--,1,310,买盘
995,13:17:53,3.1,0.01,19,5890,买盘
996,13:17:47,3.09,-0.01,1,309,卖盘
997,13:17:43,3.1,--,137,42470,买盘
998,13:17:38,3.1,--,9,2790,买盘
999,13:17:32,3.1,--,40,12400,买盘
1000,13:17:28,3.1,0.01,68,21080,买盘
1001,13:17:23,3.09,--,12,3843,卖盘
1002,13:17:17,3.09,-0.01,1,309,卖盘
1003,13:17:08,3.1,0.01,51,15810,买盘
1004,13:16:47,3.09,-0.01,2,618,卖盘
1005,13:16:38,3.1,0.01,38,11780,买盘
1006,13:16:32,3.09,-0.01,265,81885,卖盘
1007,13:16:23,3.1,--,126,39060,买盘
1008,13:16:17,3.1,--,1,310,买盘
1009,13:16:08,3.1,0.01,39,12090,买盘
1010,13:15:53,3.09,--,28,8787,卖盘
1011,13:15:47,3.09,-0.01,1,309,卖盘
1012,13:15:43,3.1,--,353,109430,买盘
1013,13:15:38,3.1,--,52,16120,买盘
1014,13:15:28,3.1,--,1,310,买盘
1015,13:15:23,3.1,0.01,19,5890,买盘
1016,13:15:17,3.09,-0.01,1,309,卖盘
1017,13:15:13,3.1,--,111,34410,买盘
1018,13:15:07,3.1,--,254,78740,买盘
1019,13:14:57,3.1,--,616,190960,买盘
1020,13:14:52,3.1,0.01,15,4650,买盘
1021,13:14:47,3.09,-0.01,16,4944,卖盘
1022,13:14:42,3.1,--,137,42470,买盘
1023,13:14:37,3.1,--,38,11780,买盘
1024,13:14:32,3.1,--,15,4650,买盘
1025,13:14:27,3.1,--,17,5270,买盘
1026,13:14:22,3.1,--,16,4960,买盘
1027,13:14:12,3.1,0.01,52,16120,买盘
1028,13:14:07,3.09,-0.01,1,309,卖盘
1029,13:14:02,3.1,--,50,15500,买盘
1030,13:13:57,3.1,0.01,14,4340,买盘
1031,13:13:47,3.09,-0.01,17,5253,卖盘
1032,13:13:42,3.1,--,137,42470,买盘
1033,13:13:37,3.1,--,14,4340,买盘
1034,13:13:27,3.1,--,16,4960,买盘
1035,13:13:22,3.1,--,3,930,买盘
1036,13:13:17,3.1,--,31,9610,买盘
1037,13:13:07,3.1,--,2,620,买盘
1038,13:13:02,3.1,--,16,4960,买盘
1039,13:12:52,3.1,0.01,17,5270,买盘
1040,13:12:47,3.09,-0.01,26,8034,卖盘
1041,13:12:42,3.1,0.01,153,47430,买盘
1042,13:12:37,3.09,-0.01,36,11124,卖盘
1043,13:12:32,3.1,0.01,38,11780,买盘
1044,13:12:27,3.09,--,38,11742,卖盘
1045,13:12:22,3.09,--,82,25338,卖盘
1046,13:12:17,3.09,--,26,8034,卖盘
1047,13:12:12,3.09,--,16,4944,卖盘
1048,13:12:07,3.09,-0.01,26311,8130290,卖盘
1049,13:11:57,3.1,--,63,19530,买盘
1050,13:11:52,3.1,0.01,40016,12405074,买盘
1051,13:11:47,3.09,-0.01,310,95790,卖盘
1052,13:11:42,3.1,--,144,44640,买盘
1053,13:11:37,3.1,--,1576,488560,买盘
1054,13:11:32,3.1,--,15,4650,买盘
1055,13:11:27,3.1,--,55,17050,买盘
1056,13:11:22,3.1,--,15,4650,买盘
1057,13:11:17,3.1,--,66,20460,买盘
1058,13:11:12,3.1,0.01,10,3100,买盘
1059,13:11:02,3.09,--,514,158826,卖盘
1060,13:10:57,3.09,-0.01,3702,1143918,卖盘
1061,13:10:52,3.1,--,285,88350,买盘
1062,13:10:47,3.1,--,12,3720,买盘
1063,13:10:42,3.1,--,137,42470,买盘
1064,13:10:37,3.1,--,5,1550,买盘
1065,13:10:32,3.1,--,10,3100,买盘
1066,13:10:26,3.1,--,8,2480,买盘
1067,13:10:22,3.1,--,60,18600,买盘
1068,13:10:17,3.1,--,58,17980,买盘
1069,13:10:11,3.1,--,30,9300,买盘
1070,13:10:07,3.1,--,207,64170,买盘
1071,13:10:02,3.1,0.01,138,42780,买盘
1072,13:09:56,3.09,--,8,2472,卖盘
1073,13:09:52,3.09,--,918,283662,卖盘
1074,13:09:47,3.09,-0.01,20,6180,卖盘
1075,13:09:41,3.1,--,145,44950,买盘
1076,13:09:37,3.1,--,30,9300,买盘
1077,13:09:32,3.1,--,8,2480,买盘
1078,13:09:22,3.1,0.01,122,37820,买盘
1079,13:09:11,3.09,-0.01,12,3708,卖盘
1080,13:09:07,3.1,--,968,300080,买盘
1081,13:09:02,3.1,--,109,33790,买盘
1082,13:08:52,3.1,0.01,10830,3357300,买盘
1083,13:08:47,3.09,-0.01,2,618,卖盘
1084,13:08:41,3.1,--,10000,3100000,买盘
1085,13:08:36,3.1,0.01,11,3410,买盘
1086,13:08:32,3.09,--,30,9270,卖盘
1087,13:08:26,3.09,-0.01,24,7416,卖盘
1088,13:08:21,3.1,--,415,128650,买盘
1089,13:08:16,3.1,--,655,203050,买盘
1090,13:08:11,3.1,--,208,64480,买盘
1091,13:08:06,3.1,--,15,4650,买盘
1092,13:08:01,3.1,--,201,62310,买盘
1093,13:07:56,3.1,--,2,620,买盘
1094,13:07:51,3.1,0.01,26,8060,买盘
1095,13:07:46,3.09,--,1395,431055,卖盘
1096,13:07:41,3.09,-0.01,22,6798,卖盘
1097,13:07:31,3.1,--,8,2480,买盘
1098,13:07:16,3.1,--,56,17360,买盘
1099,13:07:11,3.1,0.01,9,2790,买盘
1100,13:07:06,3.09,--,50,15450,卖盘
1101,13:07:01,3.09,-0.01,5,1545,卖盘
1102,13:06:56,3.1,0.01,9,2790,买盘
1103,13:06:46,3.09,-0.01,92,28428,卖盘
1104,13:06:41,3.1,0.01,19,5952,买盘
1105,13:06:36,3.09,-0.01,3708,1145772,卖盘
1106,13:06:26,3.1,0.01,8,2480,买盘
1107,13:06:21,3.09,-0.01,1,309,卖盘
1108,13:06:16,3.1,--,9,2790,买盘
1109,13:06:06,3.1,--,86,26660,买盘
1110,13:06:01,3.1,--,7,2170,买盘
1111,13:05:56,3.1,--,12,3720,买盘
1112,13:05:51,3.1,--,8,2480,买盘
1113,13:05:46,3.1,--,12,3720,买盘
1114,13:05:41,3.1,--,67,20770,买盘
1115,13:05:36,3.1,--,12,3720,买盘
1116,13:05:31,3.1,--,8,2480,买盘
1117,13:05:21,3.1,0.01,8,2480,买盘
1118,13:05:11,3.09,--,5,1545,卖盘
1119,13:05:06,3.09,-0.01,209,64581,卖盘
1120,13:04:56,3.1,--,3795,1176450,买盘
1121,13:04:51,3.1,0.01,1,310,买盘
1122,13:04:46,3.09,-0.01,11,3399,卖盘
1123,13:04:31,3.1,--,8,2480,买盘
1124,13:04:26,3.1,--,8,2480,买盘
1125,13:04:21,3.1,--,5,1550,买盘
1126,13:04:16,3.1,--,4,1240,买盘
1127,13:04:11,3.1,--,9,2790,买盘
1128,13:04:06,3.1,--,145,44950,买盘
1129,13:04:01,3.1,--,197,61070,买盘
1130,13:03:51,3.1,0.01,9,2790,买盘
1131,13:03:46,3.09,-0.01,3,927,卖盘
1132,13:03:41,3.1,--,58,17980,买盘
1133,13:03:36,3.1,0.01,15,4650,买盘
1134,13:03:31,3.09,-0.01,27,8343,卖盘
1135,13:03:26,3.1,0.01,151,46810,买盘
1136,13:03:21,3.09,-0.01,18,5562,卖盘
1137,13:03:16,3.1,--,8,2480,买盘
1138,13:03:06,3.1,--,51,15810,买盘
1139,13:03:01,3.1,--,194,60140,买盘
1140,13:02:56,3.1,--,10,3100,买盘
1141,13:02:50,3.1,0.01,25,7750,买盘
1142,13:02:46,3.09,-0.01,2,618,卖盘
1143,13:02:35,3.1,--,1,310,买盘
1144,13:02:31,3.1,--,146,45260,买盘
1145,13:02:16,3.1,0.01,43,13330,买盘
1146,13:01:56,3.09,-0.01,300,92700,卖盘
1147,13:01:50,3.1,--,196,60760,买盘
1148,13:01:46,3.1,--,152,47120,买盘
1149,13:01:40,3.1,0.01,1,310,买盘
1150,13:01:35,3.09,-0.01,50,15450,卖盘
1151,13:01:20,3.1,--,100,31000,买盘
1152,13:01:15,3.1,--,12,3720,买盘
1153,13:00:50,3.1,--,2,620,买盘
1154,13:00:40,3.1,--,500,155000,买盘
1155,13:00:35,3.1,0.01,2,620,买盘
1156,13:00:15,3.09,-0.01,26,8034,卖盘
1157,13:00:10,3.1,0.01,365,113150,买盘
1158,13:00:05,3.09,-0.01,85135,26306715,卖盘
1159,11:30:00,3.1,--,0,0,买盘
1160,11:29:59,3.1,--,0,0,买盘
1161,11:29:59,3.1,--,2,620,买盘
1162,11:29:56,3.1,0.01,7,2170,买盘
1163,11:29:45,3.09,-0.01,10,3090,卖盘
1164,11:29:30,3.1,0.01,6,1860,买盘
1165,11:29:26,3.09,-0.01,3,927,卖盘
1166,11:29:20,3.1,0.01,12,3720,买盘
1167,11:29:15,3.09,--,3,927,卖盘
1168,11:29:11,3.09,-0.01,8,2472,卖盘
1169,11:28:56,3.1,--,9,2790,买盘
1170,11:28:45,3.1,--,158,48980,买盘
1171,11:28:41,3.1,0.01,8,2480,买盘
1172,11:28:26,3.09,-0.01,15,4635,卖盘
1173,11:28:15,3.1,0.01,109,33790,买盘
1174,11:28:11,3.09,-0.01,131,40479,卖盘
1175,11:28:05,3.1,0.01,7,2170,买盘
1176,11:27:55,3.09,--,8,2472,卖盘
1177,11:27:45,3.09,--,2,618,卖盘
1178,11:27:40,3.09,-0.01,9,2781,卖盘
1179,11:27:30,3.1,--,7,2170,买盘
1180,11:27:20,3.1,0.01,9,2790,买盘
1181,11:27:10,3.09,-0.01,36,11124,卖盘
1182,11:27:00,3.1,0.01,8,2480,买盘
1183,11:26:55,3.09,--,87,26883,卖盘
1184,11:26:45,3.09,--,21,6489,卖盘
1185,11:26:40,3.09,-0.01,4,1236,卖盘
1186,11:26:35,3.1,--,17,5270,买盘
1187,11:26:30,3.1,--,12,3720,买盘
1188,11:26:25,3.1,0.01,8,2480,买盘
1189,11:26:20,3.09,-0.01,2,618,卖盘
1190,11:26:10,3.1,0.01,38,11780,买盘
1191,11:26:05,3.09,-0.01,1,309,卖盘
1192,11:26:00,3.1,--,26,8060,买盘
1193,11:25:55,3.1,0.01,7,2170,买盘
1194,11:25:50,3.09,--,20,6180,卖盘
1195,11:25:45,3.09,-0.01,2,618,卖盘
1196,11:25:40,3.1,--,29,8990,买盘
1197,11:25:30,3.1,--,9,2790,买盘
1198,11:25:20,3.1,--,12,3720,买盘
1199,11:25:15,3.1,--,259,80290,买盘
1200,11:25:10,3.1,0.01,209,64790,买盘
1201,11:25:05,3.09,-0.01,173,53457,卖盘
1202,11:25:00,3.1,--,2,620,买盘
1203,11:24:55,3.1,0.01,241,74710,买盘
1204,11:24:50,3.09,--,3,927,卖盘
1205,11:24:45,3.09,-0.01,181,55929,卖盘
1206,11:24:40,3.1,--,4,1240,买盘
1207,11:24:35,3.1,0.01,8,2480,买盘
1208,11:24:30,3.09,-0.01,57,17674,卖盘
1209,11:24:25,3.1,--,6,1860,买盘
1210,11:24:15,3.1,--,8,2480,买盘
1211,11:24:10,3.1,0.01,92,28520,买盘
1212,11:24:05,3.09,-0.01,1,309,卖盘
1213,11:23:59,3.1,0.01,7,2170,买盘
1214,11:23:55,3.09,-0.01,4185,1293165,卖盘
1215,11:23:50,3.1,0.01,9,2790,买盘
1216,11:23:44,3.09,-0.01,20,6180,卖盘
1217,11:23:40,3.1,--,98,30380,买盘
1218,11:23:25,3.1,0.01,7,2170,买盘
1219,11:23:20,3.09,-0.01,235,72615,卖盘
1220,11:23:14,3.1,--,4,1240,买盘
1221,11:23:10,3.1,--,201,62310,买盘
1222,11:23:05,3.1,0.01,88,27280,买盘
1223,11:22:59,3.09,-0.01,1,309,卖盘
1224,11:22:55,3.1,--,19,5890,买盘
1225,11:22:50,3.1,--,13,4030,买盘
1226,11:22:35,3.1,0.01,10,3100,买盘
1227,11:22:29,3.09,-0.01,17,5253,卖盘
1228,11:22:20,3.1,--,12,3720,买盘
1229,11:22:14,3.1,0.01,6,1860,买盘
1230,11:22:09,3.09,-0.01,2,618,卖盘
1231,11:22:05,3.1,--,8,2480,买盘
1232,11:21:50,3.1,0.01,10,3100,买盘
1233,11:21:44,3.09,-0.01,1,309,卖盘
1234,11:21:39,3.1,--,17,5270,买盘
1235,11:21:35,3.1,--,201,62310,买盘
1236,11:21:29,3.1,0.01,8,2480,买盘
1237,11:21:20,3.09,-0.01,208,64272,卖盘
1238,11:21:14,3.1,--,6,1860,买盘
1239,11:21:09,3.1,--,13,4030,买盘
1240,11:21:05,3.1,--,50,15500,买盘
1241,11:20:54,3.1,--,10,3100,买盘
1242,11:20:50,3.1,--,22,6820,买盘
1243,11:20:44,3.1,--,7,2170,买盘
1244,11:20:35,3.1,0.01,1076,333560,买盘
1245,11:20:24,3.09,-0.01,4,1236,卖盘
1246,11:20:20,3.1,--,22,6820,买盘
1247,11:20:14,3.1,--,1,310,买盘
1248,11:20:09,3.1,--,6,1860,买盘
1249,11:20:04,3.1,--,2,620,买盘
1250,11:19:59,3.1,0.01,9,2790,买盘
1251,11:19:54,3.09,--,100,30900,卖盘
1252,11:19:49,3.09,-0.01,19,5871,卖盘
1253,11:19:44,3.1,--,81,25110,买盘
1254,11:19:39,3.1,--,1,310,买盘
1255,11:19:34,3.1,0.01,298,92380,买盘
1256,11:19:24,3.09,-0.01,8,2472,卖盘
1257,11:19:19,3.1,--,7,2170,买盘
1258,11:19:09,3.1,--,4,1240,买盘
1259,11:19:04,3.1,0.01,8,2480,买盘
1260,11:18:59,3.09,--,5,1545,卖盘
1261,11:18:54,3.09,-0.01,1,309,卖盘
1262,11:18:49,3.1,--,60,18600,买盘
1263,11:18:44,3.1,0.01,8,2480,买盘
1264,11:18:38,3.09,-0.01,64,19776,卖盘
1265,11:18:29,3.1,--,7,2170,买盘
1266,11:18:24,3.1,--,7,2170,买盘
1267,11:18:19,3.1,0.01,3271,1014010,买盘
1268,11:18:09,3.09,-0.01,10,3090,卖盘
1269,11:18:04,3.1,--,30,9300,买盘
1270,11:17:54,3.1,0.01,7,2170,买盘
1271,11:17:49,3.09,-0.01,1,309,卖盘
1272,11:17:44,3.1,0.01,8,2480,买盘
1273,11:17:39,3.09,-0.01,20,6180,卖盘
1274,11:17:34,3.1,--,33,10230,买盘
1275,11:17:24,3.1,0.01,8,2480,买盘
1276,11:17:19,3.09,-0.01,1,309,卖盘
1277,11:17:14,3.1,--,100,31000,买盘
1278,11:17:04,3.1,--,12,3720,买盘
1279,11:16:49,3.1,--,62,19220,买盘
1280,11:16:38,3.1,--,7,2170,买盘
1281,11:16:34,3.1,--,80,24800,买盘
1282,11:16:29,3.1,--,208,64480,买盘
1283,11:16:19,3.1,0.01,37,11470,买盘
1284,11:16:14,3.09,-0.01,3700,1143300,卖盘
1285,11:16:08,3.1,0.01,8,2480,买盘
1286,11:16:04,3.09,-0.01,68,21012,卖盘
1287,11:15:59,3.1,--,308,95480,买盘
1288,11:15:53,3.1,0.01,1,310,买盘
1289,11:15:49,3.09,-0.01,1,309,卖盘
1290,11:15:44,3.1,0.01,65,20150,买盘
1291,11:15:38,3.09,-0.01,172,53148,卖盘
1292,11:15:34,3.1,0.01,140,43400,买盘
1293,11:15:29,3.09,-0.01,12,3708,卖盘
1294,11:15:23,3.1,--,10,3100,买盘
1295,11:15:19,3.1,--,116,35960,买盘
1296,11:15:14,3.1,--,32,9920,买盘
1297,11:15:08,3.1,--,25,7750,买盘
1298,11:15:04,3.1,--,14,4340,买盘
1299,11:14:59,3.1,--,50,15500,买盘
1300,11:14:53,3.1,--,1,310,买盘
1301,11:14:48,3.1,--,96,29760,买盘
1302,11:14:38,3.1,--,20,6200,买盘
1303,11:14:33,3.1,--,1074,333076,买盘
1304,11:14:29,3.1,--,108,33480,买盘
1305,11:14:23,3.1,--,5,1550,买盘
1306,11:14:18,3.1,--,11,3410,买盘
1307,11:14:14,3.1,--,129,39990,买盘
1308,11:14:08,3.1,--,7,2170,买盘
1309,11:14:03,3.1,--,12,3720,买盘
1310,11:13:59,3.1,--,11,3410,买盘
1311,11:13:53,3.1,0.01,13,4030,买盘
1312,11:13:48,3.09,-0.01,15,4635,卖盘
1313,11:13:44,3.1,--,9,2790,买盘
1314,11:13:38,3.1,--,1,310,买盘
1315,11:13:33,3.1,--,167,51770,买盘
1316,11:13:29,3.1,--,12,3720,买盘
1317,11:13:18,3.1,0.01,77,23870,买盘
1318,11:13:14,3.09,-0.01,51,15759,卖盘
1319,11:13:08,3.1,--,7,2170,买盘
1320,11:13:03,3.1,--,8,2480,买盘
1321,11:12:59,3.1,--,163,50530,买盘
1322,11:12:53,3.1,--,24,7440,买盘
1323,11:12:48,3.1,--,10,3100,买盘
1324,11:12:44,3.1,0.01,12,3720,买盘
1325,11:12:38,3.09,-0.01,58,17922,卖盘
1326,11:12:33,3.1,--,293,90830,买盘
1327,11:12:28,3.1,--,12,3720,买盘
1328,11:12:23,3.1,--,96,29760,买盘
1329,11:12:13,3.1,--,12,3720,买盘
1330,11:12:03,3.1,0.01,20,6200,买盘
1331,11:11:58,3.09,-0.01,3739,1155351,卖盘
1332,11:11:53,3.1,--,12,3720,买盘
1333,11:11:48,3.1,0.01,24,7440,买盘
1334,11:11:43,3.09,--,1,309,卖盘
1335,11:11:38,3.09,-0.01,232,71688,卖盘
1336,11:11:33,3.1,--,54,16740,买盘
1337,11:11:28,3.1,--,2,620,买盘
1338,11:11:18,3.1,--,11,3410,买盘
1339,11:11:13,3.1,0.01,125,38750,买盘
1340,11:11:08,3.09,-0.01,2,618,卖盘
1341,11:11:03,3.1,0.01,13,4030,买盘
1342,11:10:58,3.09,--,76,23484,卖盘
1343,11:10:53,3.09,--,109,33681,卖盘
1344,11:10:48,3.09,-0.01,22,6798,卖盘
1345,11:10:43,3.1,--,13,4030,买盘
1346,11:10:32,3.1,0.01,2,620,买盘
1347,11:10:28,3.09,-0.01,6,1854,卖盘
1348,11:10:23,3.1,--,12,3720,买盘
1349,11:10:18,3.1,--,12,3720,买盘
1350,11:10:08,3.1,0.01,1,310,买盘
1351,11:10:02,3.09,-0.01,42,12978,卖盘
1352,11:09:58,3.1,--,33,10230,买盘
1353,11:09:53,3.1,0.01,178,55180,买盘
1354,11:09:47,3.09,--,1,309,卖盘
1355,11:09:43,3.09,-0.01,39,12051,卖盘
1356,11:09:38,3.1,--,1002,310620,买盘
1357,11:09:32,3.1,0.01,16,4960,买盘
1358,11:09:28,3.09,-0.01,81,25029,卖盘
1359,11:09:23,3.1,0.01,13,4030,买盘
1360,11:09:17,3.09,-0.01,15,4635,卖盘
1361,11:09:13,3.1,0.01,1,310,买盘
1362,11:09:08,3.09,-0.01,2,618,卖盘
1363,11:08:53,3.1,0.01,31,9610,买盘
1364,11:08:47,3.09,--,1101,340209,卖盘
1365,11:08:43,3.09,--,238,73542,卖盘
1366,11:08:38,3.09,--,12,3843,卖盘
1367,11:08:28,3.09,--,40,12360,卖盘
1368,11:08:23,3.09,--,33,10197,卖盘
1369,11:08:13,3.09,-0.01,426,131634,卖盘
1370,11:08:08,3.1,--,348,107880,买盘
1371,11:08:02,3.1,0.01,99,30690,买盘
1372,11:07:58,3.09,--,210,64890,卖盘
1373,11:07:53,3.09,--,490,151410,卖盘
1374,11:07:46,3.09,--,1862,575358,卖盘
1375,11:07:43,3.09,--,239,73851,卖盘
1376,11:07:38,3.09,--,475,146775,卖盘
1377,11:07:32,3.09,--,992,306528,卖盘
1378,11:07:27,3.09,--,4038,1247742,卖盘
1379,11:07:23,3.09,--,1067,329703,卖盘
1380,11:07:16,3.09,--,250,77250,卖盘
1381,11:07:12,3.09,--,50,15450,卖盘
1382,11:07:08,3.09,--,172,53148,卖盘
1383,11:06:57,3.09,--,740,228660,卖盘
1384,11:06:52,3.09,-0.01,12,3843,卖盘
1385,11:06:47,3.1,0.01,49,15190,买盘
1386,11:06:42,3.09,--,76,23545,卖盘
1387,11:06:38,3.09,--,468,144612,卖盘
1388,11:06:32,3.09,--,37,11433,卖盘
1389,11:06:22,3.09,--,172,53148,卖盘
1390,11:06:17,3.09,-0.01,1592,491928,卖盘
1391,11:06:12,3.1,0.01,10,3100,买盘
1392,11:06:08,3.09,--,4,1236,卖盘
1393,11:06:02,3.09,--,129,39861,卖盘
1394,11:05:57,3.09,--,3901,1205409,卖盘
1395,11:05:53,3.09,--,5,1545,卖盘
1396,11:05:47,3.09,--,171,52839,卖盘
1397,11:05:38,3.09,--,179,55372,卖盘
1398,11:05:27,3.09,--,1,309,卖盘
1399,11:05:22,3.09,--,469,144921,卖盘
1400,11:05:16,3.09,--,3,927,卖盘
1401,11:05:01,3.09,--,1,309,卖盘
1402,11:04:57,3.09,-0.01,57,17613,卖盘
1403,11:04:52,3.1,--,94,29140,买盘
1404,11:04:47,3.1,--,169,52390,买盘
1405,11:04:32,3.1,0.01,121,37510,买盘
1406,11:04:27,3.09,-0.01,69,21321,卖盘
1407,11:04:22,3.1,--,21,6510,买盘
1408,11:04:16,3.1,--,1,310,买盘
1409,11:04:12,3.1,--,2,620,买盘
1410,11:04:07,3.1,0.01,251,77810,买盘
1411,11:03:56,3.09,-0.01,4,1236,卖盘
1412,11:03:52,3.1,0.01,988,306280,买盘
1413,11:03:46,3.09,--,4,1236,卖盘
1414,11:03:41,3.09,--,160,49440,卖盘
1415,11:03:32,3.09,--,1,309,卖盘
1416,11:03:22,3.09,-0.01,1,309,卖盘
1417,11:03:16,3.1,0.01,5,1550,买盘
1418,11:02:55,3.09,--,10,3090,卖盘
1419,11:02:47,3.09,--,3,927,卖盘
1420,11:02:41,3.09,-0.01,10,3090,卖盘
1421,11:02:37,3.1,--,4,1240,买盘
1422,11:02:31,3.1,0.01,1,310,买盘
1423,11:02:22,3.09,-0.01,50,15450,卖盘
1424,11:02:16,3.1,0.01,1,310,买盘
1425,11:02:07,3.09,--,115,35535,卖盘
1426,11:01:46,3.09,--,1,309,卖盘
1427,11:01:37,3.09,-0.01,10,3090,卖盘
1428,11:01:31,3.1,--,1,310,买盘
1429,11:01:07,3.1,--,2,620,买盘
1430,11:01:01,3.1,0.01,24,7440,买盘
1431,11:00:46,3.09,-0.01,106,32754,卖盘
1432,11:00:40,3.1,0.01,4,1240,买盘
1433,11:00:36,3.09,--,35,10815,卖盘
1434,11:00:31,3.09,-0.01,60,18540,卖盘
1435,11:00:25,3.1,0.01,1,310,买盘
1436,11:00:16,3.09,-0.01,1,309,卖盘
1437,11:00:07,3.1,--,201,62310,买盘
1438,11:00:01,3.1,--,1,310,买盘
1439,10:59:51,3.1,0.01,10,3100,买盘
1440,10:59:46,3.09,-0.01,804,248436,卖盘
1441,10:59:40,3.1,0.01,201,62310,买盘
1442,10:59:36,3.09,-0.01,2,618,卖盘
1443,10:59:31,3.1,0.01,112,34720,买盘
1444,10:59:25,3.09,--,157,48513,卖盘
1445,10:59:21,3.09,-0.01,17,5253,卖盘
1446,10:59:06,3.1,0.01,11,3410,买盘
1447,10:59:01,3.09,--,81,25029,卖盘
1448,10:58:46,3.09,-0.01,2,618,卖盘
1449,10:58:31,3.1,0.01,1,310,买盘
1450,10:58:25,3.09,--,141,43569,卖盘
1451,10:58:01,3.09,-0.01,3700,1143300,卖盘
1452,10:57:51,3.1,0.01,51,15810,买盘
1453,10:57:46,3.09,--,1,309,卖盘
1454,10:57:40,3.09,-0.01,30,9270,卖盘
1455,10:57:35,3.1,--,2,620,买盘
1456,10:57:31,3.1,--,46,14260,买盘
1457,10:57:21,3.1,0.01,21,6510,买盘
1458,10:57:10,3.09,-0.01,10,3090,卖盘
1459,10:57:06,3.1,0.01,32,9920,买盘
1460,10:57:01,3.09,--,110,33990,卖盘
1461,10:56:55,3.09,-0.01,116,35844,卖盘
1462,10:56:46,3.1,0.01,94,29140,买盘
1463,10:56:40,3.09,--,3710,1146390,卖盘
1464,10:56:31,3.09,-0.01,10,3090,卖盘
1465,10:56:25,3.1,0.01,5,1550,买盘
1466,10:56:16,3.09,-0.01,21,6489,卖盘
1467,10:56:10,3.1,--,101,31310,买盘
1468,10:56:04,3.1,0.01,1,310,买盘
1469,10:55:55,3.09,--,6500,2008500,卖盘
1470,10:55:49,3.09,--,3700,1143300,卖盘
1471,10:55:46,3.09,-0.01,4,1236,卖盘
1472,10:55:40,3.1,--,1,310,买盘
1473,10:55:25,3.1,0.01,2,620,买盘
1474,10:55:16,3.09,--,16,4944,卖盘
1475,10:55:10,3.09,-0.01,418,129162,卖盘
1476,10:55:01,3.1,--,15,4650,买盘
1477,10:54:49,3.1,0.01,15,4650,买盘
1478,10:54:46,3.09,-0.01,2,618,卖盘
1479,10:54:40,3.1,--,15,4650,买盘
1480,10:54:31,3.1,--,15,4650,买盘
1481,10:54:25,3.1,--,15,4650,买盘
1482,10:54:19,3.1,--,4,1240,买盘
1483,10:54:16,3.1,--,217,67270,买盘
1484,10:54:10,3.1,--,1,310,买盘
1485,10:54:04,3.1,0.01,15,4650,买盘
1486,10:54:01,3.09,-0.01,5,1545,卖盘
1487,10:53:55,3.1,--,15,4650,买盘
1488,10:53:49,3.1,0.01,15,4650,买盘
1489,10:53:46,3.09,--,9,2781,卖盘
1490,10:53:40,3.09,--,317,98231,卖盘
1491,10:53:31,3.09,-0.01,34,10506,卖盘
1492,10:53:25,3.1,--,18,5580,买盘
1493,10:53:16,3.1,--,1,310,买盘
1494,10:52:55,3.1,0.01,1,310,买盘
1495,10:52:46,3.09,-0.01,1,309,卖盘
1496,10:52:40,3.1,0.01,1,310,买盘
1497,10:52:30,3.09,-0.01,25,7725,卖盘
1498,10:52:19,3.1,--,34,10540,买盘
1499,10:52:16,3.1,0.01,3,930,买盘
1500,10:52:10,3.09,--,16,4944,卖盘
1501,10:51:55,3.09,--,86,26574,卖盘
1502,10:51:45,3.09,-0.01,135,41715,卖盘
1503,10:51:40,3.1,0.01,11,3410,买盘
1504,10:51:30,3.09,--,17,5253,卖盘
1505,10:51:25,3.09,--,23,7107,卖盘
1506,10:51:04,3.09,--,4,1236,卖盘
1507,10:51:00,3.09,-0.01,12,3843,卖盘
1508,10:50:55,3.1,0.01,1,310,买盘
1509,10:50:49,3.09,--,206,63654,卖盘
1510,10:50:45,3.09,--,71,21939,卖盘
1511,10:50:40,3.09,--,172,53148,卖盘
1512,10:50:30,3.09,-0.01,268,82812,卖盘
1513,10:50:25,3.1,0.01,1,310,买盘
1514,10:50:15,3.09,--,745,230205,卖盘
1515,10:50:10,3.09,-0.01,20,6180,卖盘
1516,10:50:00,3.1,0.01,2,620,买盘
1517,10:49:55,3.09,--,3,927,卖盘
1518,10:49:44,3.09,--,14,4461,卖盘
1519,10:49:40,3.09,-0.01,41,12669,卖盘
1520,10:49:25,3.1,--,46,14260,买盘
1521,10:49:19,3.1,--,28,8680,买盘
1522,10:49:13,3.1,--,1,310,买盘
1523,10:49:10,3.1,--,109,33790,买盘
1524,10:49:04,3.1,--,6,1860,买盘
1525,10:48:54,3.1,0.01,6,1860,买盘
1526,10:48:49,3.09,--,1,309,卖盘
1527,10:48:43,3.09,--,309,95481,卖盘
1528,10:48:40,3.09,-0.01,284,87756,卖盘
1529,10:48:34,3.1,0.01,50,15500,买盘
1530,10:48:28,3.09,-0.01,331,102279,卖盘
1531,10:48:24,3.1,0.01,78,24180,买盘
1532,10:48:19,3.09,-0.01,383,118347,卖盘
1533,10:48:13,3.1,--,1,310,买盘
1534,10:48:10,3.1,0.01,1,310,买盘
1535,10:48:04,3.09,--,795,245655,卖盘
1536,10:47:54,3.09,--,120,37080,卖盘
1537,10:47:49,3.09,--,33,10332,卖盘
1538,10:47:28,3.09,--,1,309,卖盘
1539,10:47:25,3.09,--,18,5562,卖盘
1540,10:46:54,3.09,--,36,11124,卖盘
1541,10:46:49,3.09,-0.01,26,8034,卖盘
1542,10:46:39,3.1,--,298,92380,买盘
1543,10:46:34,3.1,0.01,1,310,买盘
1544,10:46:24,3.09,-0.01,2,618,卖盘
1545,10:46:19,3.1,--,60,18600,买盘
1546,10:46:04,3.1,0.01,4,1240,买盘
1547,10:45:54,3.09,--,18,5562,卖盘
1548,10:45:49,3.09,-0.01,2,618,卖盘
1549,10:45:39,3.1,0.01,81,25110,买盘
1550,10:45:34,3.09,-0.01,31,9579,卖盘
1551,10:45:24,3.1,0.01,136,42160,买盘
1552,10:45:13,3.09,--,3700,1143300,卖盘
1553,10:45:09,3.09,-0.01,7,2163,卖盘
1554,10:45:04,3.1,0.01,60,18600,买盘
1555,10:44:54,3.09,--,7,2163,卖盘
1556,10:44:49,3.09,--,1,309,卖盘
1557,10:44:39,3.09,-0.01,3,927,卖盘
1558,10:44:34,3.1,0.01,3,930,买盘
1559,10:44:28,3.09,--,1,309,卖盘
1560,10:44:24,3.09,-0.01,2,618,卖盘
1561,10:44:13,3.1,0.01,6,1860,买盘
1562,10:44:09,3.09,--,3,927,卖盘
1563,10:43:58,3.09,--,48,14832,卖盘
1564,10:43:49,3.09,--,2,618,卖盘
1565,10:43:39,3.09,-0.01,10,3090,卖盘
1566,10:43:28,3.1,0.01,12,3720,买盘
1567,10:43:24,3.09,-0.01,400,123600,卖盘
1568,10:43:09,3.1,--,465,144150,买盘
1569,10:43:04,3.1,0.01,2,620,买盘
1570,10:42:49,3.09,--,39,12051,卖盘
1571,10:42:43,3.09,-0.01,15,4635,卖盘
1572,10:42:37,3.1,--,294,91140,买盘
1573,10:42:34,3.1,--,92,28520,买盘
1574,10:42:28,3.1,--,201,62310,买盘
1575,10:42:22,3.1,--,122,37820,买盘
1576,10:42:19,3.1,--,32,9920,买盘
1577,10:42:07,3.1,--,219,67890,买盘
1578,10:42:04,3.1,--,207,64170,买盘
1579,10:41:58,3.1,--,636,197160,买盘
1580,10:41:48,3.1,0.01,186,57660,买盘
1581,10:41:43,3.09,-0.01,95,29355,卖盘
1582,10:41:33,3.1,0.01,19,5890,买盘
1583,10:41:07,3.09,--,2,618,卖盘
1584,10:40:58,3.09,--,170,52530,卖盘
1585,10:40:48,3.09,--,1,309,卖盘
1586,10:40:33,3.09,-0.01,20,6180,卖盘
1587,10:40:22,3.1,0.01,1,310,买盘
1588,10:40:18,3.09,--,12,3708,卖盘
1589,10:40:13,3.09,--,79,24411,卖盘
1590,10:40:07,3.09,-0.01,150,46350,卖盘
1591,10:40:03,3.1,0.01,10,3100,买盘
1592,10:39:58,3.09,--,172,53148,卖盘
1593,10:39:52,3.09,--,10,3090,卖盘
1594,10:39:48,3.09,--,9,2842,卖盘
1595,10:39:43,3.09,-0.01,50,15450,卖盘
1596,10:39:37,3.1,--,1,310,买盘
1597,10:39:33,3.1,--,2,620,买盘
1598,10:39:18,3.1,0.01,1,310,买盘
1599,10:39:13,3.09,--,29,8961,卖盘
1600,10:39:03,3.09,--,7,2224,卖盘
1601,10:38:58,3.09,--,20,6180,卖盘
1602,10:38:48,3.09,--,1,309,卖盘
1603,10:38:43,3.09,-0.01,50,15450,卖盘
1604,10:38:37,3.1,0.01,1,310,买盘
1605,10:38:28,3.09,-0.01,1,309,卖盘
1606,10:38:18,3.1,--,1,310,买盘
1607,10:38:13,3.1,0.01,1,310,买盘
1608,10:38:03,3.09,-0.01,1,309,卖盘
1609,10:37:58,3.1,0.01,80,24800,买盘
1610,10:37:48,3.09,-0.01,5,1545,卖盘
1611,10:37:43,3.1,--,90,27900,买盘
1612,10:37:33,3.1,0.01,10,3100,买盘
1613,10:37:18,3.09,-0.01,49,15141,卖盘
1614,10:37:13,3.1,--,21,6510,买盘
1615,10:37:07,3.1,0.01,1,310,买盘
1616,10:36:58,3.09,--,120,37080,卖盘
1617,10:36:48,3.09,--,2,618,卖盘
1618,10:36:43,3.09,--,3,927,卖盘
1619,10:36:28,3.09,-0.01,5,1545,卖盘
1620,10:36:13,3.1,--,1,310,买盘
1621,10:35:58,3.1,0.01,1,310,买盘
1622,10:35:52,3.09,-0.01,1,309,卖盘
1623,10:35:46,3.1,--,3703,1147930,买盘
1624,10:35:43,3.1,0.01,5,1550,买盘
1625,10:35:37,3.09,-0.01,197,61098,卖盘
1626,10:35:28,3.1,0.01,1,310,买盘
1627,10:35:22,3.09,--,15,4635,卖盘
1628,10:35:16,3.09,--,110,33990,卖盘
1629,10:35:13,3.09,--,6,1854,卖盘
1630,10:35:07,3.09,--,13,4017,卖盘
1631,10:35:01,3.09,-0.01,5,1545,卖盘
1632,10:34:57,3.1,--,36,11160,买盘
1633,10:34:52,3.1,0.01,100,31000,买盘
1634,10:34:46,3.09,--,1,309,卖盘
1635,10:34:27,3.09,--,211,65199,卖盘
1636,10:34:22,3.09,--,70,21630,卖盘
1637,10:34:16,3.09,-0.01,101,31209,卖盘
1638,10:34:12,3.1,--,5,1550,买盘
1639,10:34:01,3.1,0.01,1,310,买盘
1640,10:33:52,3.09,--,59,18231,卖盘
1641,10:33:46,3.09,-0.01,2,618,卖盘
1642,10:33:27,3.1,--,413,128330,买盘
1643,10:33:22,3.1,0.01,684,212040,买盘
1644,10:33:07,3.09,--,82,25338,卖盘
1645,10:33:01,3.09,--,2,618,卖盘
1646,10:32:57,3.09,--,117,36153,卖盘
1647,10:32:46,3.09,--,11,3399,卖盘
1648,10:32:42,3.09,-0.01,1,309,卖盘
1649,10:32:27,3.1,--,10,3100,买盘
1650,10:32:16,3.1,--,1,310,买盘
1651,10:32:07,3.1,--,4,1240,买盘
1652,10:32:01,3.1,--,100,31000,买盘
1653,10:31:57,3.1,0.01,8,2480,买盘
1654,10:31:46,3.09,-0.01,23,7107,卖盘
1655,10:31:27,3.1,--,1,310,买盘
1656,10:31:22,3.1,0.01,5,1550,买盘
1657,10:31:12,3.09,--,3850,1189650,卖盘
1658,10:31:07,3.09,--,26,8034,卖盘
1659,10:31:01,3.09,-0.01,75,23175,卖盘
1660,10:30:57,3.1,0.01,1,310,买盘
1661,10:30:46,3.09,--,4,1236,卖盘
1662,10:30:42,3.09,-0.01,1,309,卖盘
1663,10:30:37,3.1,--,9,2790,买盘
1664,10:30:31,3.1,--,499,154690,买盘
1665,10:30:27,3.1,--,123,38130,买盘
1666,10:30:22,3.1,--,1,310,买盘
1667,10:30:12,3.1,--,617,191270,买盘
1668,10:30:07,3.1,--,12,3720,买盘
1669,10:30:01,3.1,--,408,126480,买盘
1670,10:29:57,3.1,0.01,207,64170,买盘
1671,10:29:46,3.09,-0.01,28,8652,卖盘
1672,10:29:42,3.1,0.01,100,31000,买盘
1673,10:29:37,3.09,--,29,8961,卖盘
1674,10:29:27,3.09,--,1,309,卖盘
1675,10:29:22,3.09,--,42,12978,卖盘
1676,10:29:12,3.09,--,4,1236,卖盘
1677,10:29:01,3.09,--,3700,1143300,卖盘
1678,10:28:46,3.09,-0.01,2,618,卖盘
1679,10:28:42,3.1,--,218,67580,买盘
1680,10:28:31,3.1,--,19,5890,买盘
1681,10:28:22,3.1,--,11,3410,买盘
1682,10:28:16,3.1,--,1,310,买盘
1683,10:28:07,3.1,--,13,4030,买盘
1684,10:28:01,3.1,0.01,1,310,买盘
1685,10:27:55,3.09,-0.01,100,30900,卖盘
1686,10:27:52,3.1,0.01,8,2480,买盘
1687,10:27:46,3.09,-0.01,48,14832,卖盘
1688,10:27:40,3.1,--,3,930,买盘
1689,10:27:37,3.1,0.01,81,25110,买盘
1690,10:27:31,3.09,--,2,618,卖盘
1691,10:27:25,3.09,--,4,1236,卖盘
1692,10:27:10,3.09,--,30,9270,卖盘
1693,10:27:06,3.09,--,30,9270,卖盘
1694,10:26:55,3.09,--,4,1236,卖盘
1695,10:26:51,3.09,-0.01,1,309,卖盘
1696,10:26:46,3.1,0.01,3,930,买盘
1697,10:26:36,3.09,--,46,14214,卖盘
1698,10:26:31,3.09,-0.01,14,4326,卖盘
1699,10:26:21,3.1,--,15,4650,买盘
1700,10:26:16,3.1,--,1,310,买盘
1701,10:26:10,3.1,0.01,10,3100,买盘
1702,10:26:06,3.09,-0.01,172,53148,卖盘
1703,10:26:01,3.1,0.01,15,4650,买盘
1704,10:25:51,3.09,--,10,3090,卖盘
1705,10:25:46,3.09,-0.01,22,6798,卖盘
1706,10:25:31,3.1,--,4,1240,买盘
1707,10:25:21,3.1,0.01,1,310,买盘
1708,10:25:16,3.09,-0.01,2,618,卖盘
1709,10:25:01,3.1,0.01,1,310,买盘
1710,10:24:51,3.09,--,214,66126,卖盘
1711,10:24:46,3.09,-0.01,2,618,卖盘
1712,10:24:36,3.1,0.01,37,11470,买盘
1713,10:24:31,3.09,-0.01,500,154500,卖盘
1714,10:24:16,3.1,0.01,10,3100,买盘
1715,10:24:10,3.09,--,265,81885,卖盘
1716,10:24:01,3.09,--,203,62727,卖盘
1717,10:23:55,3.09,--,7,2163,卖盘
1718,10:23:51,3.09,--,421,130089,卖盘
1719,10:23:46,3.09,-0.01,1,309,卖盘
1720,10:23:40,3.1,0.01,1,310,买盘
1721,10:23:36,3.09,-0.01,12,3708,卖盘
1722,10:23:06,3.1,--,6,1860,买盘
1723,10:23:01,3.1,0.01,42,13020,买盘
1724,10:22:55,3.09,-0.01,271,83739,卖盘
1725,10:22:51,3.1,--,1,310,买盘
1726,10:22:46,3.1,--,35,10850,买盘
1727,10:22:36,3.1,0.01,3,930,买盘
1728,10:22:31,3.09,-0.01,1,309,卖盘
1729,10:22:25,3.1,0.01,1,310,买盘
1730,10:21:51,3.09,--,1033,319197,卖盘
1731,10:21:46,3.09,--,1,309,卖盘
1732,10:21:40,3.09,--,1,309,卖盘
1733,10:21:25,3.09,--,1,309,卖盘
1734,10:21:16,3.09,--,9,2781,卖盘
1735,10:21:10,3.09,--,21,6489,卖盘
1736,10:21:01,3.09,--,1,309,卖盘
1737,10:20:55,3.09,--,1,309,卖盘
1738,10:20:49,3.09,--,27,8343,卖盘
1739,10:20:46,3.09,--,416,128544,卖盘
1740,10:20:34,3.09,--,1,309,卖盘
1741,10:20:31,3.09,--,3700,1143300,卖盘
1742,10:20:16,3.09,--,7,2163,卖盘
1743,10:19:46,3.09,-0.01,1,309,卖盘
1744,10:19:40,3.1,--,231,71610,买盘
1745,10:19:31,3.1,--,5,1550,买盘
1746,10:19:16,3.1,--,10,3100,买盘
1747,10:19:10,3.1,0.01,1500,465000,买盘
1748,10:19:00,3.09,--,6,1854,卖盘
1749,10:18:55,3.09,-0.01,21,6489,卖盘
1750,10:18:49,3.1,0.01,3,930,买盘
1751,10:18:46,3.09,-0.01,16,4944,卖盘
1752,10:18:40,3.1,--,3,930,买盘
1753,10:18:30,3.1,--,138,42780,买盘
1754,10:18:16,3.1,0.01,95,29450,买盘
1755,10:18:10,3.09,-0.01,1,309,卖盘
1756,10:17:49,3.1,0.01,16,4960,买盘
1757,10:17:45,3.09,-0.01,187,57783,卖盘
1758,10:17:40,3.1,--,10,3100,买盘
1759,10:17:34,3.1,--,39,12090,买盘
1760,10:17:30,3.1,--,91,28210,买盘
1761,10:17:19,3.1,--,97,30070,买盘
1762,10:17:15,3.1,--,31,9610,买盘
1763,10:17:10,3.1,0.01,36,11160,买盘
1764,10:17:04,3.09,-0.01,222,68598,卖盘
1765,10:17:00,3.1,--,100,31000,买盘
1766,10:16:55,3.1,--,119,36890,买盘
1767,10:16:45,3.1,--,343,106330,买盘
1768,10:16:40,3.1,--,15,4650,买盘
1769,10:16:34,3.1,--,27,8370,买盘
1770,10:16:30,3.1,--,502,155620,买盘
1771,10:16:25,3.1,--,14,4340,买盘
1772,10:16:19,3.1,--,50,15500,买盘
1773,10:16:15,3.1,--,189,58590,买盘
1774,10:16:10,3.1,--,3911,1212410,买盘
1775,10:16:00,3.1,--,459,142290,买盘
1776,10:15:55,3.1,--,6,1860,买盘
1777,10:15:49,3.1,--,25,7750,买盘
1778,10:15:45,3.1,--,188,58280,买盘
1779,10:15:40,3.1,--,186,57660,买盘
1780,10:15:34,3.1,0.01,239,74090,买盘
1781,10:15:30,3.09,-0.01,21,6489,卖盘
1782,10:15:25,3.1,--,207,64170,买盘
1783,10:15:19,3.1,0.01,207,64170,买盘
1784,10:15:15,3.09,-0.01,346,106914,卖盘
1785,10:15:10,3.1,0.01,1894,587140,买盘
1786,10:15:00,3.09,--,16,4944,卖盘
1787,10:14:55,3.09,-0.01,2,618,卖盘
1788,10:14:49,3.1,0.01,227,70370,买盘
1789,10:14:45,3.09,--,1,309,卖盘
1790,10:14:39,3.09,-0.01,64,19776,卖盘
1791,10:14:30,3.1,0.01,3,930,买盘
1792,10:14:25,3.09,-0.01,1,309,卖盘
1793,10:14:19,3.1,0.01,1,310,买盘
1794,10:14:10,3.09,--,20,6180,卖盘
1795,10:14:04,3.09,--,202,62418,卖盘
1796,10:14:00,3.09,-0.01,6,1854,卖盘
1797,10:13:49,3.1,0.01,236,73160,买盘
1798,10:13:40,3.09,--,5041,1557669,卖盘
1799,10:13:34,3.09,-0.01,101,31209,卖盘
1800,10:13:24,3.1,--,1,310,买盘
1801,10:13:19,3.1,--,19,5890,买盘
1802,10:13:09,3.1,0.01,1666,516460,买盘
1803,10:13:04,3.09,--,10,3090,卖盘
1804,10:13:00,3.09,--,10,3090,卖盘
1805,10:12:54,3.09,--,34,10506,卖盘
1806,10:12:49,3.09,--,190,58710,卖盘
1807,10:12:39,3.09,--,11,3399,卖盘
1808,10:12:34,3.09,--,3701,1143609,卖盘
1809,10:12:19,3.09,-0.01,101,31209,卖盘
1810,10:12:09,3.1,0.01,137,42470,买盘
1811,10:12:04,3.09,-0.01,76,23484,卖盘
1812,10:11:55,3.1,0.01,47,14570,买盘
1813,10:11:49,3.09,--,187,57783,卖盘
1814,10:11:43,3.09,--,712,220008,卖盘
1815,10:11:39,3.09,--,4,1236,卖盘
1816,10:11:34,3.09,-0.01,99,30591,卖盘
1817,10:11:28,3.1,0.01,7,2170,买盘
1818,10:11:24,3.09,-0.01,2,618,卖盘
1819,10:11:19,3.1,--,201,62310,买盘
1820,10:10:54,3.1,0.01,4,1240,买盘
1821,10:10:49,3.09,-0.01,188,58092,卖盘
1822,10:10:34,3.1,--,476,147560,买盘
1823,10:10:28,3.1,0.01,201,62310,买盘
1824,10:10:24,3.09,-0.01,29,8961,卖盘
1825,10:10:19,3.1,--,72,22320,买盘
1826,10:10:09,3.1,--,87,26970,买盘
1827,10:10:04,3.1,--,23,7130,买盘
1828,10:09:54,3.1,--,1,310,买盘
1829,10:09:49,3.1,0.01,189,58590,买盘
1830,10:09:43,3.09,--,14,4326,卖盘
1831,10:09:39,3.09,--,2,618,卖盘
1832,10:09:34,3.09,-0.01,200,61800,卖盘
1833,10:09:24,3.1,--,5,1550,买盘
1834,10:09:19,3.1,0.01,1,310,买盘
1835,10:09:13,3.09,--,1028,317652,卖盘
1836,10:09:09,3.09,-0.01,1131,349479,卖盘
1837,10:09:04,3.1,--,143,44330,买盘
1838,10:08:58,3.1,0.01,2,620,买盘
1839,10:08:49,3.09,-0.01,188,58092,卖盘
1840,10:08:43,3.1,--,279,86490,买盘
1841,10:08:39,3.1,0.01,1767,547770,买盘
1842,10:08:34,3.09,--,146,45358,卖盘
1843,10:08:24,3.09,-0.01,114,35226,卖盘
1844,10:08:19,3.1,0.01,1,310,买盘
1845,10:08:13,3.09,-0.01,227,70143,卖盘
1846,10:08:09,3.1,--,201,62310,买盘
1847,10:08:04,3.1,0.01,1485,460350,买盘
1848,10:07:58,3.09,--,40,12360,卖盘
1849,10:07:48,3.09,-0.01,467,144303,卖盘
1850,10:07:39,3.1,--,260,80600,买盘
1851,10:07:33,3.1,--,100,31000,买盘
1852,10:07:28,3.1,0.01,216,66960,买盘
1853,10:07:24,3.09,--,754,232986,卖盘
1854,10:07:18,3.09,-0.01,582,179838,卖盘
1855,10:07:13,3.1,--,1062,329220,买盘
1856,10:07:09,3.1,0.01,1035,320850,买盘
1857,10:06:58,3.09,--,51,15759,卖盘
1858,10:06:48,3.09,-0.01,189,58401,卖盘
1859,10:06:43,3.1,0.01,3901,1209310,买盘
1860,10:06:39,3.09,-0.01,1089,336501,卖盘
1861,10:06:33,3.1,0.01,47,14570,买盘
1862,10:06:24,3.09,--,6,1854,卖盘
1863,10:06:18,3.09,-0.01,2,618,卖盘
1864,10:06:13,3.1,0.01,236,73160,买盘
1865,10:06:03,3.09,-0.01,109,33681,卖盘
1866,10:05:58,3.1,0.01,31,9610,买盘
1867,10:05:54,3.09,--,100,30900,卖盘
1868,10:05:48,3.09,--,211,65199,卖盘
1869,10:05:43,3.09,-0.01,10,3090,卖盘
1870,10:05:39,3.1,--,4,1240,买盘
1871,10:05:33,3.1,--,202,62620,买盘
1872,10:05:23,3.1,--,12,3720,买盘
1873,10:05:18,3.1,--,1,310,买盘
1874,10:05:09,3.1,--,1,310,买盘
1875,10:05:03,3.1,--,231,71610,买盘
1876,10:04:58,3.1,--,31,9610,买盘
1877,10:04:52,3.1,0.01,5,1550,买盘
1878,10:04:48,3.09,--,188,58092,卖盘
1879,10:04:37,3.09,-0.01,151,46659,卖盘
1880,10:04:33,3.1,0.01,4,1240,买盘
1881,10:04:22,3.09,-0.01,32,9888,卖盘
1882,10:04:18,3.1,--,68,21080,买盘
1883,10:04:13,3.1,--,54,16740,买盘
1884,10:04:03,3.1,0.01,3,930,买盘
1885,10:03:58,3.09,--,43,13287,卖盘
1886,10:03:48,3.09,--,193,59637,卖盘
1887,10:03:43,3.09,-0.01,11,3399,卖盘
1888,10:03:33,3.1,--,10,3100,买盘
1889,10:03:28,3.1,0.01,5,1550,买盘
1890,10:03:22,3.09,-0.01,26,8034,卖盘
1891,10:03:18,3.1,--,322,99820,买盘
1892,10:03:13,3.1,0.01,1,310,买盘
1893,10:03:03,3.09,--,49,15141,卖盘
1894,10:02:58,3.09,--,116,35844,卖盘
1895,10:02:48,3.09,--,187,57783,卖盘
1896,10:02:43,3.09,-0.01,116,35844,卖盘
1897,10:02:37,3.1,0.01,1,310,买盘
1898,10:02:33,3.09,--,64,19776,卖盘
1899,10:02:28,3.09,-0.01,3,927,卖盘
1900,10:02:22,3.1,0.01,664,205840,买盘
1901,10:02:18,3.09,--,90,27810,卖盘
1902,10:02:13,3.09,-0.01,6,1854,卖盘
1903,10:02:07,3.1,0.01,15,4650,买盘
1904,10:01:58,3.09,--,1,309,卖盘
1905,10:01:52,3.09,-0.01,3,927,卖盘
1906,10:01:48,3.1,0.01,192,59520,买盘
1907,10:01:43,3.09,--,14,4326,卖盘
1908,10:01:27,3.09,--,10,3090,卖盘
1909,10:01:18,3.09,--,1,309,卖盘
1910,10:01:13,3.09,--,3,927,卖盘
1911,10:01:07,3.09,--,1,309,卖盘
1912,10:01:03,3.09,--,3738,1155042,卖盘
1913,10:00:58,3.09,-0.01,48,14832,卖盘
1914,10:00:52,3.1,--,494,153140,买盘
1915,10:00:48,3.1,--,209,64790,买盘
1916,10:00:42,3.1,--,1,310,买盘
1917,10:00:33,3.1,0.01,11,3410,买盘
1918,10:00:22,3.09,-0.01,1309,404481,卖盘
1919,10:00:17,3.1,--,1089,337590,买盘
1920,10:00:12,3.1,--,16,4960,买盘
1921,10:00:07,3.1,0.01,1,310,买盘
1922,10:00:02,3.09,--,101,31209,卖盘
1923,09:59:57,3.09,-0.01,106,32754,卖盘
1924,09:59:52,3.1,0.01,16,4960,买盘
1925,09:59:48,3.09,--,188,58092,卖盘
1926,09:59:42,3.09,--,719,222171,卖盘
1927,09:59:37,3.09,--,3844,1187796,卖盘
1928,09:59:27,3.09,--,1,309,卖盘
1929,09:59:22,3.09,-0.01,83,25647,卖盘
1930,09:59:12,3.1,0.01,1000,310000,买盘
1931,09:59:07,3.09,--,1,309,卖盘
1932,09:58:57,3.09,--,111,34299,卖盘
1933,09:58:52,3.09,--,15,4635,卖盘
1934,09:58:47,3.09,--,214,66126,卖盘
1935,09:58:42,3.09,--,129,39861,卖盘
1936,09:58:37,3.09,-0.01,30,9270,卖盘
1937,09:58:27,3.1,0.01,9,2790,买盘
1938,09:58:22,3.09,-0.01,85,26265,卖盘
1939,09:58:17,3.1,0.01,60,18600,买盘
1940,09:58:12,3.09,-0.01,54,16686,卖盘
1941,09:58:07,3.1,0.01,1087,336970,买盘
1942,09:58:02,3.09,-0.01,2,618,卖盘
1943,09:57:57,3.1,0.01,62,19220,买盘
1944,09:57:47,3.09,-0.01,188,58092,卖盘
1945,09:57:42,3.1,0.01,15,4650,买盘
1946,09:57:37,3.09,-0.01,100,30900,卖盘
1947,09:57:31,3.1,0.01,1,310,买盘
1948,09:57:27,3.09,--,1,309,卖盘
1949,09:57:22,3.09,--,10,3090,卖盘
1950,09:57:16,3.09,--,1,309,卖盘
1951,09:57:12,3.09,--,4,1236,卖盘
1952,09:57:07,3.09,--,1,309,卖盘
1953,09:56:57,3.09,--,53,16377,卖盘
1954,09:56:46,3.09,--,188,58092,卖盘
1955,09:56:42,3.09,-0.01,783,241947,卖盘
1956,09:56:37,3.1,0.01,74,22940,买盘
1957,09:56:27,3.09,--,201,62109,卖盘
1958,09:56:22,3.09,-0.01,2,618,卖盘
1959,09:56:16,3.1,--,3741,1159710,买盘
1960,09:56:12,3.1,0.01,1,310,买盘
1961,09:56:01,3.09,--,10,3090,卖盘
1962,09:55:57,3.09,-0.01,666,206069,卖盘
1963,09:55:52,3.1,0.01,1,310,买盘
1964,09:55:46,3.09,-0.01,188,58092,卖盘
1965,09:55:42,3.1,--,1,310,买盘
1966,09:55:37,3.1,0.01,1087,336970,买盘
1967,09:55:31,3.09,--,8,2472,卖盘
1968,09:55:27,3.09,--,101,31209,卖盘
1969,09:55:22,3.09,--,7,2163,卖盘
1970,09:55:16,3.09,-0.01,173,53457,卖盘
1971,09:55:12,3.1,--,31,9610,买盘
1972,09:55:07,3.1,--,1,310,买盘
1973,09:54:56,3.1,0.01,5,1550,买盘
1974,09:54:46,3.09,--,187,57783,卖盘
1975,09:54:42,3.09,--,13,4017,卖盘
1976,09:54:37,3.09,-0.01,488,150792,卖盘
1977,09:54:31,3.1,0.01,12,3720,买盘
1978,09:54:26,3.09,--,181,55929,卖盘
1979,09:54:22,3.09,-0.01,5,1545,卖盘
1980,09:54:16,3.1,--,3,930,买盘
1981,09:54:11,3.1,--,230,71300,买盘
1982,09:54:06,3.1,0.01,1094,339140,买盘
1983,09:54:01,3.09,-0.01,110,33990,卖盘
1984,09:53:56,3.1,0.01,12,3720,买盘
1985,09:53:52,3.09,--,296,91464,卖盘
1986,09:53:46,3.09,-0.01,293,90537,卖盘
1987,09:53:41,3.1,0.01,130,40300,买盘
1988,09:53:37,3.09,-0.01,170,52530,卖盘
1989,09:53:31,3.1,--,1229,380990,买盘
1990,09:53:26,3.1,0.01,152,47120,买盘
1991,09:53:21,3.09,-0.01,100,30900,卖盘
1992,09:53:16,3.1,--,3748,1161880,买盘
1993,09:53:06,3.1,--,3,930,买盘
1994,09:52:56,3.1,--,50,15500,买盘
1995,09:52:51,3.1,0.01,1,310,买盘
1996,09:52:46,3.09,--,199,61491,卖盘
1997,09:52:36,3.09,--,212,65508,卖盘
1998,09:52:31,3.09,--,10,3090,卖盘
1999,09:52:21,3.09,--,9,2781,卖盘
2000,09:52:16,3.09,-0.01,40,12360,卖盘
2001,09:52:06,3.1,--,17,5270,买盘
2002,09:52:01,3.1,0.01,28,8680,买盘
2003,09:51:56,3.09,-0.01,13,4017,卖盘
2004,09:51:51,3.1,0.01,1,310,买盘
2005,09:51:46,3.09,-0.01,254,78486,卖盘
2006,09:51:36,3.1,--,14,4340,买盘
2007,09:51:31,3.1,0.01,1,310,买盘
2008,09:51:21,3.09,--,1569,484821,卖盘
2009,09:51:16,3.09,--,4,1236,卖盘
2010,09:51:11,3.09,-0.01,320,98880,卖盘
2011,09:51:06,3.1,0.01,1084,336040,买盘
2012,09:51:01,3.09,--,3,927,卖盘
2013,09:50:56,3.09,-0.01,16,4944,卖盘
2014,09:50:51,3.1,0.01,337,104470,买盘
2015,09:50:46,3.09,--,243,75087,卖盘
2016,09:50:41,3.09,-0.01,20,6180,卖盘
2017,09:50:36,3.1,0.01,76,23560,买盘
2018,09:50:31,3.09,--,20,6180,卖盘
2019,09:50:26,3.09,-0.01,2002,618618,卖盘
2020,09:50:21,3.1,--,203,62930,买盘
2021,09:50:16,3.1,0.01,115,35650,买盘
2022,09:50:10,3.09,--,3700,1143300,卖盘
2023,09:50:06,3.09,--,22,6798,卖盘
2024,09:49:55,3.09,--,6,1854,卖盘
2025,09:49:46,3.09,-0.01,371,114639,卖盘
2026,09:49:40,3.1,0.01,837,259470,买盘
2027,09:49:36,3.09,--,6,1854,卖盘
2028,09:49:31,3.09,--,3,927,卖盘
2029,09:49:25,3.09,--,9,2781,卖盘
2030,09:49:21,3.09,--,6,1854,卖盘
2031,09:49:16,3.09,--,7,2163,卖盘
2032,09:49:10,3.09,-0.01,1119,345771,卖盘
2033,09:49:06,3.1,0.01,7,2170,买盘
2034,09:49:01,3.09,--,166,51294,卖盘
2035,09:48:55,3.09,--,4,1236,卖盘
2036,09:48:51,3.09,-0.01,953,294477,卖盘
2037,09:48:46,3.1,0.01,317,98270,买盘
2038,09:48:36,3.09,-0.01,1334,412502,卖盘
2039,09:48:31,3.1,0.01,17,5270,买盘
2040,09:48:25,3.09,--,34,10506,卖盘
2041,09:48:21,3.09,--,140,43260,卖盘
2042,09:48:16,3.09,--,1,309,卖盘
2043,09:48:06,3.09,--,1358,419622,卖盘
2044,09:48:01,3.09,--,2,618,卖盘
2045,09:47:51,3.09,-0.01,4116,1271844,卖盘
2046,09:47:46,3.1,--,119,36890,买盘
2047,09:47:40,3.1,0.01,34,10540,买盘
2048,09:47:36,3.09,-0.01,106,32754,卖盘
2049,09:47:25,3.1,0.01,283,87730,买盘
2050,09:47:20,3.09,-0.01,29,8961,卖盘
2051,09:47:15,3.1,--,1418,439580,买盘
2052,09:47:10,3.1,--,1,310,买盘
2053,09:47:00,3.1,--,665,206150,买盘
2054,09:46:55,3.1,--,100,31000,买盘
2055,09:46:50,3.1,--,70,21700,买盘
2056,09:46:45,3.1,0.01,35,10850,买盘
2057,09:46:40,3.09,--,146,45114,卖盘
2058,09:46:30,3.09,--,17,5253,卖盘
2059,09:46:25,3.09,-0.01,5,1545,卖盘
2060,09:46:20,3.1,0.01,1,310,买盘
2061,09:46:15,3.09,--,65,20085,卖盘
2062,09:46:10,3.09,--,62,19158,卖盘
2063,09:46:00,3.09,-0.01,179,55311,卖盘
2064,09:45:55,3.1,0.01,239,74090,买盘
2065,09:45:45,3.09,-0.01,65,20085,卖盘
2066,09:45:40,3.1,0.01,16,4960,买盘
2067,09:45:30,3.09,-0.01,170,52530,卖盘
2068,09:45:25,3.1,--,218,67580,买盘
2069,09:45:20,3.1,0.01,288,89280,买盘
2070,09:45:15,3.09,--,3874,1197066,卖盘
2071,09:45:10,3.09,--,19,5871,卖盘
2072,09:45:05,3.09,--,2,618,卖盘
2073,09:45:00,3.09,--,122,37698,卖盘
2074,09:44:55,3.09,0.01,9789,3024801,买盘
2075,09:44:45,3.08,-0.01,2,616,卖盘
2076,09:44:40,3.09,--,20435,6314415,买盘
2077,09:44:30,3.09,--,243,75087,买盘
2078,09:44:25,3.09,0.01,30008,9272472,买盘
2079,09:44:15,3.08,-0.01,230,70840,卖盘
2080,09:44:10,3.09,--,68,21012,买盘
2081,09:43:55,3.09,--,20,6180,买盘
2082,09:43:50,3.09,0.01,15,4635,买盘
2083,09:43:45,3.08,-0.01,32,9856,卖盘
2084,09:43:40,3.09,0.01,5,1545,买盘
2085,09:43:35,3.08,-0.01,17,5236,卖盘
2086,09:43:30,3.09,--,35,10815,买盘
2087,09:43:10,3.09,--,40,12360,买盘
2088,09:43:05,3.09,0.01,80,24720,买盘
2089,09:43:00,3.08,--,134,41272,卖盘
2090,09:42:55,3.08,--,3,924,卖盘
2091,09:42:50,3.08,--,2000,616000,卖盘
2092,09:42:45,3.08,--,1002,308616,卖盘
2093,09:42:40,3.08,--,20,6160,卖盘
2094,09:42:34,3.08,-0.01,23,7084,卖盘
2095,09:42:25,3.09,--,560,173040,买盘
2096,09:42:19,3.09,0.01,171,52839,买盘
2097,09:42:15,3.08,--,16,4928,卖盘
2098,09:42:10,3.08,--,200,61600,卖盘
2099,09:42:00,3.08,-0.01,10,3080,卖盘
2100,09:41:55,3.09,0.01,702,216918,买盘
2101,09:41:45,3.08,--,36,11088,卖盘
2102,09:41:40,3.08,-0.01,651,200508,卖盘
2103,09:41:34,3.09,--,1,309,买盘
2104,09:41:30,3.09,0.01,1115,344535,买盘
2105,09:41:25,3.08,--,2,616,卖盘
2106,09:41:19,3.08,-0.01,49,15092,卖盘
2107,09:41:15,3.09,0.01,30,9270,买盘
2108,09:41:10,3.08,--,1535,472937,卖盘
2109,09:41:00,3.08,--,13,4004,卖盘
2110,09:40:55,3.08,--,55,16940,卖盘
2111,09:40:49,3.08,-0.01,1,308,卖盘
2112,09:40:40,3.09,--,1321,408189,买盘
2113,09:40:34,3.09,--,61,18849,买盘
2114,09:40:29,3.09,--,68,21012,买盘
2115,09:40:24,3.09,--,133,41097,买盘
2116,09:40:19,3.09,0.01,10,3090,买盘
2117,09:40:14,3.08,--,10,3080,卖盘
2118,09:40:10,3.08,--,201,61908,卖盘
2119,09:40:04,3.08,--,139,42812,卖盘
2120,09:39:54,3.08,--,130,40040,卖盘
2121,09:39:49,3.08,-0.01,2,616,卖盘
2122,09:39:44,3.09,0.01,112,34608,买盘
2123,09:39:39,3.08,--,135,41580,卖盘
2124,09:39:34,3.08,-0.01,66,20328,卖盘
2125,09:39:29,3.09,--,1,309,买盘
2126,09:39:24,3.09,--,289,89301,买盘
2127,09:39:19,3.09,0.01,88,27192,买盘
2128,09:39:14,3.08,-0.01,1,308,卖盘
2129,09:39:09,3.09,--,490,151410,买盘
2130,09:39:04,3.09,0.01,266,82194,买盘
2131,09:38:59,3.08,-0.01,83,25564,卖盘
2132,09:38:54,3.09,0.01,13,4017,买盘
2133,09:38:49,3.08,--,398,122584,卖盘
2134,09:38:44,3.08,-0.01,1098,338184,卖盘
2135,09:38:39,3.09,--,217,67053,买盘
2136,09:38:34,3.09,--,478,147702,买盘
2137,09:38:29,3.09,--,990,305910,买盘
2138,09:38:24,3.09,0.01,1196,369564,买盘
2139,09:38:19,3.08,-0.01,53,16324,卖盘
2140,09:38:14,3.09,--,210,64890,买盘
2141,09:38:09,3.09,--,16,4944,买盘
2142,09:38:04,3.09,--,35,10815,买盘
2143,09:37:59,3.09,--,58,17922,买盘
2144,09:37:54,3.09,--,3793,1172037,买盘
2145,09:37:49,3.09,--,344,106296,买盘
2146,09:37:39,3.09,--,147,45423,买盘
2147,09:37:34,3.09,--,299,92391,买盘
2148,09:37:29,3.09,--,77,23793,买盘
2149,09:37:24,3.09,0.01,18,5562,买盘
2150,09:37:19,3.08,-0.01,27,8316,卖盘
2151,09:37:09,3.09,--,65,20085,买盘
2152,09:37:04,3.09,--,136,42024,买盘
2153,09:36:59,3.09,0.01,568,175512,买盘
2154,09:36:54,3.08,--,119,36652,卖盘
2155,09:36:49,3.08,--,1,308,卖盘
2156,09:36:44,3.08,-0.01,40,12320,卖盘
2157,09:36:39,3.09,0.01,1296,400464,买盘
2158,09:36:34,3.08,-0.01,35,10780,卖盘
2159,09:36:29,3.09,--,611,188799,买盘
2160,09:36:24,3.09,0.01,100,30900,买盘
2161,09:36:19,3.08,-0.01,25,7700,卖盘
2162,09:36:14,3.09,--,10037,3101433,买盘
2163,09:36:09,3.09,0.01,1254,387486,买盘
2164,09:36:04,3.08,-0.01,5078,1564024,卖盘
2165,09:35:59,3.09,--,1574,486366,买盘
2166,09:35:54,3.09,--,1356,419004,买盘
2167,09:35:44,3.09,--,210,64890,买盘
2168,09:35:39,3.09,--,4205,1299345,买盘
2169,09:35:34,3.09,--,967,298803,买盘
2170,09:35:29,3.09,0.01,392,121128,买盘
2171,09:35:24,3.08,-0.01,1,308,卖盘
2172,09:35:19,3.09,--,358,110622,买盘
2173,09:35:09,3.09,0.01,2,618,买盘
2174,09:34:49,3.08,-0.01,54,16632,卖盘
2175,09:34:34,3.09,--,400,123600,买盘
2176,09:34:28,3.09,0.01,6,1854,买盘
2177,09:34:24,3.08,-0.01,32,9856,卖盘
2178,09:34:19,3.09,--,246,76014,买盘
2179,09:34:13,3.09,--,88,27192,买盘
2180,09:34:09,3.09,0.01,17,5253,买盘
2181,09:33:58,3.08,--,229,70532,卖盘
2182,09:33:54,3.08,--,1040,320320,卖盘
2183,09:33:48,3.08,-0.01,161,49588,卖盘
2184,09:33:43,3.09,--,502,155173,买盘
2185,09:33:39,3.09,--,100,30900,买盘
2186,09:33:34,3.09,0.01,147,45423,买盘
2187,09:33:28,3.08,--,115,35420,卖盘
2188,09:33:24,3.08,-0.01,2,616,卖盘
2189,09:33:18,3.09,--,505,156045,买盘
2190,09:33:13,3.09,0.01,299,92391,买盘
2191,09:33:08,3.08,-0.01,4472,1377376,卖盘
2192,09:33:03,3.09,--,318,98262,买盘
2193,09:32:58,3.09,--,591,182619,买盘
2194,09:32:53,3.09,--,445,137505,买盘
2195,09:32:48,3.09,--,986,304674,买盘
2196,09:32:43,3.09,--,1283,396447,买盘
2197,09:32:38,3.09,--,4711,1455699,买盘
2198,09:32:33,3.09,0.01,7015,2167635,买盘
2199,09:32:28,3.08,-0.01,763,235004,卖盘
2200,09:32:23,3.09,--,2459,759831,买盘
2201,09:32:18,3.09,0.01,1828,564852,买盘
2202,09:32:13,3.08,--,49,15092,卖盘
2203,09:32:03,3.08,--,24,7392,卖盘
2204,09:31:58,3.08,0.01,70869,21827673,买盘
2205,09:31:53,3.07,-0.01,205,62935,卖盘
2206,09:31:48,3.08,--,168,51744,买盘
2207,09:31:43,3.08,0.01,53,16324,买盘
2208,09:31:28,3.07,-0.01,99,30393,卖盘
2209,09:31:23,3.08,--,10,3080,买盘
2210,09:31:13,3.08,0.01,31,9548,买盘
2211,09:31:03,3.07,-0.01,6199,1903093,卖盘
2212,09:30:48,3.08,--,26,8008,买盘
2213,09:30:43,3.08,--,166,51128,买盘
2214,09:30:33,3.08,--,214,65912,买盘
2215,09:30:18,3.08,--,141,43428,买盘
2216,09:30:13,3.08,--,16,4928,买盘
2217,09:30:08,3.08,--,337,103796,买盘
2218,09:30:03,3.08,--,1739,535612,买盘
2219,09:28:57,3.08,--,0,0,买盘
2220,09:25:07,3.08,3.08,4297,1323476,买盘
