,time,price,change,volume,amount,type
0,15:00:00,10.26,--,0,0,卖盘
1,15:00:00,10.26,--,175,179550,卖盘
2,14:59:58,10.26,--,18,18468,卖盘
3,14:59:54,10.26,--,58,59508,卖盘
4,14:59:48,10.26,-0.01,73,74898,卖盘
5,14:59:39,10.27,0.01,45,46215,买盘
6,14:59:33,10.26,-0.01,16,16416,卖盘
7,14:59:28,10.27,0.01,41,42107,买盘
8,14:59:24,10.26,-0.01,199,204174,卖盘
9,14:59:18,10.27,0.01,156,160212,买盘
10,14:59:13,10.26,--,7,7182,卖盘
11,14:59:09,10.26,--,41,42066,卖盘
12,14:59:03,10.26,--,12,12312,卖盘
13,14:58:58,10.26,--,71,72846,卖盘
14,14:58:48,10.26,--,45,46170,卖盘
15,14:58:43,10.26,--,88,90288,买盘
16,14:58:38,10.26,--,5,5130,买盘
17,14:58:33,10.26,--,31,31806,买盘
18,14:58:28,10.26,--,84,86184,卖盘
19,14:58:23,10.26,--,41,42066,卖盘
20,14:58:18,10.26,--,60,61560,卖盘
21,14:58:13,10.26,-0.01,24,24624,卖盘
22,14:58:08,10.27,0.01,3,3081,买盘
23,14:58:03,10.26,--,205,210330,卖盘
24,14:57:58,10.26,-0.01,24,24624,卖盘
25,14:57:53,10.27,0.01,31,31837,买盘
26,14:57:48,10.26,--,61,62586,买盘
27,14:57:43,10.26,--,179,183654,买盘
28,14:57:38,10.26,--,13,13338,买盘
29,14:57:33,10.26,--,118,121068,买盘
30,14:57:28,10.26,--,696,714096,买盘
31,14:57:23,10.26,--,2,2052,买盘
32,14:57:18,10.26,0.01,42,43092,买盘
33,14:57:13,10.25,--,1,1025,卖盘
34,14:57:03,10.25,-0.01,83,85075,卖盘
35,14:56:58,10.26,--,21,21546,买盘
36,14:56:48,10.26,0.01,74,75924,买盘
37,14:56:43,10.25,--,90,92250,买盘
38,14:56:38,10.25,--,110,112750,卖盘
39,14:56:33,10.25,--,28,28700,卖盘
40,14:56:28,10.25,--,37,37925,卖盘
41,14:56:23,10.25,--,43,44075,卖盘
42,14:56:18,10.25,-0.01,102,104550,卖盘
43,14:56:13,10.26,--,44,45144,买盘
44,14:56:08,10.26,0.01,89,91314,买盘
45,14:56:03,10.25,--,90,92250,卖盘
46,14:55:58,10.25,--,25,25625,卖盘
47,14:55:53,10.25,--,14,14350,卖盘
48,14:55:48,10.25,-0.01,29,29725,卖盘
49,14:55:43,10.26,0.01,51,52326,买盘
50,14:55:38,10.25,--,13,13325,卖盘
51,14:55:33,10.25,--,28,28700,卖盘
52,14:55:27,10.25,--,78,79950,卖盘
53,14:55:18,10.25,--,45,46125,买盘
54,14:55:12,10.25,--,43,44075,卖盘
55,14:55:07,10.25,0.01,4,4100,中性盘
56,14:55:03,10.24,-0.01,76,77824,卖盘
57,14:54:57,10.25,0.01,43,44075,买盘
58,14:54:52,10.24,-0.01,7,7168,卖盘
59,14:54:48,10.25,--,0,0,中性盘
60,14:54:42,10.25,--,49,50225,买盘
61,14:54:37,10.25,0.01,1,1025,买盘
62,14:54:33,10.24,-0.01,5,5120,卖盘
63,14:54:27,10.25,--,54,55350,卖盘
64,14:54:22,10.25,-0.01,35,35875,卖盘
65,14:54:18,10.26,0.01,610,625860,买盘
66,14:54:12,10.25,--,27,27675,卖盘
67,14:54:07,10.25,--,5,5125,卖盘
68,14:54:03,10.25,-0.01,8,8200,卖盘
69,14:53:57,10.26,0.01,16,16416,买盘
70,14:53:52,10.25,--,148,151700,卖盘
71,14:53:48,10.25,--,74,75850,卖盘
72,14:53:42,10.25,--,36,36900,卖盘
73,14:53:37,10.25,-0.01,3,3075,卖盘
74,14:53:33,10.26,0.01,109,111834,买盘
75,14:53:27,10.25,-0.01,58,59450,卖盘
76,14:53:22,10.26,--,5,5130,买盘
77,14:53:18,10.26,--,163,167238,买盘
78,14:53:12,10.26,--,2,2052,买盘
79,14:53:07,10.26,--,110,112860,买盘
80,14:53:03,10.26,--,27,27702,买盘
81,14:52:57,10.26,--,7,7182,买盘
82,14:52:52,10.26,--,18,18468,买盘
83,14:52:48,10.26,--,15,15390,买盘
84,14:52:42,10.26,0.01,53,54378,买盘
85,14:52:32,10.25,--,7,7175,卖盘
86,14:52:27,10.25,-0.01,20,20500,卖盘
87,14:52:22,10.26,0.01,12,12312,买盘
88,14:52:17,10.25,--,2,2050,卖盘
89,14:52:12,10.25,--,28,28700,卖盘
90,14:52:07,10.25,--,86,88150,卖盘
91,14:51:57,10.25,--,287,294175,买盘
92,14:51:52,10.25,--,10,10250,买盘
93,14:51:47,10.25,--,5,5125,买盘
94,14:51:42,10.25,--,10,10250,买盘
95,14:51:37,10.25,0.01,6,6150,买盘
96,14:51:27,10.24,--,10,10240,卖盘
97,14:51:22,10.24,--,4,4096,卖盘
98,14:51:12,10.24,-0.01,166,169984,买盘
99,14:51:07,10.25,0.02,61,62525,买盘
100,14:51:02,10.23,--,7,7161,卖盘
101,14:50:52,10.23,-0.01,82,83886,卖盘
102,14:50:42,10.24,0.02,10,10240,中性盘
103,14:50:37,10.22,-0.02,95,97090,卖盘
104,14:50:27,10.24,--,322,330393,买盘
105,14:50:07,10.24,0.02,302,309248,买盘
106,14:49:57,10.22,--,28,28616,买盘
107,14:49:47,10.22,--,56,57232,买盘
108,14:49:42,10.22,0.01,39,39858,买盘
109,14:49:32,10.21,--,1,1021,卖盘
110,14:49:27,10.21,--,6,6126,卖盘
111,14:49:22,10.21,--,15,15315,卖盘
112,14:49:12,10.21,-0.02,30,30630,卖盘
113,14:49:06,10.23,0.02,358,366234,买盘
114,14:49:02,10.21,--,30,30630,卖盘
115,14:48:57,10.21,-0.01,27,27567,卖盘
116,14:48:51,10.22,0.01,60,61320,买盘
117,14:48:47,10.21,--,100,102100,卖盘
118,14:48:36,10.21,--,20,20420,卖盘
119,14:48:32,10.21,--,1,1021,卖盘
120,14:48:27,10.21,-0.01,1,1021,卖盘
121,14:48:12,10.22,--,11,11242,买盘
122,14:48:06,10.22,0.01,2,2044,买盘
123,14:48:01,10.21,-0.01,1,1021,卖盘
124,14:47:57,10.22,-0.01,211,215642,买盘
125,14:47:42,10.23,--,0,0,买盘
126,14:47:36,10.23,0.01,427,436821,买盘
127,14:47:27,10.22,--,53,54166,卖盘
128,14:47:21,10.22,-0.01,7,7154,卖盘
129,14:47:16,10.23,0.01,40,40920,买盘
130,14:47:12,10.22,--,28,28616,卖盘
131,14:47:01,10.22,--,10,10220,卖盘
132,14:46:57,10.22,--,10,10220,卖盘
133,14:46:51,10.22,--,15,15330,卖盘
134,14:46:46,10.22,--,27,27594,卖盘
135,14:46:42,10.22,0.02,16,16352,买盘
136,14:46:27,10.2,--,0,0,卖盘
137,14:46:21,10.2,--,2,2039,卖盘
138,14:46:12,10.2,-0.02,400,408000,卖盘
139,14:46:06,10.22,--,15,15330,卖盘
140,14:46:01,10.22,0.02,79,80738,买盘
141,14:45:56,10.2,--,1,1019,卖盘
142,14:45:51,10.2,--,333,339660,卖盘
143,14:45:41,10.2,-0.01,5,5100,卖盘
144,14:45:36,10.21,--,25,25525,买盘
145,14:45:26,10.21,0.01,30,30630,买盘
146,14:45:21,10.2,--,18,18360,卖盘
147,14:45:11,10.2,-0.01,200,204000,卖盘
148,14:45:01,10.21,--,149,152129,卖盘
149,14:44:56,10.21,--,2,2042,卖盘
150,14:44:51,10.21,--,21,21441,卖盘
151,14:44:46,10.21,--,32,32672,卖盘
152,14:44:36,10.21,--,6,6126,卖盘
153,14:44:31,10.21,--,6,6126,卖盘
154,14:44:21,10.21,-0.01,9,9189,卖盘
155,14:44:16,10.22,0.01,3,3066,买盘
156,14:44:11,10.21,-0.01,50,51050,卖盘
157,14:44:06,10.22,-0.01,11,11242,中性盘
158,14:44:01,10.23,0.01,121,124294,买盘
159,14:43:51,10.22,--,7,7154,卖盘
160,14:43:46,10.22,-0.01,7,7154,卖盘
161,14:43:41,10.23,0.01,10,10230,买盘
162,14:43:36,10.22,--,30,30660,卖盘
163,14:43:31,10.22,--,35,35770,卖盘
164,14:43:26,10.22,--,2,2044,卖盘
165,14:43:21,10.22,--,16,16352,卖盘
166,14:43:00,10.22,--,2,2044,卖盘
167,14:42:51,10.22,-0.01,44,44968,卖盘
168,14:42:46,10.23,0.01,4,4092,买盘
169,14:42:41,10.22,--,1,1022,卖盘
170,14:42:36,10.22,--,81,82782,卖盘
171,14:42:30,10.22,-0.01,3,3066,卖盘
172,14:42:21,10.23,0.01,15,15345,买盘
173,14:42:15,10.22,--,1,1022,卖盘
174,14:42:06,10.22,-0.01,4,4088,卖盘
175,14:41:51,10.23,0.01,2,2046,卖盘
176,14:41:45,10.22,--,9,9198,卖盘
177,14:41:41,10.22,--,0,0,卖盘
178,14:41:36,10.22,--,50,51611,卖盘
179,14:41:30,10.22,-0.01,10,10220,卖盘
180,14:41:21,10.23,0.01,35,35805,买盘
181,14:41:11,10.22,-0.01,15,15330,卖盘
182,14:41:00,10.23,--,245,250635,买盘
183,14:40:55,10.23,--,10,10230,买盘
184,14:40:51,10.23,--,131,134013,买盘
185,14:40:45,10.23,--,2,2046,买盘
186,14:40:36,10.23,0.01,43,43989,买盘
187,14:40:30,10.22,-0.01,23,23506,卖盘
188,14:40:25,10.23,0.01,4,4092,买盘
189,14:40:21,10.22,--,78,79716,卖盘
190,14:40:06,10.22,-0.01,5,5110,卖盘
191,14:40:00,10.23,--,30,30690,买盘
192,14:39:51,10.23,--,18,18414,买盘
193,14:39:45,10.23,--,5,5115,买盘
194,14:39:40,10.23,--,1,1023,买盘
195,14:39:36,10.23,--,12,12276,买盘
196,14:39:30,10.23,--,21,21483,卖盘
197,14:39:20,10.23,--,27,27621,卖盘
198,14:39:15,10.23,--,10,10230,卖盘
199,14:39:10,10.23,-0.01,4,4092,卖盘
200,14:39:00,10.24,0.01,30,30720,买盘
201,14:38:55,10.23,-0.01,11,11253,卖盘
202,14:38:51,10.24,0.01,23,23552,买盘
203,14:38:25,10.23,--,6,6138,卖盘
204,14:38:20,10.23,--,4,4092,卖盘
205,14:38:15,10.23,--,118,120714,卖盘
206,14:38:10,10.23,-0.01,4,4092,卖盘
207,14:38:05,10.24,0.01,22,22528,买盘
208,14:38:00,10.23,0.01,3,3069,卖盘
209,14:37:55,10.22,--,106,108332,卖盘
210,14:37:40,10.22,-0.01,16,16352,卖盘
211,14:37:35,10.23,0.01,11,11253,中性盘
212,14:37:30,10.22,--,11,11242,卖盘
213,14:37:20,10.22,--,20,20440,卖盘
214,14:37:15,10.22,--,42,42924,卖盘
215,14:37:10,10.22,--,157,160454,卖盘
216,14:37:05,10.22,-0.01,6,6132,卖盘
217,14:37:00,10.23,--,8,8184,买盘
218,14:36:55,10.23,--,26,26598,买盘
219,14:36:50,10.23,0.01,12,12276,买盘
220,14:36:45,10.22,-0.01,4,4088,卖盘
221,14:36:40,10.23,--,5,5115,买盘
222,14:36:35,10.23,0.01,37,37851,买盘
223,14:36:30,10.22,-0.01,89,90958,卖盘
224,14:36:25,10.23,--,2,2046,买盘
225,14:36:10,10.23,--,13,13299,买盘
226,14:36:05,10.23,0.01,5,5115,买盘
227,14:36:00,10.22,-0.01,1,1022,卖盘
228,14:35:55,10.23,0.01,10,10230,买盘
229,14:35:45,10.22,-0.02,137,140014,卖盘
230,14:35:39,10.24,0.01,60,61440,买盘
231,14:35:35,10.23,-0.01,2,2046,卖盘
232,14:35:30,10.24,--,110,112640,买盘
233,14:35:15,10.24,0.01,26,26624,买盘
234,14:35:09,10.23,-0.01,36,36828,卖盘
235,14:35:05,10.24,--,10,10240,买盘
236,14:34:59,10.24,--,52,53248,买盘
237,14:34:54,10.24,--,562,575488,卖盘
238,14:34:30,10.24,--,77,78848,卖盘
239,14:34:24,10.24,--,152,155648,买盘
240,14:34:15,10.24,--,10,10240,买盘
241,14:34:09,10.24,0.01,54,55296,买盘
242,14:34:05,10.23,-0.01,13,13299,卖盘
243,14:33:59,10.24,--,2,2048,买盘
244,14:33:54,10.24,0.01,2,2048,买盘
245,14:33:50,10.23,-0.01,9,9207,卖盘
246,14:33:45,10.24,--,26,26624,买盘
247,14:33:39,10.24,-0.01,351,359424,卖盘
248,14:33:35,10.25,--,126,129150,买盘
249,14:33:30,10.25,--,4,4100,买盘
250,14:33:24,10.25,--,65,66625,买盘
251,14:33:19,10.25,0.01,55,56375,买盘
252,14:33:15,10.24,--,2,2048,卖盘
253,14:33:09,10.24,--,22,22528,卖盘
254,14:33:04,10.24,--,10,10240,卖盘
255,14:32:45,10.24,--,53,54272,买盘
256,14:32:39,10.24,--,34,34816,买盘
257,14:32:29,10.24,--,5,5120,买盘
258,14:32:24,10.24,0.01,10,10240,买盘
259,14:32:14,10.23,--,1,1023,卖盘
260,14:32:09,10.23,--,12,12276,买盘
261,14:32:04,10.23,--,10,10230,买盘
262,14:31:59,10.23,0.01,131,134013,买盘
263,14:31:49,10.22,--,20,20440,卖盘
264,14:31:45,10.22,-0.01,17,17374,卖盘
265,14:31:39,10.23,0.01,30,30690,买盘
266,14:31:24,10.22,--,183,187026,买盘
267,14:31:09,10.22,--,104,106288,买盘
268,14:31:04,10.22,--,6,6132,买盘
269,14:30:59,10.22,--,5,5110,买盘
270,14:30:54,10.22,0.01,163,166586,买盘
271,14:30:49,10.21,-0.01,5,5105,卖盘
272,14:30:44,10.22,--,9,9198,买盘
273,14:30:38,10.22,0.01,100,102200,买盘
274,14:30:34,10.21,--,5,5105,卖盘
275,14:30:29,10.21,--,2,2042,卖盘
276,14:30:19,10.21,--,1,1021,卖盘
277,14:30:08,10.21,--,14,14294,卖盘
278,14:29:59,10.21,--,20,20420,卖盘
279,14:29:54,10.21,0.01,19,19399,买盘
280,14:29:49,10.2,-0.01,1,1019,卖盘
281,14:29:38,10.21,--,7,7147,买盘
282,14:29:33,10.21,--,4,4084,卖盘
283,14:29:24,10.21,0.01,6,6126,中性盘
284,14:29:19,10.2,-0.01,8,8159,卖盘
285,14:29:14,10.21,--,18,18378,买盘
286,14:29:03,10.21,0.01,26,26546,买盘
287,14:28:54,10.2,-0.01,1,1019,卖盘
288,14:28:47,10.21,0.01,10,10210,买盘
289,14:28:32,10.2,--,10,10200,卖盘
290,14:27:53,10.2,-0.01,20,20400,卖盘
291,14:27:48,10.21,--,2,2042,买盘
292,14:27:33,10.21,0.01,5,5105,买盘
293,14:27:29,10.2,-0.02,5,5100,卖盘
294,14:27:23,10.22,0.01,19,19418,买盘
295,14:27:17,10.21,--,24,24504,卖盘
296,14:27:02,10.21,-0.01,5,5105,卖盘
297,14:26:59,10.22,0.01,10,10220,买盘
298,14:26:54,10.21,--,3,3063,卖盘
299,14:26:47,10.21,--,3,3063,卖盘
300,14:26:38,10.21,--,2,2042,卖盘
301,14:26:23,10.21,--,4,4084,卖盘
302,14:26:13,10.21,--,3,3063,卖盘
303,14:26:08,10.21,-0.01,3,3063,卖盘
304,14:26:03,10.22,0.01,18,18396,买盘
305,14:25:58,10.21,--,66,67386,卖盘
306,14:25:54,10.21,--,2,2042,卖盘
307,14:25:47,10.21,--,3,3063,卖盘
308,14:25:43,10.21,-0.01,77,78617,卖盘
309,14:25:38,10.22,0.01,12,12264,买盘
310,14:25:32,10.21,--,21,21441,卖盘
311,14:25:23,10.21,--,3,3063,卖盘
312,14:25:13,10.21,-0.01,2,2042,卖盘
313,14:25:02,10.22,--,22,22484,买盘
314,14:24:58,10.22,--,72,73584,买盘
315,14:24:53,10.22,0.01,16,16352,买盘
316,14:24:48,10.21,--,33,33693,卖盘
317,14:24:43,10.21,-0.01,8,8168,卖盘
318,14:24:38,10.22,0.01,16,16352,买盘
319,14:24:32,10.21,--,23,23483,卖盘
320,14:24:17,10.21,--,2,2042,卖盘
321,14:24:08,10.21,--,2,2042,卖盘
322,14:23:58,10.21,--,13,13273,卖盘
323,14:23:53,10.21,--,1,1021,卖盘
324,14:23:47,10.21,--,5,5105,卖盘
325,14:23:32,10.21,--,2,2042,卖盘
326,14:23:28,10.21,--,2,2042,卖盘
327,14:23:17,10.21,--,1,1021,卖盘
328,14:23:13,10.21,0.01,146,149066,买盘
329,14:23:02,10.2,--,22,22440,卖盘
330,14:22:52,10.2,--,3,3060,卖盘
331,14:22:41,10.2,--,20,20400,卖盘
332,14:22:32,10.2,--,118,120359,卖盘
333,14:22:26,10.2,--,31,32231,买盘
334,14:22:17,10.2,--,4,4079,买盘
335,14:22:11,10.2,0.01,299,304980,买盘
336,14:22:08,10.19,--,2,2038,卖盘
337,14:22:02,10.19,-0.01,10,10190,卖盘
338,14:21:56,10.2,0.01,35,35700,买盘
339,14:21:53,10.19,--,20,20380,卖盘
340,14:21:47,10.19,--,9,9171,卖盘
341,14:21:41,10.19,--,14,14266,卖盘
342,14:21:32,10.19,--,2,2038,卖盘
343,14:21:26,10.19,--,3,3057,卖盘
344,14:21:17,10.19,-0.01,1,1019,卖盘
345,14:21:11,10.2,--,52,53039,买盘
346,14:21:08,10.2,--,1,1019,买盘
347,14:21:02,10.2,--,12,12240,买盘
348,14:20:56,10.2,0.01,116,118319,买盘
349,14:20:47,10.19,--,3,3057,卖盘
350,14:20:41,10.19,--,2,2038,卖盘
351,14:20:26,10.19,--,2,2038,卖盘
352,14:20:17,10.19,--,22,22418,卖盘
353,14:20:11,10.19,-0.01,3,3057,卖盘
354,14:20:08,10.2,0.01,100,102000,买盘
355,14:20:02,10.19,--,1,1019,卖盘
356,14:19:53,10.19,--,2,2038,卖盘
357,14:19:47,10.19,-0.01,29,29551,卖盘
358,14:19:41,10.2,0.01,203,207060,买盘
359,14:19:38,10.19,--,10,10190,卖盘
360,14:19:26,10.19,--,17,17323,卖盘
361,14:19:17,10.19,--,2,2038,卖盘
362,14:19:11,10.19,--,3,3057,卖盘
363,14:19:02,10.19,--,1,1019,卖盘
364,14:18:56,10.19,--,37,37703,卖盘
365,14:18:47,10.19,--,2,2038,卖盘
366,14:18:41,10.19,--,29,29551,卖盘
367,14:18:37,10.19,--,52,52988,卖盘
368,14:18:32,10.19,-0.01,2,2038,卖盘
369,14:18:26,10.2,0.01,64,65279,买盘
370,14:18:17,10.19,-0.01,3,3057,卖盘
371,14:18:11,10.2,0.01,100,102000,买盘
372,14:18:02,10.19,-0.01,5,5095,卖盘
373,14:17:56,10.2,--,22,22440,买盘
374,14:17:47,10.2,--,2,2039,买盘
375,14:17:41,10.2,0.01,173,176460,买盘
376,14:17:37,10.19,-0.01,2,2038,卖盘
377,14:17:26,10.2,--,11,11220,买盘
378,14:17:22,10.2,0.01,92,93840,买盘
379,14:17:11,10.19,--,2,2038,卖盘
380,14:17:07,10.19,--,29,29551,卖盘
381,14:17:02,10.19,--,5,5095,卖盘
382,14:16:56,10.19,--,3,3057,卖盘
383,14:16:52,10.19,--,53,54007,卖盘
384,14:16:47,10.19,--,15,15285,卖盘
385,14:16:37,10.19,--,7,7133,卖盘
386,14:16:26,10.19,-0.01,4,4076,卖盘
387,14:16:22,10.2,0.01,46,46920,买盘
388,14:16:11,10.19,--,4,4076,卖盘
389,14:15:56,10.19,--,16,16304,卖盘
390,14:15:41,10.19,--,23,23437,卖盘
391,14:15:35,10.19,--,2,2038,卖盘
392,14:15:31,10.19,--,0,0,中性盘
393,14:15:26,10.19,--,2,2038,卖盘
394,14:15:20,10.19,0.01,32,32608,买盘
395,14:15:11,10.18,--,3,3054,卖盘
396,14:15:05,10.18,-0.01,1,1018,卖盘
397,14:15:01,10.19,--,13,13247,买盘
398,14:14:56,10.19,0.01,115,117185,买盘
399,14:14:50,10.18,--,2,2036,卖盘
400,14:14:41,10.18,-0.01,3,3054,卖盘
401,14:14:35,10.19,--,48,48912,卖盘
402,14:14:31,10.19,--,22,22418,卖盘
403,14:14:17,10.19,--,5,5095,中性盘
404,14:14:11,10.19,0.01,2,2038,买盘
405,14:14:05,10.18,-0.01,3,3054,卖盘
406,14:14:01,10.19,0.01,24,24456,买盘
407,14:13:56,10.18,-0.02,2,2036,卖盘
408,14:13:50,10.2,--,0,0,买盘
409,14:13:41,10.2,0.01,4,4079,买盘
410,14:13:31,10.19,--,2,2038,卖盘
411,14:13:26,10.19,--,10,10190,卖盘
412,14:13:20,10.19,--,12,12228,卖盘
413,14:13:11,10.19,--,10,10190,卖盘
414,14:13:05,10.19,--,2,2038,卖盘
415,14:13:01,10.19,--,5,5095,卖盘
416,14:12:56,10.19,0.01,21,21399,买盘
417,14:12:50,10.18,-0.01,2,2036,卖盘
418,14:12:46,10.19,0.01,29,29551,买盘
419,14:12:41,10.18,-0.01,10,10180,卖盘
420,14:12:35,10.19,0.01,222,226218,买盘
421,14:12:31,10.18,--,7,7126,卖盘
422,14:12:26,10.18,--,36,36648,卖盘
423,14:12:20,10.18,-0.01,2,2036,卖盘
424,14:12:11,10.19,--,60,61140,买盘
425,14:12:01,10.19,0.01,30,30570,买盘
426,14:11:50,10.18,-0.01,3,3054,卖盘
427,14:11:41,10.19,0.01,56,57064,买盘
428,14:11:20,10.18,-0.01,11,11198,卖盘
429,14:11:16,10.19,--,10,10190,买盘
430,14:11:11,10.19,0.01,10,10190,买盘
431,14:11:05,10.18,--,12,12216,卖盘
432,14:10:50,10.18,-0.01,3,3054,卖盘
433,14:10:31,10.19,--,1,1019,买盘
434,14:09:50,10.19,--,2,2038,买盘
435,14:09:25,10.19,--,17,17323,买盘
436,14:09:20,10.19,--,14,14266,买盘
437,14:08:59,10.19,0.01,18,18342,买盘
438,14:08:50,10.18,--,5,5090,卖盘
439,14:08:44,10.18,-0.01,54,54972,卖盘
440,14:08:20,10.19,--,20,20380,买盘
441,14:08:14,10.19,-0.01,68,69292,卖盘
442,14:07:59,10.2,0.01,29,29579,买盘
443,14:07:44,10.19,-0.01,1,1019,卖盘
444,14:07:40,10.2,0.01,14,14279,买盘
445,14:07:29,10.19,-0.01,23,23437,卖盘
446,14:07:20,10.2,--,3,3060,买盘
447,14:07:10,10.2,0.01,11,11220,买盘
448,14:06:55,10.19,--,8,8152,卖盘
449,14:06:44,10.19,--,20,20380,买盘
450,14:06:35,10.19,--,17,17323,买盘
451,14:06:29,10.19,0.01,50,50950,买盘
452,14:06:20,10.18,--,7,7126,卖盘
453,14:06:14,10.18,--,1,1018,卖盘
454,14:06:05,10.18,-0.01,42,42756,卖盘
455,14:05:59,10.19,--,30,30570,买盘
456,14:05:50,10.19,--,9,9171,买盘
457,14:05:44,10.19,--,6,6114,买盘
458,14:05:40,10.19,-0.01,23,23437,卖盘
459,14:05:35,10.2,0.02,1,1019,买盘
460,14:05:05,10.18,-0.01,22,22396,卖盘
461,14:04:59,10.19,--,2,2038,卖盘
462,14:04:55,10.19,--,8,8152,买盘
463,14:04:44,10.19,--,92,93748,买盘
464,14:04:25,10.19,0.01,23,23437,买盘
465,14:04:20,10.18,--,6,6108,卖盘
466,14:04:14,10.18,-0.01,10,10180,卖盘
467,14:04:10,10.19,--,1,1019,买盘
468,14:04:05,10.19,0.01,50,50950,买盘
469,14:03:59,10.18,--,3,3054,卖盘
470,14:03:55,10.18,-0.01,79,80422,卖盘
471,14:03:50,10.19,--,21,21399,买盘
472,14:03:44,10.19,0.01,20,20380,买盘
473,14:03:40,10.18,-0.01,5,5090,卖盘
474,14:03:29,10.19,--,16,16304,买盘
475,14:03:23,10.19,0.01,57,58083,买盘
476,14:03:14,10.18,-0.01,7,7126,卖盘
477,14:03:10,10.19,0.01,10,10190,买盘
478,14:03:05,10.18,--,22,22396,卖盘
479,14:02:59,10.18,-0.01,173,176114,卖盘
480,14:02:50,10.19,0.01,10,10190,买盘
481,14:02:44,10.18,--,6,6108,卖盘
482,14:02:38,10.18,--,5,5090,卖盘
483,14:02:29,10.18,--,10,10180,卖盘
484,14:02:14,10.18,-0.01,8,8144,卖盘
485,14:02:08,10.19,--,20,20380,买盘
486,14:01:49,10.19,--,32,32608,卖盘
487,14:01:44,10.19,-0.01,131,133489,卖盘
488,14:01:38,10.2,0.01,61,62219,买盘
489,14:01:34,10.19,-0.01,2,2038,卖盘
490,14:01:29,10.2,0.01,14,14279,买盘
491,14:01:14,10.19,-0.01,35,35665,卖盘
492,14:01:08,10.2,--,69,70380,卖盘
493,14:01:04,10.2,--,19,19380,卖盘
494,14:00:59,10.2,--,117,119339,卖盘
495,14:00:53,10.2,--,141,143820,卖盘
496,14:00:49,10.2,--,1,1019,卖盘
497,14:00:44,10.2,--,136,138720,卖盘
498,14:00:34,10.2,--,30,30599,卖盘
499,14:00:29,10.2,--,67,68340,卖盘
500,14:00:23,10.2,--,61,62219,卖盘
501,14:00:19,10.2,-0.01,5,5100,卖盘
502,14:00:14,10.21,0.01,15,15315,买盘
503,14:00:08,10.2,--,124,126479,卖盘
504,14:00:04,10.2,--,20,20400,卖盘
505,13:59:59,10.2,--,185,188700,卖盘
506,13:59:49,10.2,--,45,45900,卖盘
507,13:59:44,10.2,-0.01,2,2039,卖盘
508,13:59:19,10.21,0.01,1,1021,买盘
509,13:59:14,10.2,-0.01,12,12240,卖盘
510,13:58:53,10.21,0.01,15,15315,买盘
511,13:58:49,10.2,--,6,6120,卖盘
512,13:58:29,10.2,--,3,3060,卖盘
513,13:58:23,10.2,--,4,4079,卖盘
514,13:58:14,10.2,--,2,2039,卖盘
515,13:58:08,10.2,--,11,11220,卖盘
516,13:57:59,10.2,--,9,9180,卖盘
517,13:57:49,10.2,--,300,306000,卖盘
518,13:57:44,10.2,--,10,10200,卖盘
519,13:57:38,10.2,--,9,9180,卖盘
520,13:57:29,10.2,--,34,34680,卖盘
521,13:57:19,10.2,--,1,1019,卖盘
522,13:57:04,10.2,-0.01,3,3060,卖盘
523,13:56:59,10.21,--,23,23483,买盘
524,13:56:29,10.21,0.01,109,111289,买盘
525,13:56:17,10.2,--,4,4079,卖盘
526,13:56:02,10.2,--,3,3060,卖盘
527,13:55:53,10.2,-0.01,12,12240,卖盘
528,13:55:38,10.21,--,21,21441,卖盘
529,13:55:28,10.21,--,5,5105,卖盘
530,13:54:53,10.21,--,36,36756,卖盘
531,13:54:47,10.21,--,10,10210,卖盘
532,13:54:43,10.21,--,14,14294,卖盘
533,13:54:28,10.21,--,30,30630,卖盘
534,13:54:23,10.21,--,5,5105,卖盘
535,13:54:08,10.21,--,10,10210,卖盘
536,13:54:02,10.21,--,5,5105,卖盘
537,13:53:47,10.21,--,34,34714,买盘
538,13:53:32,10.21,0.01,190,193990,买盘
539,13:53:13,10.2,--,13,13259,卖盘
540,13:53:02,10.2,0.01,70,71400,买盘
541,13:52:58,10.19,-0.01,29,29551,卖盘
542,13:52:47,10.2,--,5,5100,买盘
543,13:52:32,10.2,--,10,10200,买盘
544,13:52:17,10.2,0.01,17,17340,买盘
545,13:52:08,10.19,--,14,14266,卖盘
546,13:52:02,10.19,--,26,26494,卖盘
547,13:51:23,10.19,--,10,10190,买盘
548,13:51:17,10.19,--,11,11209,买盘
549,13:51:13,10.19,--,10,10190,买盘
550,13:51:02,10.19,--,20,20380,买盘
551,13:50:58,10.19,--,10,10190,买盘
552,13:50:53,10.19,--,26,26494,买盘
553,13:50:32,10.19,-0.01,326,332194,卖盘
554,13:50:28,10.2,--,252,257039,买盘
555,13:50:23,10.2,0.01,300,306000,买盘
556,13:50:13,10.19,-0.01,55,56045,卖盘
557,13:50:08,10.2,0.01,3,3060,买盘
558,13:50:02,10.19,-0.01,151,153869,卖盘
559,13:49:47,10.2,0.01,5,5100,买盘
560,13:49:38,10.19,-0.01,50,50950,卖盘
561,13:49:32,10.2,0.01,3,3060,买盘
562,13:49:23,10.19,--,1,1019,卖盘
563,13:49:11,10.19,-0.01,2,2038,卖盘
564,13:48:56,10.2,0.01,165,168300,买盘
565,13:48:47,10.19,-0.01,6,6114,卖盘
566,13:48:41,10.2,0.01,3,3060,买盘
567,13:48:32,10.19,-0.01,90,91710,卖盘
568,13:48:17,10.2,--,393,400860,卖盘
569,13:48:02,10.2,--,15,15299,卖盘
570,13:47:52,10.2,-0.01,31,31619,卖盘
571,13:47:47,10.21,--,23,23483,买盘
572,13:47:32,10.21,0.01,20,20420,买盘
573,13:47:26,10.2,--,20,20400,卖盘
574,13:47:23,10.2,--,8,8159,卖盘
575,13:47:17,10.2,--,1,1019,卖盘
576,13:47:11,10.2,--,55,56099,卖盘
577,13:47:02,10.2,--,15,15299,卖盘
578,13:46:56,10.2,--,8,8159,卖盘
579,13:46:52,10.2,--,20,20400,卖盘
580,13:46:47,10.2,-0.01,8,8159,卖盘
581,13:46:41,10.21,--,6,6126,买盘
582,13:46:37,10.21,--,20,20420,买盘
583,13:46:32,10.21,0.01,20,20420,买盘
584,13:46:11,10.2,--,45,45900,卖盘
585,13:46:02,10.2,--,13,13259,卖盘
586,13:45:56,10.2,--,17,17340,卖盘
587,13:45:32,10.2,--,4,4079,卖盘
588,13:45:26,10.2,--,70,71400,卖盘
589,13:45:17,10.2,-0.01,20,20400,卖盘
590,13:45:02,10.21,0.01,47,47987,买盘
591,13:44:56,10.2,-0.01,2,2039,卖盘
592,13:44:37,10.21,--,12,12252,买盘
593,13:44:32,10.21,--,3,3063,买盘
594,13:44:17,10.21,0.01,1,1021,买盘
595,13:44:11,10.2,--,114,116279,卖盘
596,13:43:56,10.2,--,22,22440,卖盘
597,13:43:26,10.2,--,1,1019,卖盘
598,13:43:11,10.2,--,22,22440,卖盘
599,13:43:02,10.2,--,582,593640,卖盘
600,13:42:56,10.2,--,10,10200,卖盘
601,13:42:41,10.2,--,5,5100,卖盘
602,13:42:37,10.2,--,72,73440,卖盘
603,13:42:26,10.2,--,5,5100,卖盘
604,13:42:22,10.2,--,1,1019,卖盘
605,13:42:11,10.2,--,463,472361,买盘
606,13:42:07,10.2,--,300,306000,买盘
607,13:41:51,10.2,0.01,57,58139,买盘
608,13:41:36,10.19,--,12,12228,卖盘
609,13:41:26,10.19,-0.01,208,211952,卖盘
610,13:41:20,10.2,--,338,345678,卖盘
611,13:41:11,10.2,--,10,10200,卖盘
612,13:41:05,10.2,--,30,30599,卖盘
613,13:41:02,10.2,--,20,20400,卖盘
614,13:40:56,10.2,--,32,32639,卖盘
615,13:40:50,10.2,--,51,52020,卖盘
616,13:40:41,10.2,--,4,4079,卖盘
617,13:40:35,10.2,--,158,161160,卖盘
618,13:40:31,10.2,--,4,4079,卖盘
619,13:40:26,10.2,-0.01,35,35700,卖盘
620,13:39:56,10.21,0.01,3,3063,买盘
621,13:39:50,10.2,--,300,306000,卖盘
622,13:39:41,10.2,-0.01,2,2039,卖盘
623,13:39:31,10.21,0.01,5,5105,买盘
624,13:39:26,10.2,--,50,51000,卖盘
625,13:39:20,10.2,--,24,24480,卖盘
626,13:39:11,10.2,-0.01,37,37740,卖盘
627,13:39:05,10.21,0.01,31,31651,买盘
628,13:38:50,10.2,--,10,10200,卖盘
629,13:38:41,10.2,--,114,116279,卖盘
630,13:38:35,10.2,--,52,53039,卖盘
631,13:38:31,10.2,--,1,1019,卖盘
632,13:38:26,10.2,--,10,10200,卖盘
633,13:38:20,10.2,-0.01,30,30599,卖盘
634,13:38:11,10.21,0.01,2,2042,买盘
635,13:38:05,10.2,--,28,28559,卖盘
636,13:38:01,10.2,-0.01,19,19380,卖盘
637,13:37:56,10.21,0.01,203,207263,买盘
638,13:37:50,10.2,-0.01,13,13259,卖盘
639,13:37:41,10.21,0.01,40,40840,买盘
640,13:37:20,10.2,-0.01,1,1019,卖盘
641,13:37:01,10.21,--,100,102100,买盘
642,13:36:50,10.21,--,6,6126,卖盘
643,13:36:46,10.21,--,5,5105,卖盘
644,13:36:35,10.21,--,5,5105,卖盘
645,13:36:20,10.21,--,7,7147,卖盘
646,13:36:16,10.21,0.01,32,32672,中性盘
647,13:36:01,10.2,--,60,61199,卖盘
648,13:35:50,10.2,-0.01,300,306000,卖盘
649,13:35:40,10.21,--,30,30630,卖盘
650,13:35:35,10.21,0.01,8,8168,买盘
651,13:35:31,10.2,--,305,311100,卖盘
652,13:35:20,10.2,--,9,9180,卖盘
653,13:35:16,10.2,--,20,20400,卖盘
654,13:35:10,10.2,--,0,0,卖盘
655,13:35:05,10.2,--,43,43860,卖盘
656,13:34:50,10.2,-0.01,10,10200,卖盘
657,13:34:44,10.21,0.01,7,7147,买盘
658,13:34:35,10.2,--,100,102000,卖盘
659,13:34:20,10.2,-0.01,300,306000,卖盘
660,13:34:15,10.21,-0.01,4,4084,卖盘
661,13:33:59,10.22,0.01,17,17374,买盘
662,13:33:50,10.21,--,50,51050,卖盘
663,13:33:40,10.21,--,8,8168,卖盘
664,13:33:35,10.21,-0.01,50,51050,卖盘
665,13:33:20,10.22,0.01,23,23506,买盘
666,13:33:14,10.21,--,203,207263,卖盘
667,13:32:59,10.21,-0.01,2,2042,卖盘
668,13:32:55,10.22,0.01,5,5110,买盘
669,13:32:50,10.21,-0.01,132,134772,卖盘
670,13:32:44,10.22,0.01,2,2044,买盘
671,13:32:35,10.21,--,50,51050,卖盘
672,13:32:25,10.21,-0.01,5,5105,卖盘
673,13:32:20,10.22,0.01,5,5110,买盘
674,13:32:14,10.21,--,115,117415,卖盘
675,13:32:10,10.21,--,10,10210,卖盘
676,13:32:05,10.21,-0.01,3,3063,卖盘
677,13:31:44,10.22,--,30,30660,买盘
678,13:31:29,10.22,0.01,1,1022,买盘
679,13:31:20,10.21,-0.01,2,2042,卖盘
680,13:30:59,10.22,0.02,10,10220,买盘
681,13:30:50,10.2,-0.02,302,308040,卖盘
682,13:30:44,10.22,--,0,0,买盘
683,13:30:40,10.22,0.01,54,55188,买盘
684,13:30:35,10.21,-0.01,15,15315,卖盘
685,13:30:29,10.22,0.01,3,3066,卖盘
686,13:30:25,10.21,--,0,0,卖盘
687,13:30:14,10.21,-0.02,50,51050,卖盘
688,13:30:04,10.23,--,24,24552,买盘
689,13:29:59,10.23,0.01,80,81840,买盘
690,13:29:44,10.22,--,100,102200,卖盘
691,13:29:34,10.22,--,245,250390,买盘
692,13:29:14,10.22,0.01,40,40880,买盘
693,13:29:04,10.21,--,10,10210,卖盘
694,13:28:44,10.21,--,121,123541,买盘
695,13:28:40,10.21,--,11,11231,买盘
696,13:28:29,10.21,--,16,16336,买盘
697,13:28:25,10.21,0.01,8,8168,买盘
698,13:28:14,10.2,-0.01,104,106079,卖盘
699,13:27:59,10.21,--,5,5105,买盘
700,13:27:55,10.21,0.01,5,5105,买盘
701,13:27:49,10.2,--,1,1019,卖盘
702,13:27:40,10.2,--,6,6120,卖盘
703,13:27:14,10.2,-0.01,5,5100,卖盘
704,13:27:08,10.21,--,5,5105,买盘
705,13:26:59,10.21,0.01,6,6126,买盘
706,13:26:54,10.2,--,18,18360,卖盘
707,13:26:14,10.2,--,22,22440,卖盘
708,13:25:38,10.2,-0.01,29,29681,卖盘
709,13:25:23,10.21,0.01,66,67386,买盘
710,13:25:14,10.2,--,7,7139,卖盘
711,13:25:04,10.2,-0.01,10,10200,卖盘
712,13:24:59,10.21,--,20,20420,买盘
713,13:24:53,10.21,--,6,6126,买盘
714,13:24:38,10.21,--,35,35735,买盘
715,13:24:34,10.21,0.01,5,5105,买盘
716,13:24:14,10.2,-0.01,1,1019,卖盘
717,13:23:44,10.21,-0.01,50,51050,卖盘
718,13:23:23,10.22,--,10,10220,买盘
719,13:22:53,10.22,0.01,11,11242,买盘
720,13:22:43,10.21,--,3,3063,卖盘
721,13:22:33,10.21,-0.01,34,34714,卖盘
722,13:22:23,10.22,--,12,12264,买盘
723,13:22:13,10.22,--,34,34748,卖盘
724,13:22:08,10.22,-0.01,10,10220,卖盘
725,13:22:03,10.23,0.01,1,1023,买盘
726,13:21:48,10.22,-0.01,21,21462,卖盘
727,13:21:33,10.23,--,31,31713,买盘
728,13:21:28,10.23,--,25,25575,买盘
729,13:21:23,10.23,--,0,0,买盘
730,13:21:03,10.23,0.01,14,14322,买盘
731,13:20:53,10.22,--,10,10220,卖盘
732,13:20:48,10.22,--,20,20440,卖盘
733,13:20:33,10.22,0.01,1,1022,买盘
734,13:20:23,10.21,--,5,5105,卖盘
735,13:20:18,10.21,--,6,6126,卖盘
736,13:20:08,10.21,-0.01,19,19399,卖盘
737,13:20:03,10.22,--,1,1022,卖盘
738,13:19:53,10.22,0.01,29,29638,买盘
739,13:19:48,10.21,--,21,21441,卖盘
740,13:19:43,10.21,-0.01,30,30630,卖盘
741,13:19:38,10.22,0.01,20,20440,买盘
742,13:19:32,10.21,-0.01,60,61260,卖盘
743,13:19:23,10.22,0.01,3,3066,买盘
744,13:19:02,10.21,--,1,1021,卖盘
745,13:18:53,10.21,-0.01,32,32672,卖盘
746,13:18:38,10.22,0.01,20,20440,买盘
747,13:18:32,10.21,--,0,0,卖盘
748,13:18:28,10.21,--,30,30630,卖盘
749,13:18:23,10.21,--,0,0,卖盘
750,13:18:17,10.21,-0.01,21,21441,卖盘
751,13:18:08,10.22,--,5,5110,买盘
752,13:18:02,10.22,--,1,1022,卖盘
753,13:17:58,10.22,--,3,3066,买盘
754,13:17:43,10.22,--,497,507934,卖盘
755,13:17:32,10.22,--,3,3066,卖盘
756,13:17:28,10.22,--,10,10220,卖盘
757,13:17:17,10.22,--,108,110376,卖盘
758,13:17:13,10.22,--,20,20440,卖盘
759,13:17:02,10.22,--,100,102200,卖盘
760,13:16:47,10.22,--,12,12264,卖盘
761,13:16:43,10.22,-0.01,7,7154,卖盘
762,13:16:32,10.23,--,10,10230,买盘
763,13:16:27,10.23,--,12,12276,买盘
764,13:16:17,10.23,--,5,5115,买盘
765,13:16:13,10.23,--,11,11253,买盘
766,13:15:57,10.23,--,1,1023,买盘
767,13:15:52,10.23,--,3,3069,买盘
768,13:15:47,10.23,--,5,5115,买盘
769,13:15:27,10.23,--,75,77645,卖盘
770,13:15:17,10.23,--,1,1023,卖盘
771,13:15:12,10.23,--,5,5115,卖盘
772,13:15:02,10.23,--,20,20460,卖盘
773,13:14:42,10.23,--,10,10230,卖盘
774,13:14:17,10.23,--,25,25575,卖盘
775,13:14:12,10.23,0.01,9,9309,买盘
776,13:14:02,10.22,-0.01,12,12264,卖盘
777,13:13:52,10.23,--,6,6138,买盘
778,13:13:42,10.23,--,24,24552,买盘
779,13:13:17,10.23,0.01,50,51150,买盘
780,13:13:07,10.22,-0.01,10,10220,卖盘
781,13:13:02,10.23,0.01,2,2046,买盘
782,13:12:57,10.22,-0.01,5,5110,卖盘
783,13:12:52,10.23,0.01,10,10230,买盘
784,13:12:47,10.22,-0.01,14,14308,卖盘
785,13:12:42,10.23,--,5,5115,买盘
786,13:12:32,10.23,0.01,5,5115,买盘
787,13:12:27,10.22,--,1,1022,卖盘
788,13:12:22,10.22,-0.01,14,14308,卖盘
789,13:12:17,10.23,0.01,1,1023,买盘
790,13:12:12,10.22,--,1,1022,卖盘
791,13:12:02,10.22,-0.01,5,5110,卖盘
792,13:11:42,10.23,0.01,1,1023,买盘
793,13:11:22,10.22,--,5,5110,卖盘
794,13:11:17,10.22,-0.01,58,59276,卖盘
795,13:11:02,10.23,0.01,6,6138,买盘
796,13:10:56,10.22,-0.01,17,17374,卖盘
797,13:10:47,10.23,0.01,18,18414,买盘
798,13:10:41,10.22,-0.01,11,11242,卖盘
799,13:10:32,10.23,0.01,1,1023,买盘
800,13:10:11,10.22,-0.01,1,1022,卖盘
801,13:10:07,10.23,--,11,11253,买盘
802,13:09:52,10.23,--,7,7161,买盘
803,13:09:37,10.23,--,6,6138,买盘
804,13:09:22,10.23,--,5,5115,买盘
805,13:09:11,10.23,0.01,17,17391,买盘
806,13:09:02,10.22,--,56,57232,卖盘
807,13:08:46,10.22,--,2,2044,卖盘
808,13:08:36,10.22,--,4,4088,卖盘
809,13:08:21,10.22,--,104,106288,买盘
810,13:08:16,10.22,--,164,167608,买盘
811,13:08:11,10.22,--,232,237104,买盘
812,13:07:41,10.22,--,524,535528,卖盘
813,13:07:36,10.22,--,10,10220,卖盘
814,13:07:31,10.22,--,3,3066,卖盘
815,13:07:26,10.22,--,2,2044,卖盘
816,13:07:21,10.22,--,1,1022,卖盘
817,13:07:11,10.22,--,9,9198,卖盘
818,13:07:06,10.22,--,27,27594,卖盘
819,13:06:16,10.22,--,1,1022,卖盘
820,13:06:11,10.22,-0.01,1,1022,卖盘
821,13:06:01,10.23,0.01,5,5115,买盘
822,13:05:56,10.22,--,87,88914,卖盘
823,13:05:51,10.22,--,25,25550,卖盘
824,13:05:36,10.22,--,9,9198,卖盘
825,13:05:21,10.22,-0.01,5,5110,卖盘
826,13:04:56,10.23,--,1,1943,卖盘
827,13:04:26,10.23,-0.01,6,6240,卖盘
828,13:04:21,10.24,--,0,0,买盘
829,13:04:11,10.24,--,16,16384,买盘
830,13:03:56,10.24,--,18,18432,买盘
831,13:03:46,10.24,--,0,0,买盘
832,13:03:20,10.24,0.02,5,5120,买盘
833,13:03:05,10.22,-0.02,4,4088,卖盘
834,13:03:01,10.24,0.02,10,10240,买盘
835,13:02:05,10.22,--,4,4088,卖盘
836,13:01:50,10.22,--,0,0,卖盘
837,13:01:45,10.22,-0.02,15,15330,卖盘
838,13:01:35,10.24,0.01,16,16384,买盘
839,13:01:20,10.23,--,80,81840,卖盘
840,13:00:30,10.23,--,60,61380,卖盘
841,13:00:20,10.23,--,1,1023,卖盘
842,13:00:10,10.23,--,23,23529,买盘
843,13:00:05,10.23,--,77,78771,买盘
844,11:30:00,10.23,--,0,0,买盘
845,11:29:59,10.23,--,0,0,买盘
846,11:29:56,10.23,--,7,7161,买盘
847,11:29:50,10.23,0.01,23,23529,买盘
848,11:29:20,10.22,0.01,3,3066,买盘
849,11:29:15,10.21,-0.01,8,8168,卖盘
850,11:29:10,10.22,--,18,18396,买盘
851,11:29:05,10.22,0.01,1,1022,买盘
852,11:28:55,10.21,--,1,1021,卖盘
853,11:28:40,10.21,--,1,1021,卖盘
854,11:28:35,10.21,--,4,4084,卖盘
855,11:28:25,10.21,0.01,80,81680,买盘
856,11:28:10,10.2,--,2,2039,卖盘
857,11:27:55,10.2,--,10,10200,卖盘
858,11:27:35,10.2,--,7,7139,卖盘
859,11:27:30,10.2,--,3,3060,卖盘
860,11:27:25,10.2,--,63,64259,卖盘
861,11:27:20,10.2,-0.01,6,6120,卖盘
862,11:26:50,10.21,--,15,15315,买盘
863,11:26:45,10.21,--,3,3063,买盘
864,11:26:40,10.21,0.01,1,1021,买盘
865,11:26:20,10.2,--,1,1019,卖盘
866,11:26:15,10.2,-0.01,5,5100,卖盘
867,11:26:10,10.21,--,8,8168,买盘
868,11:26:00,10.21,--,42,42882,卖盘
869,11:25:50,10.21,--,3,3063,卖盘
870,11:25:10,10.21,--,95,96995,卖盘
871,11:25:05,10.21,-0.01,4,4084,卖盘
872,11:24:59,10.22,--,19,19418,买盘
873,11:24:55,10.22,0.01,3,3066,买盘
874,11:24:50,10.21,-0.01,4,4084,卖盘
875,11:24:40,10.22,--,8,8176,卖盘
876,11:24:35,10.22,-0.01,52,53144,卖盘
877,11:24:29,10.23,0.01,53,54219,买盘
878,11:24:20,10.22,--,14,14308,卖盘
879,11:24:10,10.22,--,2,2044,卖盘
880,11:23:39,10.22,0.01,16,16352,买盘
881,11:23:35,10.21,-0.01,10,10210,卖盘
882,11:23:24,10.22,--,6,6132,买盘
883,11:23:14,10.22,--,21,21462,买盘
884,11:23:05,10.22,0.01,11,11242,买盘
885,11:22:59,10.21,-0.01,4,4084,卖盘
886,11:22:44,10.22,--,157,160454,买盘
887,11:22:39,10.22,--,3,3066,买盘
888,11:22:35,10.22,0.01,27,27594,买盘
889,11:22:05,10.21,--,61,62281,卖盘
890,11:21:54,10.21,--,2,2042,卖盘
891,11:21:50,10.21,--,58,59218,买盘
892,11:21:44,10.21,0.01,73,74788,买盘
893,11:21:29,10.2,--,1,1019,卖盘
894,11:21:24,10.2,-0.01,2,2039,卖盘
895,11:21:14,10.21,0.01,20,20420,买盘
896,11:21:05,10.2,--,20,20400,卖盘
897,11:20:59,10.2,--,2,2039,卖盘
898,11:20:49,10.2,0.01,67,68340,买盘
899,11:20:44,10.19,-0.01,23,23437,卖盘
900,11:20:39,10.2,--,50,51000,买盘
901,11:20:34,10.2,0.01,18,18360,买盘
902,11:20:29,10.19,-0.01,1,1019,卖盘
903,11:20:24,10.2,0.01,9,9180,买盘
904,11:20:19,10.19,-0.01,5,5095,卖盘
905,11:20:14,10.2,--,140,142800,买盘
906,11:20:04,10.2,--,42,42840,买盘
907,11:19:54,10.2,0.01,91,93829,买盘
908,11:19:49,10.19,--,281,286339,买盘
909,11:19:44,10.19,--,119,121261,买盘
910,11:19:39,10.19,--,18,18342,买盘
911,11:19:34,10.19,--,3,3057,买盘
912,11:19:28,10.19,--,69,70311,买盘
913,11:19:24,10.19,--,7,7133,买盘
914,11:19:14,10.19,0.01,143,145717,买盘
915,11:19:04,10.18,--,2,2036,卖盘
916,11:18:59,10.18,--,5,5934,买盘
917,11:18:54,10.18,--,13,13234,买盘
918,11:18:49,10.18,--,25,25450,买盘
919,11:18:44,10.18,--,32,32576,买盘
920,11:18:38,10.18,0.01,15,15270,买盘
921,11:18:34,10.17,-0.01,2,2034,卖盘
922,11:18:29,10.18,--,6,6108,买盘
923,11:18:24,10.18,--,3,3054,买盘
924,11:18:19,10.18,0.01,30,30540,买盘
925,11:18:14,10.17,-0.01,115,117127,卖盘
926,11:18:08,10.18,--,386,393792,卖盘
927,11:18:04,10.18,--,6,6108,卖盘
928,11:17:59,10.18,-0.01,1,1018,卖盘
929,11:17:53,10.19,0.01,33,33627,买盘
930,11:17:44,10.18,--,57,58026,卖盘
931,11:17:38,10.18,-0.01,6,6108,卖盘
932,11:17:34,10.19,0.01,6,6114,买盘
933,11:17:29,10.18,--,185,188330,卖盘
934,11:17:23,10.18,--,20,20360,卖盘
935,11:17:19,10.18,-0.01,20,20360,卖盘
936,11:17:14,10.19,0.01,1,1019,买盘
937,11:17:08,10.18,--,21,21378,卖盘
938,11:17:04,10.18,--,50,50900,卖盘
939,11:16:59,10.18,-0.01,10,10180,卖盘
940,11:16:44,10.19,0.01,7,7133,买盘
941,11:16:38,10.18,--,201,204618,卖盘
942,11:16:34,10.18,-0.01,19,19342,卖盘
943,11:16:29,10.19,--,33,33627,买盘
944,11:16:23,10.19,0.01,10,10190,买盘
945,11:16:14,10.18,-0.01,5,5090,卖盘
946,11:16:08,10.19,0.01,3,3057,买盘
947,11:16:03,10.18,-0.01,12,12216,卖盘
948,11:15:59,10.19,0.01,77,78463,买盘
949,11:15:53,10.18,--,96,97728,卖盘
950,11:15:48,10.18,--,16,16288,卖盘
951,11:15:44,10.18,-0.01,35,35630,卖盘
952,11:15:38,10.19,0.01,11,11209,买盘
953,11:15:28,10.18,--,10,10180,卖盘
954,11:15:08,10.18,--,48,48864,卖盘
955,11:15:03,10.18,-0.01,18,18324,卖盘
956,11:14:58,10.19,--,5,5095,买盘
957,11:14:48,10.19,0.01,4,4076,买盘
958,11:14:38,10.18,--,10,10180,卖盘
959,11:14:14,10.18,-0.01,51,51918,卖盘
960,11:14:08,10.19,--,15,15285,买盘
961,11:13:59,10.19,0.01,9,9171,买盘
962,11:13:53,10.18,--,5,5090,卖盘
963,11:13:48,10.18,-0.01,12,12216,卖盘
964,11:13:43,10.19,--,13,13247,买盘
965,11:13:38,10.19,--,8,8152,买盘
966,11:13:28,10.19,--,4,4076,买盘
967,11:13:22,10.19,0.01,6,6114,买盘
968,11:13:18,10.18,--,5,5090,卖盘
969,11:13:13,10.18,-0.01,22,22396,卖盘
970,11:13:08,10.19,--,100,101900,买盘
971,11:12:58,10.19,--,15,15285,买盘
972,11:12:53,10.19,--,17,17323,买盘
973,11:12:48,10.19,--,8,8152,买盘
974,11:12:43,10.19,0.01,2,2038,买盘
975,11:12:38,10.18,--,10,10180,卖盘
976,11:12:23,10.18,-0.01,1,1018,卖盘
977,11:12:13,10.19,--,5,5095,买盘
978,11:12:08,10.19,0.01,20,20380,买盘
979,11:11:58,10.18,-0.01,5,5090,卖盘
980,11:11:53,10.19,0.01,38,38722,买盘
981,11:11:43,10.18,-0.01,51,51918,卖盘
982,11:11:38,10.19,--,6,6114,买盘
983,11:11:28,10.19,--,20,20380,买盘
984,11:11:18,10.19,0.01,30,30570,买盘
985,11:11:13,10.18,-0.01,13,13234,卖盘
986,11:11:08,10.19,--,44,44836,买盘
987,11:11:02,10.19,--,22,22418,买盘
988,11:10:58,10.19,0.01,4,4076,买盘
989,11:10:46,10.18,-0.01,17,17306,卖盘
990,11:10:38,10.19,0.01,5,5095,买盘
991,11:10:23,10.18,--,11,11198,卖盘
992,11:10:16,10.18,--,70,71260,卖盘
993,11:10:13,10.18,--,5,5090,卖盘
994,11:10:08,10.18,--,13,13234,卖盘
995,11:10:02,10.18,--,4,4072,卖盘
996,11:09:58,10.18,--,2,2036,卖盘
997,11:09:53,10.18,--,43,43774,卖盘
998,11:09:47,10.18,--,13,13234,卖盘
999,11:09:38,10.18,-0.01,7,7126,卖盘
1000,11:09:32,10.19,0.01,38,38722,买盘
1001,11:09:23,10.18,--,33,33594,卖盘
1002,11:09:17,10.18,-0.01,28,28504,卖盘
1003,11:09:13,10.19,0.01,44,44836,买盘
1004,11:09:02,10.18,-0.01,3,3054,卖盘
1005,11:08:58,10.19,-0.01,712,726424,卖盘
1006,11:08:52,10.2,0.01,25,25500,中性盘
1007,11:08:43,10.19,-0.01,100,101900,卖盘
1008,11:08:38,10.2,--,5,5100,卖盘
1009,11:08:32,10.2,-0.01,119,121379,卖盘
1010,11:08:22,10.21,--,63,64323,买盘
1011,11:08:13,10.21,--,6,6126,卖盘
1012,11:08:08,10.21,--,8,8168,卖盘
1013,11:08:02,10.21,--,6,6126,卖盘
1014,11:07:57,10.21,--,2,2042,卖盘
1015,11:07:46,10.21,--,19,19399,买盘
1016,11:07:38,10.21,0.01,10,10210,中性盘
1017,11:07:32,10.2,-0.01,230,234599,卖盘
1018,11:07:27,10.21,0.01,216,220536,买盘
1019,11:07:23,10.2,-0.01,30,30599,卖盘
1020,11:07:16,10.21,--,100,102100,买盘
1021,11:07:12,10.21,0.01,26,26546,买盘
1022,11:07:07,10.2,--,4,4079,卖盘
1023,11:07:01,10.2,-0.01,118,120359,卖盘
1024,11:06:52,10.21,--,10,10210,买盘
1025,11:06:38,10.21,--,95,96995,买盘
1026,11:06:31,10.21,--,29,29609,买盘
1027,11:06:27,10.21,--,5,5105,买盘
1028,11:06:22,10.21,0.01,80,81680,买盘
1029,11:06:17,10.2,--,6,6120,卖盘
1030,11:06:07,10.2,--,50,51000,卖盘
1031,11:05:52,10.2,--,271,276420,卖盘
1032,11:05:46,10.2,--,53,54059,卖盘
1033,11:05:37,10.2,--,40,40800,卖盘
1034,11:05:27,10.2,--,48,48960,卖盘
1035,11:05:22,10.2,-0.01,37,37740,卖盘
1036,11:05:16,10.21,0.01,72,73512,买盘
1037,11:05:11,10.2,--,10,10200,卖盘
1038,11:05:07,10.2,-0.01,2,2039,卖盘
1039,11:04:56,10.21,0.01,5,5105,买盘
1040,11:04:46,10.2,-0.01,10,10200,卖盘
1041,11:04:40,10.21,0.01,5,5105,买盘
1042,11:04:37,10.2,-0.01,2,2039,卖盘
1043,11:04:31,10.21,0.01,5,5105,买盘
1044,11:04:26,10.2,--,5,5100,卖盘
1045,11:04:16,10.2,--,210,214199,卖盘
1046,11:04:02,10.2,-0.01,2,2039,卖盘
1047,11:03:56,10.21,--,60,61260,买盘
1048,11:03:52,10.21,--,114,116394,买盘
1049,11:03:40,10.21,--,51,52071,买盘
1050,11:03:32,10.21,--,1,1021,买盘
1051,11:03:22,10.21,--,22,22462,买盘
1052,11:03:10,10.21,0.01,81,82701,买盘
1053,11:03:01,10.2,-0.01,50,51000,卖盘
1054,11:02:55,10.21,0.01,33,33693,买盘
1055,11:02:47,10.2,-0.01,81,82620,卖盘
1056,11:02:41,10.21,0.01,7,7147,买盘
1057,11:02:31,10.2,-0.01,27,27539,卖盘
1058,11:02:25,10.21,0.01,30,30630,买盘
1059,11:02:16,10.2,--,1,1019,卖盘
1060,11:02:07,10.2,-0.01,10,10200,卖盘
1061,11:02:01,10.21,--,14,14294,买盘
1062,11:01:52,10.21,0.01,4,4084,买盘
1063,11:01:25,10.2,--,77,78540,买盘
1064,11:01:16,10.2,--,2,2039,买盘
1065,11:01:10,10.2,--,181,184620,买盘
1066,11:01:06,10.2,--,5,5100,买盘
1067,11:01:01,10.2,0.01,10,10200,买盘
1068,11:00:55,10.19,--,19,19361,卖盘
1069,11:00:46,10.19,-0.01,12,12228,卖盘
1070,11:00:40,10.2,0.01,69,70380,买盘
1071,11:00:36,10.19,-0.01,12,12228,卖盘
1072,11:00:31,10.2,--,10,10200,买盘
1073,11:00:25,10.2,--,10,10200,买盘
1074,11:00:01,10.2,--,20,20400,买盘
1075,10:59:55,10.2,0.01,41,41820,买盘
1076,10:59:46,10.19,-0.01,50,50950,卖盘
1077,10:59:40,10.2,0.01,87,88740,买盘
1078,10:59:25,10.19,--,23,23437,卖盘
1079,10:58:55,10.19,-0.01,101,102919,卖盘
1080,10:58:51,10.2,0.01,5,5100,买盘
1081,10:58:46,10.19,-0.01,5,5095,卖盘
1082,10:58:36,10.2,0.01,20,20400,买盘
1083,10:58:25,10.19,-0.01,52,52988,卖盘
1084,10:58:16,10.2,--,24,24480,买盘
1085,10:58:10,10.2,0.01,3,3060,买盘
1086,10:58:04,10.19,--,1,1019,卖盘
1087,10:57:55,10.19,--,7,7133,卖盘
1088,10:57:46,10.19,-0.01,2,2038,卖盘
1089,10:57:40,10.2,0.01,17,17340,买盘
1090,10:57:31,10.19,-0.01,23,23437,卖盘
1091,10:57:25,10.2,--,7,7139,买盘
1092,10:57:19,10.2,--,1,1019,买盘
1093,10:57:04,10.2,0.01,161,164220,买盘
1094,10:57:01,10.19,--,9,9171,卖盘
1095,10:56:55,10.19,--,3,3057,卖盘
1096,10:56:46,10.19,-0.01,2,2038,卖盘
1097,10:56:34,10.2,0.01,15,15299,买盘
1098,10:56:31,10.19,--,1,1019,卖盘
1099,10:56:25,10.19,-0.01,14,14775,卖盘
1100,10:56:19,10.2,0.01,10,10200,买盘
1101,10:56:16,10.19,--,119,121261,卖盘
1102,10:56:10,10.19,--,2,2038,卖盘
1103,10:56:04,10.19,-0.01,11,11209,卖盘
1104,10:55:55,10.2,--,4,4079,卖盘
1105,10:55:49,10.2,0.01,6,6120,买盘
1106,10:55:46,10.19,-0.01,5,5095,卖盘
1107,10:55:40,10.2,--,2,2039,买盘
1108,10:55:34,10.2,--,20,20400,卖盘
1109,10:55:31,10.2,--,2,2039,卖盘
1110,10:55:25,10.2,--,13,13259,卖盘
1111,10:55:19,10.2,--,19,19380,卖盘
1112,10:55:04,10.2,--,1,1019,卖盘
1113,10:55:01,10.2,--,29,29579,买盘
1114,10:54:49,10.2,--,22,22440,卖盘
1115,10:54:46,10.2,--,2,2039,卖盘
1116,10:54:34,10.2,0.01,36,36720,买盘
1117,10:54:16,10.19,-0.01,5,5095,卖盘
1118,10:54:10,10.2,0.01,13,13259,买盘
1119,10:54:01,10.19,--,2,2038,卖盘
1120,10:53:55,10.19,--,20,20380,卖盘
1121,10:53:49,10.19,-0.01,4,4076,卖盘
1122,10:53:40,10.2,--,11,11220,买盘
1123,10:53:25,10.2,0.01,3,3060,中性盘
1124,10:53:19,10.19,--,273,278187,卖盘
1125,10:53:10,10.19,--,19,19361,卖盘
1126,10:53:00,10.19,-0.01,4,4076,卖盘
1127,10:52:55,10.2,--,3,3060,买盘
1128,10:52:40,10.2,0.01,1,1019,中性盘
1129,10:52:34,10.19,-0.01,36,36684,卖盘
1130,10:52:30,10.2,--,6,6120,卖盘
1131,10:52:25,10.2,-0.01,61,62219,卖盘
1132,10:52:04,10.21,--,3,3063,卖盘
1133,10:51:55,10.21,--,103,105163,买盘
1134,10:51:49,10.21,--,4,4084,卖盘
1135,10:51:45,10.21,0.01,16,16336,卖盘
1136,10:51:40,10.2,-0.01,220,224399,卖盘
1137,10:51:34,10.21,--,3,3063,卖盘
1138,10:51:25,10.21,--,1,1021,买盘
1139,10:51:19,10.21,--,6,6126,买盘
1140,10:51:04,10.21,-0.01,10,10210,卖盘
1141,10:50:59,10.22,--,0,0,买盘
1142,10:50:55,10.22,0.01,527,538594,买盘
1143,10:50:49,10.21,0.01,99,101099,买盘
1144,10:50:43,10.2,--,49,50184,卖盘
1145,10:50:40,10.2,-0.01,101,103428,卖盘
1146,10:50:34,10.21,--,20,20420,卖盘
1147,10:50:28,10.21,--,21,21441,买盘
1148,10:50:25,10.21,0.01,1,1021,卖盘
1149,10:50:19,10.2,-0.01,2,2039,卖盘
1150,10:50:13,10.21,0.01,57,58197,买盘
1151,10:50:10,10.2,-0.01,15,15299,卖盘
1152,10:50:04,10.21,0.01,20,20420,买盘
1153,10:49:58,10.2,--,2,2039,卖盘
1154,10:49:49,10.2,--,1,1019,卖盘
1155,10:49:43,10.2,-0.01,202,206040,卖盘
1156,10:49:40,10.21,--,12,12252,买盘
1157,10:49:34,10.21,0.01,12,12252,买盘
1158,10:49:28,10.2,-0.01,16,16319,卖盘
1159,10:49:25,10.21,0.01,8,8168,买盘
1160,10:49:19,10.2,-0.01,11,11220,卖盘
1161,10:49:13,10.21,0.01,20,20420,买盘
1162,10:49:09,10.2,-0.01,1,1019,卖盘
1163,10:48:58,10.21,--,145,148045,卖盘
1164,10:48:54,10.21,0.01,5,5105,买盘
1165,10:48:43,10.2,-0.01,69,70380,卖盘
1166,10:48:39,10.21,--,26,26546,买盘
1167,10:48:28,10.21,0.01,22,22462,买盘
1168,10:48:24,10.2,--,25,25500,卖盘
1169,10:48:19,10.2,-0.01,4,4079,卖盘
1170,10:48:13,10.21,--,72,73512,卖盘
1171,10:48:10,10.21,0.01,28,28588,买盘
1172,10:48:04,10.2,--,4,4079,卖盘
1173,10:47:54,10.2,--,12,12240,卖盘
1174,10:47:49,10.2,-0.01,13,13259,卖盘
1175,10:47:43,10.21,--,12,12252,买盘
1176,10:47:28,10.21,--,16,16336,买盘
1177,10:47:25,10.21,--,521,531941,买盘
1178,10:47:19,10.21,--,28,28588,买盘
1179,10:47:13,10.21,--,17,17357,买盘
1180,10:47:09,10.21,--,201,205221,卖盘
1181,10:47:04,10.21,--,100,102100,卖盘
1182,10:46:58,10.21,--,6,6126,卖盘
1183,10:46:49,10.21,--,13,13273,卖盘
1184,10:46:43,10.21,--,247,252187,卖盘
1185,10:46:39,10.21,--,1,1021,卖盘
1186,10:46:28,10.21,--,1,1021,卖盘
1187,10:46:24,10.21,0.01,61,62281,买盘
1188,10:46:19,10.2,-0.01,15,15299,卖盘
1189,10:46:13,10.21,--,46,46966,买盘
1190,10:46:09,10.21,0.01,10,10210,买盘
1191,10:46:04,10.2,-0.01,50,51000,卖盘
1192,10:45:58,10.21,0.01,19,19399,买盘
1193,10:45:54,10.2,-0.01,158,161160,卖盘
1194,10:45:43,10.21,--,3,3063,买盘
1195,10:45:39,10.21,0.01,2,2042,买盘
1196,10:45:34,10.2,-0.01,28,28559,卖盘
1197,10:45:28,10.21,0.01,27,27567,买盘
1198,10:44:58,10.2,--,1,1019,卖盘
1199,10:44:54,10.2,--,80,82201,买盘
1200,10:44:49,10.2,--,99,100980,买盘
1201,10:44:43,10.2,--,125,127499,买盘
1202,10:44:39,10.2,--,90,91800,买盘
1203,10:44:34,10.2,0.01,46,46920,买盘
1204,10:44:28,10.19,-0.01,208,211952,卖盘
1205,10:44:23,10.2,0.01,100,102000,买盘
1206,10:44:19,10.19,-0.01,18,18342,卖盘
1207,10:44:13,10.2,--,207,211139,买盘
1208,10:44:09,10.2,0.01,74,75480,买盘
1209,10:44:04,10.19,-0.01,11,11209,卖盘
1210,10:43:58,10.2,--,69,70380,买盘
1211,10:43:52,10.2,--,5,5100,买盘
1212,10:43:49,10.2,--,23,23460,买盘
1213,10:43:43,10.2,--,73,74460,买盘
1214,10:43:37,10.2,0.01,12,12240,买盘
1215,10:43:34,10.19,--,10,10190,卖盘
1216,10:43:28,10.19,-0.01,85,86615,卖盘
1217,10:43:22,10.2,--,149,151980,买盘
1218,10:43:19,10.2,--,24,24480,买盘
1219,10:43:13,10.2,0.01,40,40800,买盘
1220,10:43:07,10.19,-0.01,20,20380,卖盘
1221,10:43:04,10.2,--,154,157080,买盘
1222,10:42:58,10.2,--,60,61199,买盘
1223,10:42:52,10.2,--,6,6120,买盘
1224,10:42:49,10.2,--,30,30599,买盘
1225,10:42:43,10.2,--,13,13259,买盘
1226,10:42:37,10.2,--,57,58139,买盘
1227,10:42:33,10.2,0.01,345,351900,买盘
1228,10:42:28,10.19,-0.01,38,38722,卖盘
1229,10:42:22,10.2,0.01,117,119339,买盘
1230,10:42:18,10.19,-0.01,3,3057,卖盘
1231,10:42:13,10.2,0.01,28,28559,买盘
1232,10:42:07,10.19,--,21,21399,卖盘
1233,10:41:58,10.19,--,43,43817,卖盘
1234,10:41:52,10.19,--,71,72349,卖盘
1235,10:41:48,10.19,--,10,10190,卖盘
1236,10:41:43,10.19,--,60,61140,卖盘
1237,10:41:37,10.19,-0.01,1,1019,卖盘
1238,10:41:33,10.2,--,30,30599,买盘
1239,10:41:28,10.2,0.01,50,51000,买盘
1240,10:41:22,10.19,-0.01,33,33627,卖盘
1241,10:41:13,10.2,--,10,10200,买盘
1242,10:41:07,10.2,--,18,18360,买盘
1243,10:41:03,10.2,0.01,4,4079,买盘
1244,10:40:58,10.19,-0.01,40,40760,卖盘
1245,10:40:52,10.2,--,6,6120,买盘
1246,10:40:48,10.2,--,40,40800,买盘
1247,10:40:43,10.2,0.01,22,22440,买盘
1248,10:40:37,10.19,-0.01,445,453455,卖盘
1249,10:40:33,10.2,--,5,5100,买盘
1250,10:40:28,10.2,--,32,32639,买盘
1251,10:40:22,10.2,--,18,18360,买盘
1252,10:40:18,10.2,--,706,720538,卖盘
1253,10:40:13,10.2,-0.01,37,37740,卖盘
1254,10:40:07,10.21,0.01,50,51050,买盘
1255,10:39:58,10.2,--,58,59159,卖盘
1256,10:39:52,10.2,--,10,10200,卖盘
1257,10:39:48,10.2,--,10,10200,卖盘
1258,10:39:43,10.2,--,4,4079,卖盘
1259,10:39:37,10.2,0.01,349,356581,买盘
1260,10:39:33,10.19,-0.01,11,11209,卖盘
1261,10:39:28,10.2,--,57,58139,买盘
1262,10:39:22,10.2,--,20,20400,买盘
1263,10:39:13,10.2,--,413,421259,买盘
1264,10:39:07,10.2,--,82,83640,买盘
1265,10:39:03,10.2,0.01,2,2039,买盘
1266,10:38:58,10.19,-0.01,42,42798,卖盘
1267,10:38:52,10.2,--,17,17340,买盘
1268,10:38:43,10.2,--,10,10200,买盘
1269,10:38:37,10.2,--,41,41820,买盘
1270,10:38:33,10.2,0.01,220,224399,买盘
1271,10:38:28,10.19,-0.01,30,30570,卖盘
1272,10:38:22,10.2,--,182,185640,买盘
1273,10:38:18,10.2,--,4,4079,买盘
1274,10:38:13,10.2,--,720,734400,买盘
1275,10:38:07,10.2,--,108,110159,买盘
1276,10:38:03,10.2,0.01,10,10200,买盘
1277,10:37:58,10.19,-0.01,51,51969,卖盘
1278,10:37:52,10.2,--,1046,1066920,买盘
1279,10:37:47,10.2,--,2,2039,买盘
1280,10:37:43,10.2,--,115,117299,买盘
1281,10:37:37,10.2,--,15,15299,买盘
1282,10:37:33,10.2,0.01,7,7139,买盘
1283,10:37:28,10.19,-0.01,214,218667,卖盘
1284,10:37:22,10.2,-0.01,5,5100,卖盘
1285,10:37:07,10.21,0.01,901,920339,买盘
1286,10:36:58,10.2,--,15,15299,买盘
1287,10:36:52,10.2,--,3,3661,卖盘
1288,10:36:46,10.2,--,8,8578,买盘
1289,10:36:37,10.2,--,1077,1098540,买盘
1290,10:36:31,10.2,--,12,12240,买盘
1291,10:36:22,10.2,--,10,10200,买盘
1292,10:36:16,10.2,--,15,15299,买盘
1293,10:36:13,10.2,0.01,10,10200,买盘
1294,10:36:07,10.19,--,8,8152,卖盘
1295,10:36:01,10.19,--,47,47893,卖盘
1296,10:35:58,10.19,--,69,70311,卖盘
1297,10:35:52,10.19,--,179,182401,卖盘
1298,10:35:46,10.19,--,17,17323,卖盘
1299,10:35:43,10.19,--,8,8152,卖盘
1300,10:35:31,10.19,-0.01,100,101900,卖盘
1301,10:35:22,10.2,--,4,4079,买盘
1302,10:35:16,10.2,0.01,151,154020,买盘
1303,10:35:12,10.19,-0.01,44,44836,卖盘
1304,10:35:07,10.2,--,3,3060,买盘
1305,10:35:01,10.2,--,49,49980,买盘
1306,10:34:57,10.2,-0.01,427,436141,卖盘
1307,10:34:42,10.21,--,16,16336,卖盘
1308,10:34:37,10.21,--,119,121754,买盘
1309,10:34:22,10.21,--,42,43647,卖盘
1310,10:34:16,10.21,-0.01,47,48242,卖盘
1311,10:34:12,10.22,--,23,23506,卖盘
1312,10:34:07,10.22,--,169,172718,买盘
1313,10:34:01,10.22,--,10,10220,买盘
1314,10:33:57,10.22,0.01,20,20440,买盘
1315,10:33:52,10.21,0.01,2,2042,卖盘
1316,10:33:46,10.2,-0.01,406,414120,卖盘
1317,10:33:31,10.21,--,23,23483,买盘
1318,10:33:22,10.21,--,55,56155,买盘
1319,10:33:16,10.21,0.01,17,17357,买盘
1320,10:33:12,10.2,-0.01,9,9180,卖盘
1321,10:33:07,10.21,--,7,7147,买盘
1322,10:33:01,10.21,--,6,6126,买盘
1323,10:32:57,10.21,--,20,20420,买盘
1324,10:32:52,10.21,0.01,25,25525,买盘
1325,10:32:46,10.2,--,12,12240,卖盘
1326,10:32:42,10.2,-0.01,7,7139,卖盘
1327,10:32:37,10.21,0.01,34,34714,买盘
1328,10:32:31,10.2,--,1,1019,卖盘
1329,10:32:27,10.2,--,44,45043,买盘
1330,10:32:22,10.2,--,73,74460,买盘
1331,10:32:16,10.2,--,84,85680,买盘
1332,10:32:07,10.2,0.01,53,54059,买盘
1333,10:32:01,10.19,-0.01,35,35665,卖盘
1334,10:31:52,10.2,0.01,10,10200,买盘
1335,10:31:46,10.19,-0.01,38,38722,中性盘
1336,10:31:42,10.2,0.01,78,79560,买盘
1337,10:31:37,10.19,-0.01,422,430018,卖盘
1338,10:31:31,10.2,0.01,50,51000,买盘
1339,10:31:27,10.19,-0.01,10,10190,卖盘
1340,10:31:22,10.2,--,38,38760,买盘
1341,10:31:16,10.2,--,347,353940,买盘
1342,10:31:12,10.2,--,13,13259,买盘
1343,10:31:07,10.2,--,161,164220,买盘
1344,10:31:01,10.2,--,24,24480,买盘
1345,10:30:57,10.2,-0.01,558,570016,卖盘
1346,10:30:52,10.21,-0.01,18,18378,卖盘
1347,10:30:46,10.22,0.01,18,18396,买盘
1348,10:30:41,10.21,0.01,4,4084,卖盘
1349,10:30:31,10.2,-0.01,54,55079,卖盘
1350,10:30:27,10.21,--,2,2042,卖盘
1351,10:30:22,10.21,--,0,0,买盘
1352,10:30:16,10.21,0.01,24,24504,买盘
1353,10:30:12,10.2,--,10,10200,卖盘
1354,10:30:07,10.2,--,223,227623,买盘
1355,10:30:01,10.2,--,139,141780,买盘
1356,10:29:55,10.2,--,135,137700,买盘
1357,10:29:52,10.2,--,40,40800,买盘
1358,10:29:46,10.2,--,7,7139,买盘
1359,10:29:40,10.2,--,5,5100,买盘
1360,10:29:37,10.2,0.01,15,15299,买盘
1361,10:29:31,10.19,--,18,18342,买盘
1362,10:29:25,10.19,--,63,64197,买盘
1363,10:29:22,10.19,--,37,37703,买盘
1364,10:29:16,10.19,--,10,10190,买盘
1365,10:29:10,10.19,--,25,25475,买盘
1366,10:29:07,10.19,-0.01,26,26494,卖盘
1367,10:29:01,10.2,--,107,109139,买盘
1368,10:28:55,10.2,--,28,28559,买盘
1369,10:28:52,10.2,0.01,15,15299,买盘
1370,10:28:46,10.19,-0.01,82,83558,卖盘
1371,10:28:40,10.2,--,10,10200,买盘
1372,10:28:37,10.2,0.02,357,364140,买盘
1373,10:28:31,10.18,-0.02,427,434686,卖盘
1374,10:28:25,10.2,0.01,19,19380,买盘
1375,10:28:22,10.19,-0.01,8,8152,卖盘
1376,10:28:16,10.2,0.01,20,20400,买盘
1377,10:28:10,10.19,-0.01,50,50950,卖盘
1378,10:28:06,10.2,--,15,15299,买盘
1379,10:28:01,10.2,--,12,12240,买盘
1380,10:27:55,10.2,--,1,1019,买盘
1381,10:27:51,10.2,--,4,4079,买盘
1382,10:27:46,10.2,--,45,45900,买盘
1383,10:27:40,10.2,-0.02,1147,1170796,卖盘
1384,10:27:31,10.22,--,15,15330,卖盘
1385,10:27:25,10.22,-0.01,42,42924,卖盘
1386,10:27:21,10.23,0.01,25,25575,买盘
1387,10:27:10,10.22,0.01,31,31682,中性盘
1388,10:27:01,10.21,-0.02,2,2042,中性盘
1389,10:26:55,10.23,-0.01,8,8184,买盘
1390,10:26:51,10.24,--,0,0,买盘
1391,10:26:46,10.24,--,1434,1468416,买盘
1392,10:26:36,10.24,--,62,63488,买盘
1393,10:26:31,10.24,0.01,7,7168,买盘
1394,10:26:16,10.23,-0.01,20,20460,卖盘
1395,10:26:10,10.24,0.01,20,20480,买盘
1396,10:26:01,10.23,--,0,0,买盘
1397,10:25:55,10.23,-0.02,1433,1465959,卖盘
1398,10:25:51,10.25,0.01,30,30750,买盘
1399,10:25:36,10.24,--,2,2048,卖盘
1400,10:25:31,10.24,-0.01,3,3072,卖盘
1401,10:25:25,10.25,0.01,15,15375,买盘
1402,10:25:16,10.24,-0.01,5,5120,卖盘
1403,10:25:10,10.25,--,10,10250,买盘
1404,10:25:06,10.25,0.01,30,30750,买盘
1405,10:24:55,10.24,--,30,30720,买盘
1406,10:24:51,10.24,-0.01,6,6144,卖盘
1407,10:24:46,10.25,0.01,1,1025,买盘
1408,10:24:36,10.24,-0.01,5,5120,卖盘
1409,10:24:31,10.25,--,2,2050,买盘
1410,10:24:25,10.25,--,8,8200,买盘
1411,10:24:16,10.25,--,126,129150,卖盘
1412,10:24:10,10.25,-0.01,5,5125,卖盘
1413,10:24:01,10.26,0.01,20,20520,买盘
1414,10:23:55,10.25,-0.01,50,51250,卖盘
1415,10:23:46,10.26,--,9,9234,卖盘
1416,10:23:40,10.26,0.01,32,32832,买盘
1417,10:23:31,10.25,-0.01,11,11275,卖盘
1418,10:23:25,10.26,0.04,2,2052,买盘
1419,10:23:16,10.22,-0.04,853,871766,卖盘
1420,10:23:06,10.26,0.01,1,1026,买盘
1421,10:22:55,10.25,--,12,12300,买盘
1422,10:22:46,10.25,-0.01,10,10250,买盘
1423,10:22:40,10.26,0.01,51,52326,买盘
1424,10:22:36,10.25,--,37,37925,卖盘
1425,10:22:31,10.25,--,18,18450,卖盘
1426,10:22:25,10.25,-0.01,18,18450,卖盘
1427,10:22:21,10.26,0.01,4,4104,买盘
1428,10:22:16,10.25,--,1,1025,卖盘
1429,10:22:10,10.25,--,17,17425,卖盘
1430,10:22:06,10.25,--,30,30750,卖盘
1431,10:21:55,10.25,-0.02,20,20500,卖盘
1432,10:21:51,10.27,--,4,4108,卖盘
1433,10:21:40,10.27,--,993,1019811,买盘
1434,10:21:34,10.27,--,11,11297,买盘
1435,10:21:31,10.27,--,41,42107,买盘
1436,10:21:10,10.27,--,10,10270,买盘
1437,10:21:04,10.27,--,33,33891,买盘
1438,10:21:01,10.27,0.01,10,10270,买盘
1439,10:20:55,10.26,-0.01,21,21546,卖盘
1440,10:20:49,10.27,--,18,18486,买盘
1441,10:20:46,10.27,--,15,15405,买盘
1442,10:20:31,10.27,-0.01,5,5135,中性盘
1443,10:20:19,10.28,0.01,68,69904,买盘
1444,10:20:10,10.27,-0.01,24,24648,买盘
1445,10:20:00,10.28,--,0,0,买盘
1446,10:19:55,10.28,0.01,28,28784,买盘
1447,10:19:49,10.27,--,13,13351,卖盘
1448,10:19:46,10.27,0.01,17,17459,卖盘
1449,10:19:40,10.26,--,0,0,卖盘
1450,10:19:34,10.26,-0.01,55,56430,卖盘
1451,10:19:19,10.27,--,0,390,买盘
1452,10:19:15,10.27,--,9,9879,卖盘
1453,10:19:00,10.27,--,5,5525,买盘
1454,10:18:55,10.27,0.01,70,71890,买盘
1455,10:18:49,10.26,-0.01,39,40014,卖盘
1456,10:18:45,10.27,0.01,1,1027,买盘
1457,10:18:40,10.26,-0.01,40,41040,卖盘
1458,10:18:34,10.27,--,38,39026,买盘
1459,10:18:30,10.27,0.01,27,27729,买盘
1460,10:18:19,10.26,-0.01,154,158701,卖盘
1461,10:18:10,10.27,--,5,5135,卖盘
1462,10:18:04,10.27,-0.01,35,35945,卖盘
1463,10:18:00,10.28,--,4,4112,买盘
1464,10:17:55,10.28,0.01,1,1028,买盘
1465,10:17:49,10.27,--,0,0,卖盘
1466,10:17:45,10.27,-0.01,75,77025,卖盘
1467,10:17:40,10.28,--,512,526336,卖盘
1468,10:17:34,10.28,--,6,6168,卖盘
1469,10:17:25,10.28,-0.01,18,18504,卖盘
1470,10:17:19,10.29,0.01,10,10290,买盘
1471,10:17:10,10.28,-0.01,55,56540,卖盘
1472,10:17:04,10.29,--,19,19551,买盘
1473,10:17:00,10.29,--,25,25724,买盘
1474,10:16:55,10.29,--,5,5145,买盘
1475,10:16:49,10.29,--,7,7202,买盘
1476,10:16:40,10.29,0.01,5,5145,买盘
1477,10:16:34,10.28,--,2,2056,卖盘
1478,10:16:30,10.28,-0.01,3,3084,卖盘
1479,10:16:19,10.29,0.01,7,7202,买盘
1480,10:15:55,10.28,--,18,18504,卖盘
1481,10:15:49,10.28,--,58,59623,买盘
1482,10:15:40,10.28,--,4,4112,买盘
1483,10:15:34,10.28,0.01,7,7196,买盘
1484,10:15:30,10.27,-0.01,3,3081,卖盘
1485,10:15:25,10.28,--,39,40092,买盘
1486,10:15:19,10.28,--,16,16448,买盘
1487,10:15:15,10.28,--,34,34952,买盘
1488,10:15:04,10.28,-0.01,20,20560,卖盘
1489,10:15:00,10.29,0.01,16,16464,买盘
1490,10:14:55,10.28,--,50,51400,卖盘
1491,10:14:49,10.28,-0.01,76,78128,卖盘
1492,10:14:45,10.29,0.01,10,10290,买盘
1493,10:14:39,10.28,-0.01,15,15419,卖盘
1494,10:14:34,10.29,--,11,11318,买盘
1495,10:14:30,10.29,--,50,51449,买盘
1496,10:14:19,10.29,--,49,50420,买盘
1497,10:14:14,10.29,--,11,11318,买盘
1498,10:14:10,10.29,--,20,20580,买盘
1499,10:14:04,10.29,-0.02,1098,1130644,卖盘
1500,10:13:58,10.31,--,10,10310,卖盘
1501,10:13:54,10.31,0.01,47,48457,卖盘
1502,10:13:49,10.3,-0.01,285,293550,卖盘
1503,10:13:43,10.31,0.01,112,115472,买盘
1504,10:13:40,10.3,-0.01,8,8240,卖盘
1505,10:13:34,10.31,--,11,11341,买盘
1506,10:13:28,10.31,--,61,62891,买盘
1507,10:13:24,10.31,0.01,47,48457,买盘
1508,10:13:19,10.3,--,11,11330,卖盘
1509,10:13:13,10.3,-0.01,30,30900,卖盘
1510,10:13:09,10.31,--,29,29899,买盘
1511,10:13:04,10.31,0.01,78,80644,买盘
1512,10:12:58,10.3,--,17,18313,卖盘
1513,10:12:54,10.3,--,23,23690,卖盘
1514,10:12:49,10.3,--,6,6406,买盘
1515,10:12:43,10.3,--,20,20600,买盘
1516,10:12:39,10.3,--,104,107120,买盘
1517,10:12:34,10.3,--,10,10300,买盘
1518,10:12:28,10.3,--,114,117420,买盘
1519,10:12:24,10.3,--,29,29870,买盘
1520,10:12:19,10.3,--,66,67980,买盘
1521,10:12:13,10.3,--,57,58710,买盘
1522,10:12:09,10.3,--,7,7210,买盘
1523,10:12:04,10.3,0.01,10,10300,买盘
1524,10:11:54,10.29,-0.01,9,9261,卖盘
1525,10:11:49,10.3,--,14,14420,买盘
1526,10:11:43,10.3,0.01,5,5150,买盘
1527,10:11:34,10.29,--,262,269598,买盘
1528,10:11:28,10.29,--,64,65856,买盘
1529,10:11:24,10.29,--,53,54536,买盘
1530,10:11:19,10.29,--,32,32928,买盘
1531,10:11:13,10.29,--,144,148176,买盘
1532,10:11:09,10.29,0.01,108,111131,买盘
1533,10:11:04,10.28,0.01,11,11308,买盘
1534,10:10:58,10.27,--,4,4108,卖盘
1535,10:10:49,10.27,-0.01,43,44161,卖盘
1536,10:10:39,10.28,--,3,3084,买盘
1537,10:10:34,10.28,--,37,38036,买盘
1538,10:10:28,10.28,--,1,1028,买盘
1539,10:10:19,10.28,-0.01,4,4112,中性盘
1540,10:10:13,10.29,0.01,129,132741,买盘
1541,10:10:09,10.28,-0.01,9,9252,卖盘
1542,10:10:04,10.29,0.01,15,15434,买盘
1543,10:09:54,10.28,0.01,2,2056,卖盘
1544,10:09:49,10.27,-0.01,35,35945,卖盘
1545,10:09:43,10.28,0.01,304,312512,买盘
1546,10:09:34,10.27,--,1,1027,卖盘
1547,10:09:28,10.27,--,1,1027,卖盘
1548,10:09:13,10.27,0.01,463,475891,买盘
1549,10:09:09,10.26,-0.01,63,64638,卖盘
1550,10:09:03,10.27,--,2,2054,买盘
1551,10:08:58,10.27,--,15,15405,买盘
1552,10:08:48,10.27,--,16,16432,买盘
1553,10:08:43,10.27,--,17,17459,买盘
1554,10:08:39,10.27,0.01,24,24648,买盘
1555,10:08:28,10.26,--,19,19494,卖盘
1556,10:08:24,10.26,--,30,30780,卖盘
1557,10:08:13,10.26,--,10,10260,卖盘
1558,10:08:09,10.26,--,3,3078,卖盘
1559,10:07:58,10.26,--,8,8208,卖盘
1560,10:07:54,10.26,--,2,2052,卖盘
1561,10:07:43,10.26,-0.01,21,21546,卖盘
1562,10:07:39,10.27,--,4,4108,买盘
1563,10:07:28,10.27,--,35,35945,买盘
1564,10:07:24,10.27,0.01,2,2054,买盘
1565,10:07:18,10.26,--,15,15390,卖盘
1566,10:07:13,10.26,-0.01,20,20520,卖盘
1567,10:07:09,10.27,0.01,16,16432,买盘
1568,10:06:58,10.26,-0.01,15,15390,卖盘
1569,10:06:48,10.27,0.01,17,17459,买盘
1570,10:06:28,10.26,--,1,1026,卖盘
1571,10:06:18,10.26,--,20,20520,卖盘
1572,10:06:13,10.26,--,1,1026,卖盘
1573,10:06:07,10.26,--,3,3078,卖盘
1574,10:05:52,10.26,-0.01,7,7182,卖盘
1575,10:05:48,10.27,0.01,50,51350,买盘
1576,10:05:43,10.26,--,15,15390,卖盘
1577,10:05:37,10.26,--,75,76950,卖盘
1578,10:05:33,10.26,--,1,1026,卖盘
1579,10:05:28,10.26,-0.01,2,2052,卖盘
1580,10:05:22,10.27,0.01,35,35945,买盘
1581,10:05:07,10.26,--,6,6156,卖盘
1582,10:05:03,10.26,--,4,4104,卖盘
1583,10:04:43,10.26,--,41,42066,卖盘
1584,10:04:37,10.26,-0.01,31,31806,卖盘
1585,10:04:33,10.27,0.01,5,5135,买盘
1586,10:04:28,10.26,--,6,6156,卖盘
1587,10:04:22,10.26,-0.01,10,10260,卖盘
1588,10:04:07,10.27,--,42,43134,买盘
1589,10:04:03,10.27,0.01,10,10270,买盘
1590,10:03:52,10.26,--,30,30780,卖盘
1591,10:03:37,10.26,-0.01,10,10260,卖盘
1592,10:03:33,10.27,0.01,3,3081,买盘
1593,10:03:28,10.26,-0.01,3,3078,卖盘
1594,10:03:22,10.27,--,50,51350,买盘
1595,10:03:18,10.27,0.01,400,410800,买盘
1596,10:02:58,10.26,--,26,26676,卖盘
1597,10:02:52,10.26,--,184,188784,买盘
1598,10:02:43,10.26,0.01,5,5130,买盘
1599,10:02:37,10.25,-0.01,18,18450,卖盘
1600,10:02:28,10.26,-0.01,10,10260,买盘
1601,10:02:22,10.27,--,10,10270,买盘
1602,10:02:13,10.27,--,51,52377,买盘
1603,10:02:07,10.27,-0.01,2,2054,中性盘
1604,10:02:03,10.28,0.01,263,270364,买盘
1605,10:01:58,10.27,--,0,0,买盘
1606,10:01:52,10.27,-0.01,3,3081,中性盘
1607,10:01:48,10.28,0.01,240,246719,买盘
1608,10:01:37,10.27,--,74,75998,买盘
1609,10:01:33,10.27,--,36,36972,买盘
1610,10:01:27,10.27,--,51,52377,买盘
1611,10:01:22,10.27,-0.01,3,3081,卖盘
1612,10:01:18,10.28,0.01,74,76072,买盘
1613,10:01:12,10.27,--,6,6162,卖盘
1614,10:01:07,10.27,-0.01,518,531986,卖盘
1615,10:01:03,10.28,--,54,55512,买盘
1616,10:00:57,10.28,--,5,5140,买盘
1617,10:00:52,10.28,--,40,41120,买盘
1618,10:00:48,10.28,0.01,11,11308,买盘
1619,10:00:42,10.27,-0.01,109,111943,卖盘
1620,10:00:37,10.28,0.01,9,9252,买盘
1621,10:00:33,10.27,--,4,4108,卖盘
1622,10:00:27,10.27,--,20,20540,卖盘
1623,10:00:22,10.27,--,113,116051,卖盘
1624,10:00:17,10.27,-0.01,18,18486,卖盘
1625,10:00:12,10.28,--,50,51400,买盘
1626,10:00:07,10.28,--,24,24672,买盘
1627,10:00:02,10.28,0.01,15,15419,买盘
1628,09:59:57,10.27,-0.01,10,10270,卖盘
1629,09:59:52,10.28,0.01,65,66820,买盘
1630,09:59:48,10.27,--,31,31837,卖盘
1631,09:59:37,10.27,--,21,21567,卖盘
1632,09:59:33,10.27,-0.01,9,9243,卖盘
1633,09:59:22,10.28,--,15,15419,买盘
1634,09:59:16,10.28,0.01,37,38036,买盘
1635,09:59:07,10.27,-0.01,1,1027,卖盘
1636,09:59:01,10.28,0.01,29,29811,买盘
1637,09:58:52,10.27,--,133,136591,买盘
1638,09:58:46,10.27,--,30,30810,买盘
1639,09:58:42,10.27,-0.01,31,31837,卖盘
1640,09:58:37,10.28,--,26,26728,卖盘
1641,09:58:31,10.28,0.01,188,193264,买盘
1642,09:58:27,10.27,--,14,14378,卖盘
1643,09:58:22,10.27,--,169,173563,卖盘
1644,09:58:16,10.27,-0.01,8,8216,卖盘
1645,09:58:12,10.28,0.01,53,54484,买盘
1646,09:58:07,10.27,--,55,56485,卖盘
1647,09:58:01,10.27,--,17,17459,卖盘
1648,09:57:57,10.27,--,4,4108,卖盘
1649,09:57:52,10.27,--,170,174590,卖盘
1650,09:57:37,10.27,--,309,317343,买盘
1651,09:57:31,10.27,--,58,59566,买盘
1652,09:57:27,10.27,--,38,39026,买盘
1653,09:57:22,10.27,0.01,2,2054,买盘
1654,09:57:16,10.26,-0.01,70,71820,卖盘
1655,09:57:12,10.27,0.01,10,10270,买盘
1656,09:57:07,10.26,--,22,22572,卖盘
1657,09:57:01,10.26,--,25,25650,卖盘
1658,09:56:57,10.26,0.01,3,3078,卖盘
1659,09:56:52,10.25,--,0,0,卖盘
1660,09:56:46,10.25,-0.01,89,91225,卖盘
1661,09:56:42,10.26,--,10,10260,买盘
1662,09:56:37,10.26,--,194,199044,买盘
1663,09:56:31,10.26,0.01,3,3078,买盘
1664,09:56:22,10.25,-0.01,5,5125,卖盘
1665,09:56:16,10.26,0.01,70,71820,中性盘
1666,09:56:07,10.25,-0.01,390,400693,卖盘
1667,09:56:01,10.26,--,10,10260,买盘
1668,09:55:57,10.26,--,11,11286,买盘
1669,09:55:52,10.26,--,13,13338,买盘
1670,09:55:46,10.26,--,11,11286,买盘
1671,09:55:42,10.26,0.01,17,17442,买盘
1672,09:55:37,10.25,--,101,103525,卖盘
1673,09:55:31,10.25,0.01,69,70725,买盘
1674,09:55:26,10.24,-0.01,130,133120,卖盘
1675,09:55:22,10.25,--,43,44075,买盘
1676,09:55:16,10.25,--,41,42025,买盘
1677,09:55:11,10.25,--,25,25625,买盘
1678,09:55:07,10.25,--,20,20500,买盘
1679,09:55:01,10.25,--,13,13325,买盘
1680,09:54:56,10.25,0.01,2,2050,买盘
1681,09:54:51,10.24,-0.01,200,204800,卖盘
1682,09:54:46,10.25,--,13,13325,卖盘
1683,09:54:41,10.25,--,4,4100,买盘
1684,09:54:31,10.25,--,25,25625,买盘
1685,09:54:26,10.25,--,1,1025,买盘
1686,09:54:16,10.25,--,106,108650,买盘
1687,09:54:11,10.25,0.01,30,30750,买盘
1688,09:53:56,10.24,--,111,113664,买盘
1689,09:53:51,10.24,0.01,10,10240,买盘
1690,09:53:46,10.23,--,82,83886,卖盘
1691,09:53:41,10.23,--,31,31713,卖盘
1692,09:53:36,10.23,--,3,3069,卖盘
1693,09:53:26,10.23,--,87,89001,买盘
1694,09:53:16,10.23,--,71,72633,卖盘
1695,09:53:11,10.23,--,9,9207,卖盘
1696,09:53:06,10.23,--,20,20460,卖盘
1697,09:53:01,10.23,--,14,14322,卖盘
1698,09:52:56,10.23,-0.01,6,6138,卖盘
1699,09:52:51,10.24,--,10,10240,买盘
1700,09:52:46,10.24,0.01,118,120832,买盘
1701,09:52:41,10.23,--,16,16368,卖盘
1702,09:52:36,10.23,--,40,40920,卖盘
1703,09:52:31,10.23,-0.01,61,62403,卖盘
1704,09:52:21,10.24,--,47,48128,买盘
1705,09:52:16,10.24,--,51,52224,买盘
1706,09:52:11,10.24,-0.01,72,73728,卖盘
1707,09:52:06,10.25,-0.01,1,1025,卖盘
1708,09:52:01,10.26,--,10,10260,买盘
1709,09:51:56,10.26,0.02,33,33858,买盘
1710,09:51:51,10.24,-0.02,129,132096,卖盘
1711,09:51:46,10.26,--,47,48222,买盘
1712,09:51:41,10.26,--,8,8208,卖盘
1713,09:51:31,10.26,-0.01,61,62586,卖盘
1714,09:51:26,10.27,0.01,312,320424,买盘
1715,09:51:21,10.26,--,31,31806,卖盘
1716,09:51:10,10.26,--,390,400140,卖盘
1717,09:51:06,10.26,0.01,47,48222,买盘
1718,09:51:01,10.25,-0.01,35,35875,卖盘
1719,09:50:55,10.26,--,5,5130,买盘
1720,09:50:51,10.26,--,10,10260,买盘
1721,09:50:46,10.26,--,12,12312,买盘
1722,09:50:40,10.26,0.01,227,232902,买盘
1723,09:50:36,10.25,--,5,5125,卖盘
1724,09:50:31,10.25,-0.01,19,19475,卖盘
1725,09:50:25,10.26,--,5,5130,买盘
1726,09:50:21,10.26,0.01,148,151848,买盘
1727,09:50:10,10.25,--,58,59450,卖盘
1728,09:50:06,10.25,--,15,15375,卖盘
1729,09:50:01,10.25,0.01,10,10250,买盘
1730,09:49:55,10.24,-0.01,6,6144,卖盘
1731,09:49:51,10.25,0.01,147,150675,买盘
1732,09:49:46,10.24,-0.01,17,17408,卖盘
1733,09:49:40,10.25,--,20,20500,卖盘
1734,09:49:36,10.25,--,6,6150,卖盘
1735,09:49:31,10.25,--,1,1025,卖盘
1736,09:49:25,10.25,0.01,128,131200,买盘
1737,09:49:21,10.24,--,8,8192,买盘
1738,09:49:16,10.24,--,147,150528,买盘
1739,09:49:10,10.24,0.01,10,10240,买盘
1740,09:49:06,10.23,-0.01,10,10230,卖盘
1741,09:48:55,10.24,--,20,20480,买盘
1742,09:48:51,10.24,--,126,129024,买盘
1743,09:48:46,10.24,0.01,11,11264,买盘
1744,09:48:40,10.23,-0.01,119,121737,卖盘
1745,09:48:35,10.24,--,1,1024,买盘
1746,09:48:31,10.24,--,53,54272,买盘
1747,09:48:25,10.24,-0.01,38,38912,卖盘
1748,09:48:16,10.25,--,5,5125,买盘
1749,09:48:10,10.25,--,16,16400,买盘
1750,09:48:05,10.25,--,14,14350,买盘
1751,09:48:00,10.25,0.02,60,61500,买盘
1752,09:47:55,10.23,--,0,0,卖盘
1753,09:47:50,10.23,-0.01,50,51150,卖盘
1754,09:47:40,10.24,--,16,16384,买盘
1755,09:47:35,10.24,0.01,139,142336,买盘
1756,09:47:30,10.23,--,4,4092,卖盘
1757,09:47:25,10.23,--,73,74679,买盘
1758,09:47:20,10.23,0.01,68,69564,买盘
1759,09:47:10,10.22,--,71,72562,卖盘
1760,09:47:05,10.22,--,47,48034,买盘
1761,09:47:00,10.22,--,50,51100,买盘
1762,09:46:55,10.22,--,8,8176,买盘
1763,09:46:50,10.22,0.01,77,78694,买盘
1764,09:46:40,10.21,-0.01,71,72491,卖盘
1765,09:46:30,10.22,0.01,18,18396,卖盘
1766,09:46:20,10.21,--,68,69428,卖盘
1767,09:46:15,10.21,--,15,15315,卖盘
1768,09:46:10,10.21,-0.01,25,25525,卖盘
1769,09:46:05,10.22,--,10,10220,买盘
1770,09:46:00,10.22,--,15,15330,买盘
1771,09:45:55,10.22,--,17,17374,买盘
1772,09:45:45,10.22,--,95,97090,卖盘
1773,09:45:40,10.22,--,16,16352,卖盘
1774,09:45:35,10.22,--,16,16352,买盘
1775,09:45:30,10.22,--,1,1022,卖盘
1776,09:45:25,10.22,--,14,14308,买盘
1777,09:45:20,10.22,--,1,1022,买盘
1778,09:45:15,10.22,0.01,9,9198,买盘
1779,09:45:10,10.21,-0.01,9,9189,卖盘
1780,09:45:05,10.22,--,95,97090,买盘
1781,09:45:00,10.22,--,13,13286,买盘
1782,09:44:55,10.22,0.01,10,10220,买盘
1783,09:44:50,10.21,-0.01,19,19399,卖盘
1784,09:44:40,10.22,--,32,32704,买盘
1785,09:44:35,10.22,--,13,13286,买盘
1786,09:44:30,10.22,--,2,2044,买盘
1787,09:44:25,10.22,-0.01,35,35770,卖盘
1788,09:44:20,10.23,0.01,3,3069,买盘
1789,09:44:15,10.22,--,25,25550,买盘
1790,09:44:10,10.22,-0.01,22,22484,卖盘
1791,09:44:04,10.23,0.01,22,22506,中性盘
1792,09:44:00,10.22,--,6,6132,卖盘
1793,09:43:55,10.22,--,30,30660,卖盘
1794,09:43:49,10.22,-0.01,52,53144,卖盘
1795,09:43:40,10.23,0.01,41,41943,买盘
1796,09:43:34,10.22,-0.02,2,2044,卖盘
1797,09:43:30,10.24,0.02,5,5120,买盘
1798,09:43:25,10.22,--,15,15330,卖盘
1799,09:43:19,10.22,-0.01,16,16352,卖盘
1800,09:43:15,10.23,-0.01,13,13299,卖盘
1801,09:43:10,10.24,-0.01,201,205824,卖盘
1802,09:43:04,10.25,--,2,2050,买盘
1803,09:43:00,10.25,--,0,0,买盘
1804,09:42:55,10.25,--,0,0,买盘
1805,09:42:49,10.25,--,101,103525,买盘
1806,09:42:45,10.25,0.01,17,17425,买盘
1807,09:42:40,10.24,--,10,10240,买盘
1808,09:42:34,10.24,0.02,21,21504,中性盘
1809,09:42:30,10.22,-0.03,3,3066,卖盘
1810,09:42:25,10.25,--,19,19475,买盘
1811,09:42:19,10.25,0.04,5,5125,买盘
1812,09:42:15,10.21,-0.01,25,25525,卖盘
1813,09:42:10,10.22,-0.03,6,6132,卖盘
1814,09:42:04,10.25,0.04,145,149445,买盘
1815,09:41:59,10.21,-0.01,8,8168,卖盘
1816,09:41:55,10.22,--,98,100156,买盘
1817,09:41:49,10.22,0.01,34,34748,买盘
1818,09:41:45,10.21,-0.01,19,19399,卖盘
1819,09:41:39,10.22,0.01,24,24528,买盘
1820,09:41:34,10.21,-0.01,135,137835,卖盘
1821,09:41:24,10.22,--,48,49056,卖盘
1822,09:41:19,10.22,--,4,4088,卖盘
1823,09:41:09,10.22,-0.01,7,7154,卖盘
1824,09:41:04,10.23,--,17,17391,卖盘
1825,09:40:59,10.23,0.02,15,15345,中性盘
1826,09:40:54,10.21,-0.02,420,428820,卖盘
1827,09:40:49,10.23,-0.01,5,5115,卖盘
1828,09:40:44,10.24,0.01,5,5120,买盘
1829,09:40:39,10.23,--,29,29667,卖盘
1830,09:40:34,10.23,-0.01,29,29667,卖盘
1831,09:40:29,10.24,--,12,12288,买盘
1832,09:40:19,10.24,--,15,15360,买盘
1833,09:40:14,10.24,-0.01,95,97484,卖盘
1834,09:40:09,10.25,--,10,10250,买盘
1835,09:40:04,10.25,0.01,5,5125,中性盘
1836,09:39:59,10.24,-0.01,234,239616,卖盘
1837,09:39:54,10.25,--,27,27675,卖盘
1838,09:39:49,10.25,--,173,178145,买盘
1839,09:39:44,10.25,--,2,2050,买盘
1840,09:39:39,10.25,--,14,14350,买盘
1841,09:39:34,10.25,--,490,502250,卖盘
1842,09:39:19,10.25,-0.02,75,76875,卖盘
1843,09:39:14,10.27,0.01,13,13351,买盘
1844,09:39:09,10.26,-0.01,9,9234,卖盘
1845,09:39:04,10.27,--,8,8216,买盘
1846,09:38:59,10.27,--,47,48269,买盘
1847,09:38:44,10.27,--,30,30810,卖盘
1848,09:38:39,10.27,--,6,6162,卖盘
1849,09:38:34,10.27,--,47,48269,买盘
1850,09:38:29,10.27,0.01,43,44161,买盘
1851,09:38:24,10.26,--,1,1026,卖盘
1852,09:38:19,10.26,-0.01,6,6156,卖盘
1853,09:38:14,10.27,0.01,1,1027,买盘
1854,09:38:04,10.26,-0.02,5,5130,买盘
1855,09:37:59,10.28,0.02,95,97660,买盘
1856,09:37:54,10.26,0.01,66,67716,买盘
1857,09:37:39,10.25,-0.01,2,2050,卖盘
1858,09:37:34,10.26,0.01,5,5130,买盘
1859,09:37:29,10.25,-0.01,12,12300,卖盘
1860,09:37:19,10.26,0.01,91,93366,买盘
1861,09:37:14,10.25,-0.01,22,22550,卖盘
1862,09:37:09,10.26,--,21,21546,买盘
1863,09:37:04,10.26,--,32,32832,买盘
1864,09:36:59,10.26,0.01,10,10260,买盘
1865,09:36:54,10.25,--,2,2050,卖盘
1866,09:36:49,10.25,0.01,48,49200,买盘
1867,09:36:44,10.24,-0.01,30,30720,卖盘
1868,09:36:39,10.25,--,23,23575,买盘
1869,09:36:34,10.25,--,329,337225,买盘
1870,09:36:28,10.25,--,30,30750,买盘
1871,09:36:24,10.25,-0.01,23,23575,卖盘
1872,09:36:19,10.26,0.01,44,45144,买盘
1873,09:36:13,10.25,--,30,30750,卖盘
1874,09:36:09,10.25,-0.01,48,49200,卖盘
1875,09:36:04,10.26,0.01,7,7182,买盘
1876,09:35:58,10.25,0.01,10,10250,中性盘
1877,09:35:54,10.24,-0.02,20,20480,卖盘
1878,09:35:49,10.26,--,0,0,买盘
1879,09:35:43,10.26,0.01,209,214434,买盘
1880,09:35:39,10.25,--,23,23575,买盘
1881,09:35:34,10.25,0.01,155,158875,买盘
1882,09:35:28,10.24,-0.02,58,59392,卖盘
1883,09:35:24,10.26,0.01,16,16416,买盘
1884,09:35:19,10.25,0.01,85,87125,买盘
1885,09:35:13,10.24,-0.01,30,30720,卖盘
1886,09:35:04,10.25,--,68,69700,买盘
1887,09:34:58,10.25,--,25,25625,买盘
1888,09:34:54,10.25,--,71,72775,买盘
1889,09:34:49,10.25,--,89,91225,买盘
1890,09:34:43,10.25,0.01,1,1025,买盘
1891,09:34:39,10.24,-0.01,106,108544,卖盘
1892,09:34:33,10.25,--,52,53300,买盘
1893,09:34:28,10.25,--,51,52275,买盘
1894,09:34:24,10.25,-0.01,13,13325,卖盘
1895,09:34:18,10.26,0.02,5,5130,买盘
1896,09:34:13,10.24,-0.02,136,139264,卖盘
1897,09:34:08,10.26,0.02,67,68742,买盘
1898,09:33:58,10.24,-0.01,23,23552,卖盘
1899,09:33:53,10.25,--,41,42025,买盘
1900,09:33:48,10.25,-0.01,12,12300,卖盘
1901,09:33:43,10.26,--,107,109782,买盘
1902,09:33:38,10.26,--,1,1026,买盘
1903,09:33:33,10.26,0.01,30,30780,买盘
1904,09:33:28,10.25,0.01,22,22550,买盘
1905,09:33:23,10.24,-0.01,22,22528,卖盘
1906,09:33:18,10.25,0.01,6,6150,买盘
1907,09:33:13,10.24,-0.01,57,58368,卖盘
1908,09:33:08,10.25,-0.01,11,11275,卖盘
1909,09:33:03,10.26,0.01,5,5130,买盘
1910,09:32:58,10.25,0.01,71,72775,买盘
1911,09:32:53,10.24,-0.01,41,41984,卖盘
1912,09:32:48,10.25,0.01,20,20500,买盘
1913,09:32:43,10.24,-0.01,110,113111,卖盘
1914,09:32:38,10.25,--,118,120950,买盘
1915,09:32:33,10.25,--,16,16400,买盘
1916,09:32:28,10.25,--,128,131200,卖盘
1917,09:32:23,10.25,--,36,36900,卖盘
1918,09:32:18,10.25,-0.01,4,4100,卖盘
1919,09:32:13,10.26,0.01,6,6156,买盘
1920,09:32:08,10.25,-0.01,270,276750,卖盘
1921,09:32:03,10.26,-0.01,76,77976,卖盘
1922,09:31:58,10.27,--,47,48269,买盘
1923,09:31:53,10.27,0.01,24,24648,买盘
1924,09:31:48,10.26,-0.01,66,67798,卖盘
1925,09:31:43,10.27,-0.02,56,57512,卖盘
1926,09:31:28,10.29,0.02,20,20580,买盘
1927,09:31:23,10.27,-0.01,100,102700,卖盘
1928,09:31:18,10.28,--,57,58595,卖盘
1929,09:31:13,10.28,0.01,24,24672,卖盘
1930,09:31:08,10.27,--,5,5135,卖盘
1931,09:31:03,10.27,-0.01,40,41080,卖盘
1932,09:30:58,10.28,0.01,230,236439,买盘
1933,09:30:53,10.27,--,10,11214,卖盘
1934,09:30:43,10.27,0.01,32,32864,买盘
1935,09:30:38,10.26,--,8,8208,买盘
1936,09:30:33,10.26,0.01,5,5130,买盘
1937,09:30:28,10.25,0.01,20,20500,卖盘
1938,09:30:23,10.24,--,0,0,卖盘
1939,09:30:13,10.24,-0.01,20,20480,卖盘
1940,09:30:08,10.25,0.03,1055,1081375,买盘
1941,09:30:03,10.22,-0.03,100,102200,卖盘
1942,09:28:51,10.25,--,0,0,买盘
1943,09:25:07,10.25,10.25,476,487900,买盘
