,time,price,change,volume,amount,type
0,15:00:00,3.54,--,0,0,卖盘
1,15:00:00,3.54,--,0,0,卖盘
2,14:59:53,3.54,-0.01,37,13098,卖盘
3,14:59:48,3.55,0.01,130,46150,买盘
4,14:59:43,3.54,-0.01,54,19116,卖盘
5,14:59:38,3.55,0.01,100,35500,买盘
6,14:59:32,3.54,-0.01,251,88949,卖盘
7,14:59:28,3.55,--,50,17750,买盘
8,14:59:23,3.55,0.01,177,62835,买盘
9,14:59:18,3.54,--,697,246801,卖盘
10,14:59:12,3.54,-0.01,8,2832,卖盘
11,14:58:57,3.55,0.01,1,355,买盘
12,14:58:47,3.54,--,91,32214,卖盘
13,14:58:38,3.54,--,11,3894,卖盘
14,14:58:33,3.54,-0.01,25,8850,卖盘
15,14:58:23,3.55,0.01,11,3905,买盘
16,14:58:17,3.54,-0.01,8,2832,卖盘
17,14:58:13,3.55,--,1,355,买盘
18,14:58:08,3.55,--,12,4260,买盘
19,14:58:02,3.55,0.01,71,25205,买盘
20,14:57:58,3.54,-0.01,23,8142,卖盘
21,14:57:53,3.55,--,1,355,买盘
22,14:57:48,3.55,--,100,35500,买盘
23,14:57:42,3.55,--,5,1775,买盘
24,14:57:38,3.55,--,1,355,买盘
25,14:57:33,3.55,0.01,1,355,买盘
26,14:57:27,3.54,-0.01,150,53100,卖盘
27,14:57:23,3.55,--,50,17750,买盘
28,14:57:17,3.55,--,19,6745,买盘
29,14:57:08,3.55,--,6,2130,买盘
30,14:57:02,3.55,--,36,12780,买盘
31,14:56:57,3.55,--,50,17750,买盘
32,14:56:53,3.55,0.01,1,355,买盘
33,14:56:43,3.54,-0.01,134,47436,卖盘
34,14:56:32,3.55,--,175,62125,买盘
35,14:56:27,3.55,--,118,41890,买盘
36,14:56:18,3.55,--,1,355,买盘
37,14:56:12,3.55,0.01,117,41535,买盘
38,14:56:02,3.54,-0.01,243,86022,卖盘
39,14:55:57,3.55,--,1,355,买盘
40,14:55:48,3.55,--,177,62835,买盘
41,14:55:42,3.55,--,380,134900,买盘
42,14:55:32,3.55,--,1,355,买盘
43,14:55:27,3.55,--,118,41890,买盘
44,14:55:22,3.55,--,87,30885,买盘
45,14:55:17,3.55,--,1,355,买盘
46,14:55:11,3.55,--,118,41890,买盘
47,14:55:02,3.55,--,37,13135,买盘
48,14:54:57,3.55,--,1,355,买盘
49,14:54:47,3.55,--,118,41890,买盘
50,14:54:32,3.55,--,6,2130,买盘
51,14:54:27,3.55,--,116,41180,买盘
52,14:54:17,3.55,--,181,64255,买盘
53,14:54:11,3.55,0.01,141,50055,买盘
54,14:54:02,3.54,-0.01,132,46728,卖盘
55,14:53:57,3.55,--,560,198800,买盘
56,14:53:47,3.55,0.01,499,177145,买盘
57,14:53:36,3.54,-0.01,30,10620,卖盘
58,14:53:26,3.55,--,639,226845,买盘
59,14:53:11,3.55,0.01,117,41535,买盘
60,14:53:02,3.54,--,125,44250,卖盘
61,14:52:56,3.54,--,1290,456660,卖盘
62,14:52:47,3.54,--,257,90978,卖盘
63,14:52:42,3.54,--,2,708,卖盘
64,14:52:32,3.54,-0.01,1000,354000,卖盘
65,14:52:26,3.55,--,167,59285,买盘
66,14:52:11,3.55,0.01,116,41180,买盘
67,14:52:07,3.54,--,367,129918,卖盘
68,14:52:02,3.54,-0.01,237,83898,卖盘
69,14:51:57,3.55,0.01,1180,418900,买盘
70,14:51:51,3.54,--,26,9204,卖盘
71,14:51:47,3.54,--,262,92748,卖盘
72,14:51:11,3.54,--,10,3540,卖盘
73,14:51:06,3.54,-0.01,134,47436,卖盘
74,14:51:02,3.55,0.01,1,355,买盘
75,14:50:51,3.54,--,262,92748,卖盘
76,14:50:47,3.54,-0.01,101,35754,卖盘
77,14:50:42,3.55,0.01,87,30885,买盘
78,14:50:35,3.54,-0.01,200,70800,卖盘
79,14:50:26,3.55,--,40,14200,买盘
80,14:49:41,3.55,0.01,30,10650,买盘
81,14:49:17,3.54,--,737,260898,卖盘
82,14:49:05,3.54,--,27,9558,卖盘
83,14:49:00,3.54,--,4,1416,卖盘
84,14:48:56,3.54,--,200,70800,卖盘
85,14:48:41,3.54,--,1400,495600,卖盘
86,14:48:35,3.54,-0.01,88,31152,卖盘
87,14:48:30,3.55,0.01,124,44020,买盘
88,14:48:26,3.54,--,220,77880,卖盘
89,14:48:20,3.54,--,2,708,卖盘
90,14:47:56,3.54,--,40,14160,卖盘
91,14:47:50,3.54,-0.01,100,35400,卖盘
92,14:47:41,3.55,0.01,24,8520,买盘
93,14:47:35,3.54,-0.01,31,10974,卖盘
94,14:47:26,3.55,0.01,108,38340,买盘
95,14:47:20,3.54,-0.01,86,30444,卖盘
96,14:47:05,3.55,--,1,355,买盘
97,14:47:00,3.55,0.01,1,355,买盘
98,14:46:56,3.54,--,88,31152,卖盘
99,14:46:51,3.54,--,32,11328,卖盘
100,14:46:41,3.54,--,20,7080,卖盘
101,14:46:35,3.54,--,6,2124,卖盘
102,14:46:30,3.54,--,28,9912,卖盘
103,14:46:26,3.54,--,1580,559447,卖盘
104,14:46:20,3.54,--,101,35754,卖盘
105,14:46:14,3.54,--,4968,1758994,卖盘
106,14:46:11,3.54,--,116,41064,卖盘
107,14:46:06,3.54,--,10,3540,卖盘
108,14:46:00,3.54,--,431,152574,卖盘
109,14:45:56,3.54,--,6590,2332860,卖盘
110,14:45:50,3.54,--,140,49560,卖盘
111,14:45:46,3.54,--,66,23364,卖盘
112,14:45:41,3.54,--,3,1062,卖盘
113,14:45:11,3.54,--,20,7080,卖盘
114,14:45:01,3.54,--,100,35400,卖盘
115,14:44:50,3.54,--,13,4602,卖盘
116,14:44:41,3.54,--,25,8850,卖盘
117,14:44:15,3.54,-0.01,18,6372,卖盘
118,14:44:11,3.55,0.01,10,3550,买盘
119,14:44:05,3.54,--,71,25134,卖盘
120,14:44:00,3.54,--,535,189390,卖盘
121,14:43:56,3.54,--,96,33984,卖盘
122,14:43:51,3.54,-0.01,99,35046,卖盘
123,14:43:44,3.55,0.01,1,355,买盘
124,14:43:41,3.54,--,47,16744,卖盘
125,14:43:35,3.54,--,925,327450,卖盘
126,14:43:30,3.54,-0.01,90,31860,卖盘
127,14:43:25,3.55,0.01,10,3550,买盘
128,14:43:14,3.54,--,193,68322,卖盘
129,14:43:05,3.54,--,537,190098,卖盘
130,14:42:59,3.54,--,47,16638,卖盘
131,14:42:55,3.54,--,1,354,卖盘
132,14:42:50,3.54,-0.01,10,3540,卖盘
133,14:42:45,3.55,0.01,13,4615,买盘
134,14:42:35,3.54,--,104,36816,卖盘
135,14:42:20,3.54,--,337,119298,卖盘
136,14:42:05,3.54,--,11,3894,卖盘
137,14:41:50,3.54,--,104,36816,卖盘
138,14:41:44,3.54,--,13,4602,卖盘
139,14:41:14,3.54,--,1600,566400,卖盘
140,14:40:50,3.54,--,16,5664,卖盘
141,14:40:44,3.54,-0.01,13,4602,卖盘
142,14:40:35,3.55,0.01,19,6745,买盘
143,14:40:23,3.54,--,10,3540,卖盘
144,14:40:20,3.54,--,83,29382,卖盘
145,14:40:14,3.54,--,106,37524,卖盘
146,14:39:59,3.54,--,5,1770,卖盘
147,14:39:44,3.54,--,12,4248,卖盘
148,14:39:35,3.54,--,58,20532,卖盘
149,14:39:24,3.54,--,812,287448,卖盘
150,14:39:20,3.54,-0.01,94,33276,卖盘
151,14:39:05,3.55,0.01,284,100820,买盘
152,14:38:53,3.54,--,20,7080,卖盘
153,14:38:44,3.54,--,1064,376656,卖盘
154,14:38:40,3.54,--,100,35400,卖盘
155,14:38:35,3.54,--,70,24780,卖盘
156,14:38:30,3.54,--,52,18408,卖盘
157,14:38:25,3.54,--,8,2832,卖盘
158,14:38:05,3.54,-0.01,200,70800,卖盘
159,14:37:59,3.55,--,3,1065,买盘
160,14:37:50,3.55,0.01,2,710,买盘
161,14:37:44,3.54,--,12,4248,卖盘
162,14:37:35,3.54,--,106,37524,卖盘
163,14:37:30,3.54,-0.01,2,708,卖盘
164,14:37:20,3.55,0.01,1,355,买盘
165,14:37:14,3.54,--,1,354,卖盘
166,14:36:44,3.54,--,12,4248,卖盘
167,14:36:38,3.54,--,100,35400,卖盘
168,14:36:35,3.54,-0.01,90,31860,卖盘
169,14:36:14,3.55,0.01,20,7100,买盘
170,14:35:59,3.54,--,400,141600,卖盘
171,14:35:44,3.54,--,11,3894,卖盘
172,14:35:35,3.54,-0.01,5,1770,卖盘
173,14:35:14,3.55,--,209,74195,买盘
174,14:35:08,3.55,0.01,36,12780,买盘
175,14:35:04,3.54,-0.01,10,3540,卖盘
176,14:34:59,3.55,0.01,200,71000,买盘
177,14:34:53,3.54,-0.01,29,10266,卖盘
178,14:34:44,3.55,0.01,13,4615,买盘
179,14:34:35,3.54,-0.01,32,11328,卖盘
180,14:34:14,3.55,0.01,40,14200,买盘
181,14:34:08,3.54,--,55,19470,卖盘
182,14:34:02,3.54,--,726,257244,卖盘
183,14:33:59,3.54,-0.01,55,19470,卖盘
184,14:33:54,3.55,0.01,180,63900,买盘
185,14:33:44,3.54,--,1630,577020,卖盘
186,14:33:38,3.54,--,157,55578,卖盘
187,14:33:32,3.54,-0.01,30,10620,卖盘
188,14:33:29,3.55,--,45,15975,买盘
189,14:33:18,3.55,0.01,5,1775,买盘
190,14:33:15,3.54,--,21,7434,卖盘
191,14:33:03,3.54,--,27,9558,卖盘
192,14:32:59,3.54,--,54,19116,卖盘
193,14:32:53,3.54,--,1,354,卖盘
194,14:32:44,3.54,--,12,4248,卖盘
195,14:32:38,3.54,--,30,10620,卖盘
196,14:32:29,3.54,--,1,354,卖盘
197,14:32:23,3.54,--,1,354,卖盘
198,14:32:18,3.54,--,240,84960,卖盘
199,14:32:14,3.54,-0.01,200,70800,卖盘
200,14:32:08,3.55,0.01,1,355,买盘
201,14:31:59,3.54,--,1,354,卖盘
202,14:31:53,3.54,-0.01,218,77172,卖盘
203,14:31:47,3.55,0.01,1,355,买盘
204,14:31:44,3.54,-0.01,12,4248,卖盘
205,14:31:38,3.55,--,2,710,买盘
206,14:31:29,3.55,0.01,35,12425,买盘
207,14:31:23,3.54,--,10,3540,卖盘
208,14:31:14,3.54,--,311,110094,卖盘
209,14:31:08,3.54,--,1,354,卖盘
210,14:30:59,3.54,--,7,2478,卖盘
211,14:30:53,3.54,--,2,708,卖盘
212,14:30:44,3.54,--,55,19470,卖盘
213,14:30:38,3.54,--,75,26550,卖盘
214,14:30:29,3.54,--,68,24072,卖盘
215,14:30:23,3.54,--,2,708,卖盘
216,14:30:17,3.54,--,1,354,卖盘
217,14:30:08,3.54,--,400,141600,卖盘
218,14:30:02,3.54,--,35,12390,卖盘
219,14:29:58,3.54,-0.01,1,354,卖盘
220,14:29:53,3.55,0.01,3,1065,买盘
221,14:29:33,3.54,-0.01,1,354,卖盘
222,14:29:28,3.55,0.01,20,7100,买盘
223,14:29:23,3.54,--,1,354,卖盘
224,14:29:17,3.54,--,4,1699,卖盘
225,14:29:12,3.54,-0.01,1,354,卖盘
226,14:29:08,3.55,--,1,355,买盘
227,14:28:53,3.55,0.01,4,1420,买盘
228,14:28:38,3.54,--,1,354,卖盘
229,14:28:32,3.54,--,500,177000,卖盘
230,14:28:17,3.54,-0.01,5,1770,卖盘
231,14:28:02,3.55,--,4,1420,买盘
232,14:27:58,3.55,--,2,710,买盘
233,14:27:53,3.55,0.01,4,1420,买盘
234,14:27:47,3.54,--,3006,1064124,卖盘
235,14:27:32,3.54,--,5,1770,卖盘
236,14:27:23,3.54,--,12,4248,卖盘
237,14:27:17,3.54,--,1,354,卖盘
238,14:27:12,3.54,-0.01,19,6726,卖盘
239,14:27:08,3.55,--,5,1775,买盘
240,14:27:02,3.55,--,104,36920,买盘
241,14:26:53,3.55,0.01,5,1775,买盘
242,14:26:47,3.54,-0.01,181,64074,卖盘
243,14:26:38,3.55,0.01,4,1420,买盘
244,14:26:32,3.54,--,6,2124,卖盘
245,14:26:26,3.54,-0.01,1,354,卖盘
246,14:26:23,3.55,0.01,5,1775,买盘
247,14:26:17,3.54,-0.01,5,1770,卖盘
248,14:26:08,3.55,0.01,5,1775,买盘
249,14:26:02,3.54,-0.01,6,2124,卖盘
250,14:25:53,3.55,0.01,6,2130,买盘
251,14:25:47,3.54,-0.01,60,21240,卖盘
252,14:25:42,3.55,--,44,15620,买盘
253,14:25:38,3.55,0.01,1,355,买盘
254,14:25:32,3.54,-0.01,31,10974,卖盘
255,14:25:17,3.55,--,6,2130,买盘
256,14:25:08,3.55,--,5,1775,买盘
257,14:24:58,3.55,0.01,5,1775,买盘
258,14:24:47,3.54,-0.01,5,1770,卖盘
259,14:24:38,3.55,0.01,4,1420,买盘
260,14:24:32,3.54,-0.01,34,12142,卖盘
261,14:24:27,3.55,--,4,1420,买盘
262,14:24:17,3.55,0.01,5,1775,买盘
263,14:24:02,3.54,-0.01,105,37170,卖盘
264,14:23:53,3.55,--,159,56445,买盘
265,14:23:41,3.55,--,13,4615,买盘
266,14:23:32,3.55,0.01,6,2130,买盘
267,14:23:26,3.54,-0.01,103,36462,卖盘
268,14:23:17,3.55,--,4,1420,买盘
269,14:23:11,3.55,--,4,1420,买盘
270,14:23:02,3.55,--,9,3195,买盘
271,14:22:56,3.55,0.01,4,1420,买盘
272,14:22:47,3.54,-0.01,11,3894,卖盘
273,14:22:41,3.55,--,63,22365,买盘
274,14:22:38,3.55,--,4,1420,买盘
275,14:22:26,3.55,0.01,91,32305,买盘
276,14:22:17,3.54,-0.01,321,113634,卖盘
277,14:22:11,3.55,--,5,1775,买盘
278,14:22:02,3.55,--,7,2485,买盘
279,14:21:56,3.55,--,21,7455,买盘
280,14:21:47,3.55,--,4,1420,买盘
281,14:21:41,3.55,--,5,1775,买盘
282,14:21:36,3.55,--,5,1775,买盘
283,14:21:32,3.55,--,3,1065,买盘
284,14:21:26,3.55,0.01,7,2485,买盘
285,14:21:23,3.54,-0.01,14,4956,卖盘
286,14:21:17,3.55,--,6,2130,买盘
287,14:21:11,3.55,--,5,1775,买盘
288,14:21:07,3.55,--,4,1420,买盘
289,14:21:02,3.55,0.01,6,2130,买盘
290,14:20:56,3.54,-0.01,10,3540,卖盘
291,14:20:47,3.55,0.01,37,13135,买盘
292,14:20:32,3.54,-0.01,100,35400,卖盘
293,14:20:26,3.55,--,196,69580,买盘
294,14:20:22,3.55,--,1,355,买盘
295,14:20:17,3.55,0.01,14,4970,买盘
296,14:20:11,3.54,-0.01,520,184080,卖盘
297,14:20:02,3.55,--,2,710,买盘
298,14:19:56,3.55,--,12,4260,买盘
299,14:19:52,3.55,--,16,5680,买盘
300,14:19:47,3.55,0.01,4,1420,买盘
301,14:19:41,3.54,--,14,4956,卖盘
302,14:19:32,3.54,--,50,17700,卖盘
303,14:19:17,3.54,-0.01,105,37170,卖盘
304,14:19:11,3.55,--,8,2840,买盘
305,14:19:06,3.55,0.01,49,17395,买盘
306,14:19:02,3.54,-0.01,4,1416,卖盘
307,14:18:56,3.55,0.01,6,2130,买盘
308,14:18:47,3.54,--,12,4248,卖盘
309,14:18:41,3.54,-0.01,10,3540,卖盘
310,14:18:35,3.55,--,4,1420,买盘
311,14:18:26,3.55,--,6,2130,买盘
312,14:18:17,3.55,--,23,8165,买盘
313,14:18:11,3.55,--,105,37275,买盘
314,14:18:02,3.55,0.01,4,1420,买盘
315,14:17:56,3.54,-0.01,70,24780,卖盘
316,14:17:51,3.55,--,4,1420,买盘
317,14:17:47,3.55,0.01,6,2130,买盘
318,14:17:41,3.54,-0.01,54,19116,卖盘
319,14:17:32,3.55,--,704,249920,买盘
320,14:17:26,3.55,--,5,1775,买盘
321,14:17:17,3.55,--,57,20235,买盘
322,14:17:05,3.55,--,4,1420,买盘
323,14:17:01,3.55,--,1,355,买盘
324,14:16:56,3.55,0.01,26,9230,买盘
325,14:16:50,3.54,-0.01,18,6372,卖盘
326,14:16:41,3.55,--,89,31595,买盘
327,14:16:35,3.55,--,11,3905,买盘
328,14:16:26,3.55,--,314,111470,买盘
329,14:16:20,3.55,--,1,355,买盘
330,14:16:16,3.55,--,4,1420,买盘
331,14:16:05,3.55,--,92,32660,买盘
332,14:15:50,3.55,--,185,65675,买盘
333,14:15:41,3.55,--,5,1775,买盘
334,14:15:26,3.55,0.01,93,33015,买盘
335,14:15:20,3.54,-0.01,19,6726,卖盘
336,14:15:11,3.55,0.01,4,1420,买盘
337,14:15:05,3.54,--,171,60534,卖盘
338,14:14:56,3.54,-0.01,24,8496,卖盘
339,14:14:45,3.55,--,4,1420,买盘
340,14:14:35,3.55,--,5,1775,买盘
341,14:14:31,3.55,--,1,355,买盘
342,14:14:26,3.55,0.01,47,16685,买盘
343,14:14:20,3.54,-0.01,15,5310,卖盘
344,14:14:11,3.55,--,14,4970,买盘
345,14:14:05,3.55,--,5,1775,买盘
346,14:13:50,3.55,0.01,4,1420,买盘
347,14:13:41,3.54,--,15,5310,卖盘
348,14:13:35,3.54,--,60,21240,卖盘
349,14:13:31,3.54,-0.01,20,7080,卖盘
350,14:13:26,3.55,--,32,11360,买盘
351,14:13:20,3.55,0.01,9,3195,买盘
352,14:12:50,3.54,-0.01,20,7080,卖盘
353,14:12:46,3.55,--,51,18105,买盘
354,14:12:41,3.55,0.01,58,20590,买盘
355,14:12:35,3.54,-0.01,30,10620,卖盘
356,14:12:26,3.55,0.01,15,5325,买盘
357,14:12:20,3.54,--,4,1416,卖盘
358,14:12:14,3.54,-0.01,10,3540,卖盘
359,14:12:11,3.55,--,1,355,买盘
360,14:12:05,3.55,--,699,248386,买盘
361,14:11:56,3.55,--,1,355,买盘
362,14:11:50,3.55,--,10,3550,买盘
363,14:11:44,3.55,0.01,1,355,买盘
364,14:11:29,3.54,-0.01,100,35400,卖盘
365,14:11:26,3.55,0.01,1,355,买盘
366,14:11:20,3.54,--,14,4956,卖盘
367,14:11:14,3.54,--,2,708,卖盘
368,14:11:11,3.54,--,2,708,卖盘
369,14:10:59,3.54,--,72,25488,卖盘
370,14:10:56,3.54,--,3,1062,卖盘
371,14:10:50,3.54,-0.01,233,82482,卖盘
372,14:10:41,3.55,0.01,4,1420,买盘
373,14:10:35,3.54,-0.01,2,708,卖盘
374,14:10:29,3.55,0.01,7,2485,买盘
375,14:10:25,3.54,--,50,17700,卖盘
376,14:10:20,3.54,--,8,2832,卖盘
377,14:10:14,3.54,--,73,25842,卖盘
378,14:09:59,3.54,--,438,155052,卖盘
379,14:09:50,3.54,--,20,7080,卖盘
380,14:09:44,3.54,-0.01,20,7080,卖盘
381,14:09:39,3.55,0.01,5,1775,买盘
382,14:09:35,3.54,-0.01,48,16992,卖盘
383,14:09:29,3.55,--,72,25560,买盘
384,14:09:20,3.55,--,5,1775,买盘
385,14:09:14,3.55,0.01,13,4615,买盘
386,14:09:10,3.54,--,5,1770,卖盘
387,14:09:05,3.54,--,554,196116,卖盘
388,14:08:59,3.54,--,11,3894,卖盘
389,14:08:50,3.54,-0.01,83,29382,卖盘
390,14:08:44,3.55,--,5,1775,买盘
391,14:08:40,3.55,--,1,355,买盘
392,14:08:35,3.55,0.01,5,1775,买盘
393,14:08:29,3.54,-0.01,8,2832,卖盘
394,14:08:25,3.55,--,4,1420,买盘
395,14:08:20,3.55,--,127,45085,买盘
396,14:08:14,3.55,--,5,1775,买盘
397,14:07:59,3.55,0.01,11,3905,买盘
398,14:07:55,3.54,-0.01,15,5310,卖盘
399,14:07:50,3.55,--,5,1775,买盘
400,14:07:44,3.55,--,1,355,买盘
401,14:07:40,3.55,--,4,1420,买盘
402,14:07:35,3.55,0.01,1,355,买盘
403,14:07:29,3.54,-0.01,7,2478,卖盘
404,14:07:25,3.55,0.01,10,3550,买盘
405,14:07:20,3.54,-0.01,20,7080,卖盘
406,14:07:14,3.55,0.01,71,25205,买盘
407,14:07:05,3.54,-0.01,171,60534,卖盘
408,14:06:59,3.55,--,20,7100,买盘
409,14:06:55,3.55,--,4,1420,买盘
410,14:06:50,3.55,--,1,355,买盘
411,14:06:44,3.55,--,176,62480,买盘
412,14:06:40,3.55,0.01,1,355,买盘
413,14:06:35,3.54,-0.01,15,5310,卖盘
414,14:06:29,3.55,--,174,61770,买盘
415,14:06:25,3.55,--,12,4260,买盘
416,14:06:20,3.55,--,1,355,买盘
417,14:06:10,3.55,--,6,2130,买盘
418,14:06:05,3.55,0.01,51,18105,买盘
419,14:05:59,3.54,-0.01,274,96996,卖盘
420,14:05:50,3.55,--,5,1775,买盘
421,14:05:40,3.55,--,1,355,买盘
422,14:05:35,3.55,--,5,1775,买盘
423,14:05:29,3.55,0.01,163,57865,买盘
424,14:05:25,3.54,-0.01,11,3894,卖盘
425,14:05:14,3.55,--,5,1775,买盘
426,14:05:10,3.55,--,1,355,买盘
427,14:05:05,3.55,0.01,183,64965,买盘
428,14:04:59,3.54,-0.01,7,2478,卖盘
429,14:04:55,3.55,--,164,58220,买盘
430,14:04:50,3.55,--,5,1775,买盘
431,14:04:44,3.55,--,266,94430,买盘
432,14:04:39,3.55,--,5,1775,买盘
433,14:04:29,3.55,--,175,62125,买盘
434,14:04:20,3.55,0.01,25,8875,买盘
435,14:04:14,3.54,-0.01,8,2832,卖盘
436,14:04:08,3.55,0.01,5,1775,买盘
437,14:04:04,3.54,--,1,354,卖盘
438,14:03:59,3.54,--,178,63012,卖盘
439,14:03:54,3.54,--,3,1062,卖盘
440,14:03:49,3.54,--,7,2478,卖盘
441,14:03:44,3.54,-0.01,11,3894,卖盘
442,14:03:38,3.55,0.01,4,1420,买盘
443,14:03:23,3.54,-0.01,186,65844,卖盘
444,14:03:14,3.55,--,5,1775,买盘
445,14:03:08,3.55,--,102,36210,买盘
446,14:03:04,3.55,0.01,4,1420,买盘
447,14:02:59,3.54,-0.01,3607,1276878,卖盘
448,14:02:53,3.55,0.01,5,1775,买盘
449,14:02:47,3.54,--,516,182664,卖盘
450,14:02:43,3.54,-0.01,94,33276,卖盘
451,14:02:38,3.55,--,1,355,买盘
452,14:02:34,3.55,0.01,6,2130,买盘
453,14:02:29,3.54,--,401,141954,卖盘
454,14:02:23,3.54,-0.01,17,6018,卖盘
455,14:02:18,3.55,--,219,77745,买盘
456,14:02:14,3.55,0.01,307,108985,买盘
457,14:02:08,3.54,--,98,34692,卖盘
458,14:02:04,3.54,-0.01,500,177000,卖盘
459,14:01:59,3.55,0.01,96,34080,买盘
460,14:01:49,3.54,-0.01,310,109740,卖盘
461,14:01:44,3.55,0.01,31,11005,买盘
462,14:01:38,3.54,--,105,37170,卖盘
463,14:01:34,3.54,--,40,14160,卖盘
464,14:01:29,3.54,--,127,44958,卖盘
465,14:01:23,3.54,--,11,3894,卖盘
466,14:01:19,3.54,-0.01,21,7434,卖盘
467,14:01:14,3.55,0.01,51,18105,买盘
468,14:01:08,3.54,--,122,43188,卖盘
469,14:00:59,3.54,-0.01,2012,712248,卖盘
470,14:00:53,3.55,--,213,75615,买盘
471,14:00:49,3.55,--,88,31240,买盘
472,14:00:44,3.55,0.01,5,1775,买盘
473,14:00:38,3.54,--,81,28674,卖盘
474,14:00:34,3.54,--,2780,984120,卖盘
475,14:00:29,3.54,-0.01,155,54870,卖盘
476,14:00:23,3.55,0.01,37,13135,买盘
477,14:00:18,3.54,--,696,246624,卖盘
478,14:00:14,3.54,--,670,237180,卖盘
479,14:00:08,3.54,--,243,86022,卖盘
480,14:00:03,3.54,-0.01,18,6372,卖盘
481,13:59:59,3.55,0.01,5,1775,买盘
482,13:59:53,3.54,--,31,10974,卖盘
483,13:59:49,3.54,--,60,21240,卖盘
484,13:59:38,3.54,--,72,25488,卖盘
485,13:59:34,3.54,--,57,20178,卖盘
486,13:59:29,3.54,-0.01,144,50976,卖盘
487,13:59:23,3.55,0.01,226,80336,买盘
488,13:59:18,3.54,-0.01,20,7080,卖盘
489,13:59:14,3.55,0.01,118,41890,买盘
490,13:59:08,3.54,--,52,18408,卖盘
491,13:59:04,3.54,--,1,354,卖盘
492,13:58:59,3.54,-0.01,95,33630,卖盘
493,13:58:53,3.55,0.01,4,1420,买盘
494,13:58:49,3.54,-0.01,54,19116,卖盘
495,13:58:44,3.55,--,131,46505,买盘
496,13:58:32,3.55,0.01,1,355,买盘
497,13:58:29,3.54,--,104,36816,卖盘
498,13:58:23,3.54,--,611,216294,卖盘
499,13:58:14,3.54,-0.01,61,21594,卖盘
500,13:58:08,3.55,--,4,1420,买盘
501,13:57:59,3.55,--,13,4615,买盘
502,13:57:44,3.55,--,45,15975,买盘
503,13:57:38,3.55,--,4,1420,买盘
504,13:57:32,3.55,--,2,710,买盘
505,13:57:27,3.55,--,5,1775,买盘
506,13:57:23,3.55,--,25,8875,买盘
507,13:57:17,3.55,--,5,1775,买盘
508,13:57:02,3.55,--,7,2485,买盘
509,13:56:53,3.55,0.01,35,12425,买盘
510,13:56:47,3.54,-0.01,54,19116,卖盘
511,13:56:32,3.55,0.01,6,2130,买盘
512,13:56:23,3.54,--,30,10620,卖盘
513,13:56:17,3.54,-0.01,114,40356,卖盘
514,13:56:08,3.55,--,5,1775,买盘
515,13:56:02,3.55,--,21,7455,买盘
516,13:55:58,3.55,0.01,4,1420,买盘
517,13:55:53,3.54,-0.01,1500,531000,卖盘
518,13:55:47,3.55,--,5,1775,买盘
519,13:55:43,3.55,0.01,51,18105,买盘
520,13:55:32,3.54,-0.01,3,1062,卖盘
521,13:55:28,3.55,0.01,163,57865,买盘
522,13:55:23,3.54,-0.01,26,9204,卖盘
523,13:55:02,3.55,--,3,1065,买盘
524,13:54:42,3.55,--,4,1420,买盘
525,13:54:28,3.55,0.01,4,1420,买盘
526,13:54:23,3.54,-0.01,25,8850,卖盘
527,13:54:12,3.55,--,4,1420,买盘
528,13:54:02,3.55,--,4,1420,买盘
529,13:53:58,3.55,0.01,1,355,买盘
530,13:53:47,3.54,--,164,58056,卖盘
531,13:53:43,3.54,-0.01,18,6372,卖盘
532,13:53:38,3.55,0.01,6,2130,买盘
533,13:53:32,3.54,--,19,6726,卖盘
534,13:53:28,3.54,-0.01,5,1770,卖盘
535,13:53:23,3.55,--,24,8520,买盘
536,13:53:17,3.55,--,4,1420,买盘
537,13:53:13,3.55,0.01,56,19880,买盘
538,13:53:08,3.54,-0.01,74,26196,卖盘
539,13:53:02,3.55,0.01,5,1775,买盘
540,13:52:58,3.54,--,19,6726,卖盘
541,13:52:53,3.54,--,3112,1101648,卖盘
542,13:52:47,3.54,--,1820,644280,卖盘
543,13:52:38,3.54,-0.01,30,10620,卖盘
544,13:52:32,3.55,--,35,12425,买盘
545,13:52:23,3.55,--,217,77035,买盘
546,13:52:17,3.55,--,4,1420,买盘
547,13:52:13,3.55,--,25,8875,买盘
548,13:52:08,3.55,0.01,5,1775,买盘
549,13:52:02,3.54,-0.01,898,317892,卖盘
550,13:51:56,3.55,--,1504,533920,买盘
551,13:51:53,3.55,--,22,7810,买盘
552,13:51:47,3.55,--,5,1775,买盘
553,13:51:37,3.55,--,5,1775,买盘
554,13:51:32,3.55,--,2,710,买盘
555,13:51:23,3.55,--,44,15620,买盘
556,13:51:13,3.55,--,5,1775,买盘
557,13:51:02,3.55,0.01,6,2130,买盘
558,13:50:53,3.54,-0.01,15,5310,卖盘
559,13:50:47,3.55,--,217,77035,买盘
560,13:50:38,3.55,--,4,1420,买盘
561,13:50:32,3.55,--,6,2130,买盘
562,13:50:23,3.55,--,193,68515,买盘
563,13:50:17,3.55,--,4,1420,买盘
564,13:50:07,3.55,--,24,8520,买盘
565,13:50:02,3.55,--,2,710,买盘
566,13:49:58,3.55,--,5,1775,买盘
567,13:49:47,3.55,0.01,4,1420,买盘
568,13:49:41,3.54,-0.01,39,13806,卖盘
569,13:49:32,3.55,--,263,93365,买盘
570,13:49:26,3.55,--,4,1420,买盘
571,13:49:16,3.55,--,31,11005,买盘
572,13:49:11,3.55,--,5,1775,买盘
573,13:49:01,3.55,--,93,33015,买盘
574,13:48:56,3.55,--,545,193475,买盘
575,13:48:50,3.55,--,139,49345,买盘
576,13:48:47,3.55,--,4,1420,买盘
577,13:48:36,3.55,--,4,1420,买盘
578,13:48:32,3.55,--,2,710,买盘
579,13:48:26,3.55,0.01,4,1420,买盘
580,13:48:17,3.54,-0.01,6,2124,卖盘
581,13:48:02,3.55,--,6,2130,买盘
582,13:47:51,3.55,0.01,25,8875,买盘
583,13:47:47,3.54,-0.01,150,53100,卖盘
584,13:47:41,3.55,--,4,1420,买盘
585,13:47:32,3.55,--,7,2485,买盘
586,13:47:22,3.55,--,4,1420,买盘
587,13:47:11,3.55,--,4,1420,买盘
588,13:47:02,3.55,--,5,1775,买盘
589,13:46:52,3.55,--,4,1420,买盘
590,13:46:36,3.55,0.01,4,1420,买盘
591,13:46:32,3.54,-0.01,242,85668,卖盘
592,13:46:26,3.55,--,5,1775,买盘
593,13:46:16,3.55,0.01,4,1420,买盘
594,13:46:02,3.54,-0.01,15,5310,卖盘
595,13:45:56,3.55,--,158,56090,买盘
596,13:45:52,3.55,0.01,4,1420,买盘
597,13:45:47,3.54,-0.01,11,3894,卖盘
598,13:45:41,3.55,0.01,4,1420,买盘
599,13:45:32,3.54,--,504,178416,卖盘
600,13:45:26,3.54,-0.01,3704,1311216,卖盘
601,13:45:22,3.55,--,153,54315,买盘
602,13:45:17,3.55,0.01,5,1775,买盘
603,13:45:11,3.54,--,1028,363912,卖盘
604,13:45:06,3.54,--,224,79296,卖盘
605,13:45:02,3.54,-0.01,960,339840,卖盘
606,13:44:56,3.55,--,4,1420,买盘
607,13:44:47,3.55,--,5,1775,买盘
608,13:44:32,3.55,--,7,2485,买盘
609,13:44:26,3.55,--,4,1420,买盘
610,13:44:17,3.55,0.01,4,1420,买盘
611,13:44:10,3.54,-0.01,452,160008,卖盘
612,13:44:02,3.55,--,7,2485,买盘
613,13:43:56,3.55,--,4,1420,买盘
614,13:43:41,3.55,--,5,1775,买盘
615,13:43:37,3.55,0.01,2,710,买盘
616,13:43:31,3.54,--,5,1770,卖盘
617,13:43:21,3.54,--,12,4248,卖盘
618,13:43:16,3.54,-0.01,54,19116,卖盘
619,13:43:11,3.55,--,1,355,买盘
620,13:43:07,3.55,0.01,3,1065,买盘
621,13:42:51,3.54,-0.01,1,354,卖盘
622,13:42:41,3.55,--,5,1775,买盘
623,13:42:36,3.55,--,38,13490,买盘
624,13:42:26,3.55,--,4,1420,买盘
625,13:42:16,3.55,--,5,1775,买盘
626,13:42:05,3.55,0.01,6,2130,买盘
627,13:41:56,3.54,-0.01,30,10620,卖盘
628,13:41:50,3.55,0.01,4,1420,买盘
629,13:41:45,3.54,-0.01,1,354,卖盘
630,13:41:41,3.55,0.01,4,1420,买盘
631,13:41:35,3.54,-0.01,5,1770,卖盘
632,13:41:31,3.55,--,5,1775,买盘
633,13:41:20,3.55,0.01,4,1420,买盘
634,13:41:11,3.54,--,14,4956,卖盘
635,13:41:00,3.54,-0.01,100,35400,卖盘
636,13:40:56,3.55,--,4,1420,买盘
637,13:40:50,3.55,--,6,2130,买盘
638,13:40:35,3.55,0.01,4,1420,买盘
639,13:40:31,3.54,-0.01,15,5310,卖盘
640,13:40:26,3.55,--,157,55735,买盘
641,13:40:10,3.55,0.01,42,14910,买盘
642,13:40:05,3.54,-0.01,100,35400,卖盘
643,13:40:01,3.55,0.01,14,4970,买盘
644,13:39:50,3.54,--,69,24426,卖盘
645,13:39:20,3.54,--,224,79296,卖盘
646,13:39:15,3.54,--,85,30090,卖盘
647,13:39:05,3.54,-0.01,495,175230,卖盘
648,13:38:56,3.55,0.01,19,6745,买盘
649,13:38:49,3.54,--,1,354,卖盘
650,13:38:41,3.54,--,224,79296,卖盘
651,13:38:34,3.54,--,20,7080,卖盘
652,13:38:26,3.54,--,350,123900,卖盘
653,13:38:20,3.54,--,75,26550,卖盘
654,13:38:11,3.54,--,40,14160,卖盘
655,13:37:59,3.54,-0.01,18,6372,卖盘
656,13:37:56,3.55,--,400,142000,买盘
657,13:37:50,3.55,0.01,45,15975,买盘
658,13:37:35,3.54,--,33,11682,卖盘
659,13:37:29,3.54,-0.01,1,354,卖盘
660,13:37:26,3.55,0.01,154,54670,买盘
661,13:36:50,3.54,--,1,354,卖盘
662,13:36:20,3.54,-0.01,8,2832,卖盘
663,13:36:04,3.55,0.01,2,710,买盘
664,13:35:54,3.54,-0.01,10,3540,卖盘
665,13:35:35,3.55,0.01,1,355,买盘
666,13:35:15,3.54,--,20,7080,卖盘
667,13:35:10,3.54,--,1,354,卖盘
668,13:34:55,3.54,-0.01,40,14160,卖盘
669,13:34:35,3.55,--,3,1065,买盘
670,13:34:29,3.55,--,6,2130,买盘
671,13:34:20,3.55,--,4,1420,买盘
672,13:34:05,3.55,0.01,4,1420,买盘
673,13:33:58,3.54,--,1,354,卖盘
674,13:33:54,3.54,-0.01,10,3540,卖盘
675,13:33:49,3.55,--,5,1775,买盘
676,13:33:43,3.55,0.01,5,1775,买盘
677,13:33:35,3.54,--,107,37878,卖盘
678,13:33:29,3.54,-0.01,1,354,卖盘
679,13:33:23,3.55,--,4,1420,买盘
680,13:33:08,3.55,--,5,1775,买盘
681,13:32:59,3.55,0.01,5,1775,买盘
682,13:32:50,3.54,-0.01,299,105846,卖盘
683,13:32:44,3.55,0.01,5,1775,买盘
684,13:32:35,3.54,-0.01,9,3186,卖盘
685,13:32:29,3.55,0.01,50,17750,买盘
686,13:32:23,3.54,-0.01,151,53454,卖盘
687,13:32:20,3.55,0.01,5,1775,买盘
688,13:32:09,3.54,-0.01,36,12744,卖盘
689,13:32:05,3.55,--,4,1420,买盘
690,13:31:55,3.55,--,5,1775,买盘
691,13:31:50,3.55,--,111,39405,买盘
692,13:31:39,3.55,--,72,25560,买盘
693,13:31:28,3.55,--,55,19525,买盘
694,13:31:20,3.55,--,57,20235,买盘
695,13:31:14,3.55,0.01,4,1420,买盘
696,13:30:54,3.54,-0.01,2,708,卖盘
697,13:30:50,3.55,0.01,4,1420,买盘
698,13:30:44,3.54,-0.01,19,6726,卖盘
699,13:30:35,3.55,0.01,10,3550,买盘
700,13:30:24,3.54,-0.01,61,21594,卖盘
701,13:30:14,3.55,--,10,3550,买盘
702,13:30:09,3.55,--,4,1420,买盘
703,13:29:59,3.55,--,25,8875,买盘
704,13:29:53,3.55,--,155,55025,买盘
705,13:29:49,3.55,--,5,1775,买盘
706,13:29:38,3.55,--,91,32305,买盘
707,13:29:28,3.55,0.01,184,65320,买盘
708,13:29:24,3.54,--,211,74694,卖盘
709,13:29:19,3.54,-0.01,9,3186,卖盘
710,13:29:14,3.55,--,150,53250,买盘
711,13:29:09,3.55,0.01,505,179275,买盘
712,13:28:59,3.54,-0.01,1,354,卖盘
713,13:28:54,3.55,--,4,1420,买盘
714,13:28:43,3.55,--,4,1420,买盘
715,13:28:39,3.55,--,500,177500,买盘
716,13:28:34,3.55,--,28,9940,买盘
717,13:28:29,3.55,--,5,1775,买盘
718,13:28:25,3.55,--,5,1775,买盘
719,13:28:12,3.55,--,500,177500,买盘
720,13:28:04,3.55,0.01,4,1420,买盘
721,13:27:54,3.54,--,6,2124,卖盘
722,13:27:49,3.54,-0.01,1,354,卖盘
723,13:27:44,3.55,--,1555,552025,买盘
724,13:27:40,3.55,--,110,39050,买盘
725,13:27:33,3.55,--,5,1775,买盘
726,13:27:23,3.55,--,6,2130,买盘
727,13:27:18,3.55,--,130,46150,买盘
728,13:27:14,3.55,--,4,1420,买盘
729,13:27:08,3.55,--,1,355,买盘
730,13:26:59,3.55,0.01,4,1420,买盘
731,13:26:53,3.54,-0.01,6,2124,卖盘
732,13:26:49,3.55,--,1,355,买盘
733,13:26:43,3.55,0.01,435,154425,买盘
734,13:26:38,3.54,-0.01,8,2832,卖盘
735,13:26:29,3.55,--,4,1420,买盘
736,13:26:23,3.55,--,1,355,买盘
737,13:26:19,3.55,--,5,1775,买盘
738,13:26:14,3.55,--,490,173950,买盘
739,13:26:07,3.55,0.01,313,111115,买盘
740,13:25:53,3.54,--,45,15930,卖盘
741,13:25:48,3.54,-0.01,20,7080,卖盘
742,13:24:53,3.55,0.01,200,71000,买盘
743,13:24:48,3.54,-0.01,1,354,卖盘
744,13:24:28,3.55,--,149,52895,买盘
745,13:24:23,3.55,--,1864,661720,买盘
746,13:24:14,3.55,--,58,20590,买盘
747,13:24:07,3.55,--,4,1420,买盘
748,13:23:59,3.55,--,4,1420,买盘
749,13:23:47,3.55,--,1,355,买盘
750,13:23:44,3.55,0.01,15,5325,买盘
751,13:23:38,3.54,-0.01,263,93328,卖盘
752,13:23:29,3.55,--,5,1775,买盘
753,13:23:14,3.55,--,4,1420,买盘
754,13:23:02,3.55,--,4,1420,买盘
755,13:22:53,3.55,0.01,6,2130,买盘
756,13:22:48,3.54,-0.01,1,354,卖盘
757,13:22:43,3.55,--,4,1420,买盘
758,13:22:33,3.55,0.01,5,1775,买盘
759,13:22:23,3.54,-0.01,9,3186,卖盘
760,13:22:18,3.55,--,4,1420,买盘
761,13:22:12,3.55,--,4,1420,买盘
762,13:22:08,3.55,--,1,355,买盘
763,13:22:02,3.55,0.01,4,1420,买盘
764,13:21:47,3.54,-0.01,6,2124,卖盘
765,13:21:38,3.55,--,4,1420,买盘
766,13:21:27,3.55,--,4,1420,买盘
767,13:21:13,3.55,0.01,4,1420,买盘
768,13:21:03,3.54,-0.01,7,2478,卖盘
769,13:20:53,3.55,0.01,5,1775,买盘
770,13:20:47,3.54,-0.01,1,354,卖盘
771,13:20:42,3.55,--,4,1420,买盘
772,13:20:33,3.55,--,1,355,买盘
773,13:20:26,3.55,--,4,1420,买盘
774,13:20:23,3.55,--,5,1775,买盘
775,13:19:57,3.55,--,4,1420,买盘
776,13:19:48,3.55,--,104,36920,买盘
777,13:19:41,3.55,0.01,4,1420,买盘
778,13:19:32,3.54,-0.01,10,3540,卖盘
779,13:19:28,3.55,--,5,1775,买盘
780,13:19:17,3.55,--,4,1420,买盘
781,13:19:07,3.55,--,121,42955,买盘
782,13:19:01,3.55,--,147,52185,买盘
783,13:18:53,3.55,0.01,104,36920,买盘
784,13:18:46,3.54,-0.01,6,2124,卖盘
785,13:18:43,3.55,--,117,41535,买盘
786,13:18:32,3.55,--,56,19880,买盘
787,13:18:27,3.55,--,100,35500,买盘
788,13:18:23,3.55,--,5,1775,买盘
789,13:18:08,3.55,--,4,1420,买盘
790,13:18:02,3.55,--,81,28755,买盘
791,13:17:53,3.55,--,9,3195,买盘
792,13:17:42,3.55,--,117,41535,买盘
793,13:17:38,3.55,--,4,1420,买盘
794,13:17:32,3.55,0.01,33,11715,买盘
795,13:17:23,3.54,--,35,12627,卖盘
796,13:17:07,3.54,-0.01,22,7788,卖盘
797,13:17:02,3.55,--,33,11715,买盘
798,13:16:41,3.55,--,4,1420,买盘
799,13:16:37,3.55,0.01,33,11715,买盘
800,13:16:32,3.54,-0.01,224,79296,卖盘
801,13:16:23,3.55,0.01,36,12780,买盘
802,13:16:17,3.54,-0.01,36,12744,卖盘
803,13:16:06,3.55,0.01,33,11715,买盘
804,13:15:51,3.54,--,35,12627,卖盘
805,13:15:47,3.54,-0.01,1,354,卖盘
806,13:15:42,3.55,--,117,41535,买盘
807,13:15:35,3.55,--,33,11715,买盘
808,13:15:26,3.55,--,57,20235,买盘
809,13:15:17,3.55,0.01,6,2130,买盘
810,13:15:12,3.54,-0.01,41,14514,卖盘
811,13:15:02,3.55,--,6,2130,买盘
812,13:14:56,3.55,--,8,2840,买盘
813,13:14:42,3.55,--,157,55735,买盘
814,13:14:32,3.55,--,7,2485,买盘
815,13:14:16,3.55,--,7,2485,买盘
816,13:14:11,3.55,--,40,14200,买盘
817,13:14:02,3.55,--,330,117150,买盘
818,13:13:56,3.55,0.01,93,33015,买盘
819,13:13:47,3.54,-0.01,7,2478,卖盘
820,13:13:41,3.55,--,117,41535,买盘
821,13:13:32,3.55,--,7,2485,买盘
822,13:13:27,3.55,--,7,2485,买盘
823,13:13:12,3.55,--,7,2485,买盘
824,13:13:02,3.55,--,7,2485,买盘
825,13:12:51,3.55,0.01,6,2130,买盘
826,13:12:42,3.54,--,133,47082,卖盘
827,13:12:36,3.54,-0.01,8,2832,卖盘
828,13:12:32,3.55,0.01,7,2485,买盘
829,13:12:27,3.54,--,8,2832,卖盘
830,13:12:21,3.54,-0.01,8,2832,卖盘
831,13:12:17,3.55,0.01,15,5325,买盘
832,13:12:11,3.54,-0.01,20,7080,卖盘
833,13:12:07,3.55,--,7,2485,买盘
834,13:12:02,3.55,--,10,3550,买盘
835,13:11:55,3.55,0.01,7,2485,买盘
836,13:11:47,3.54,-0.01,8,2832,卖盘
837,13:11:41,3.55,--,136,48280,买盘
838,13:11:36,3.55,--,8,2840,买盘
839,13:11:21,3.55,--,7,2485,买盘
840,13:11:17,3.55,--,91,32305,买盘
841,13:11:11,3.55,--,6,2130,买盘
842,13:11:07,3.55,--,146,51830,买盘
843,13:11:02,3.55,--,270,95850,买盘
844,13:10:51,3.55,--,899,319145,买盘
845,13:10:47,3.55,--,74,26270,买盘
846,13:10:41,3.55,--,117,41535,买盘
847,13:10:25,3.55,--,4,1420,买盘
848,13:10:17,3.55,--,6,2130,买盘
849,13:10:10,3.55,--,46,16330,买盘
850,13:10:02,3.55,--,4,1420,买盘
851,13:09:55,3.55,--,4,1420,买盘
852,13:09:50,3.55,0.01,40,14200,买盘
853,13:09:47,3.54,-0.01,1,354,卖盘
854,13:09:41,3.55,--,612,217260,买盘
855,13:09:32,3.55,--,4,1420,买盘
856,13:09:20,3.55,--,3,1065,买盘
857,13:09:16,3.55,--,100,35500,买盘
858,13:09:11,3.55,--,44,15620,买盘
859,13:08:56,3.55,--,3,1065,买盘
860,13:08:50,3.55,--,148,52540,买盘
861,13:08:44,3.55,--,4,1420,买盘
862,13:08:40,3.55,--,3,1065,买盘
863,13:08:36,3.55,--,683,242465,买盘
864,13:08:26,3.55,--,4,1420,买盘
865,13:08:21,3.55,--,237,84135,买盘
866,13:08:15,3.55,--,783,277965,买盘
867,13:08:11,3.55,0.01,143,50765,买盘
868,13:08:05,3.54,-0.01,439,155406,卖盘
869,13:08:01,3.55,--,300,106500,买盘
870,13:07:56,3.55,--,4,1420,买盘
871,13:07:50,3.55,--,120,42600,买盘
872,13:07:44,3.55,--,555,197025,买盘
873,13:07:40,3.55,--,4,1420,买盘
874,13:07:30,3.55,--,3,1065,买盘
875,13:07:25,3.55,--,179,63545,买盘
876,13:07:20,3.55,--,39,13845,买盘
877,13:07:14,3.55,0.01,22,7810,买盘
878,13:07:11,3.54,-0.01,14,4956,卖盘
879,13:07:05,3.55,0.01,7,2485,买盘
880,13:07:00,3.54,-0.01,7,2478,卖盘
881,13:06:55,3.55,0.01,4,1420,买盘
882,13:06:50,3.54,-0.01,5,1770,卖盘
883,13:06:41,3.55,--,41,14661,买盘
884,13:06:36,3.55,--,6,2130,买盘
885,13:06:26,3.55,--,4,1420,买盘
886,13:06:14,3.55,0.01,4,1420,买盘
887,13:06:11,3.54,-0.01,6,2124,卖盘
888,13:06:05,3.55,--,39,13845,买盘
889,13:05:51,3.55,--,4,1420,买盘
890,13:05:41,3.55,--,3,1065,买盘
891,13:05:30,3.55,--,4,1420,买盘
892,13:05:26,3.55,--,84,29820,买盘
893,13:05:20,3.55,--,4,1420,买盘
894,13:05:10,3.55,--,4,1420,买盘
895,13:04:55,3.55,0.01,438,155490,买盘
896,13:04:51,3.54,-0.01,1,354,卖盘
897,13:04:44,3.55,--,4,1420,买盘
898,13:04:35,3.55,--,4,1420,买盘
899,13:04:20,3.55,--,3,1065,买盘
900,13:04:11,3.55,--,4,1420,买盘
901,13:04:05,3.55,--,2,710,买盘
902,13:04:00,3.55,--,22,7810,买盘
903,13:03:56,3.55,--,6,2130,买盘
904,13:03:50,3.55,--,4,1420,买盘
905,13:03:40,3.55,--,4,1420,买盘
906,13:03:34,3.55,--,6,2130,买盘
907,13:03:26,3.55,--,47,16685,买盘
908,13:03:15,3.55,--,4,1420,买盘
909,13:03:11,3.55,--,60,21300,买盘
910,13:03:05,3.55,--,21,7455,买盘
911,13:02:56,3.55,0.01,4,1420,买盘
912,13:02:50,3.54,-0.01,1,354,卖盘
913,13:02:20,3.55,--,36,12780,买盘
914,13:02:15,3.55,--,17,6035,买盘
915,13:01:24,3.55,--,192,68160,买盘
916,13:01:20,3.55,--,200,71000,买盘
917,13:01:14,3.55,--,6,2130,买盘
918,13:00:39,3.55,0.01,104,36920,买盘
919,13:00:29,3.54,--,1594,564276,卖盘
920,13:00:15,3.54,-0.01,195,69030,卖盘
921,13:00:09,3.55,--,316,112180,买盘
922,13:00:05,3.55,0.01,467,165785,买盘
923,11:30:00,3.54,--,0,0,卖盘
924,11:29:59,3.54,--,0,0,卖盘
925,11:29:40,3.54,--,2,708,卖盘
926,11:29:25,3.54,--,41,14514,卖盘
927,11:29:10,3.54,-0.01,1,354,卖盘
928,11:28:25,3.55,0.01,2,710,买盘
929,11:27:49,3.54,-0.01,2,708,卖盘
930,11:27:43,3.55,--,20,7100,买盘
931,11:27:34,3.55,--,73,25915,买盘
932,11:27:29,3.55,--,3,1065,买盘
933,11:27:19,3.55,--,3,1065,买盘
934,11:27:10,3.55,--,3,1065,买盘
935,11:26:55,3.55,0.01,3,1065,买盘
936,11:26:49,3.54,-0.01,7,2478,卖盘
937,11:26:43,3.55,--,3,1065,买盘
938,11:26:34,3.55,--,6,2130,买盘
939,11:26:25,3.55,--,3,1065,买盘
940,11:26:15,3.55,--,3,1065,买盘
941,11:26:04,3.55,0.01,342,121410,买盘
942,11:25:55,3.54,--,23,8142,卖盘
943,11:25:49,3.54,-0.01,1,354,卖盘
944,11:25:40,3.55,--,3,1065,买盘
945,11:25:28,3.55,0.01,4,1420,买盘
946,11:25:25,3.54,-0.01,22,7788,卖盘
947,11:25:19,3.55,--,3,1065,买盘
948,11:25:10,3.55,0.01,87,30885,买盘
949,11:25:04,3.54,-0.01,47,16638,卖盘
950,11:24:58,3.55,0.01,3,1065,买盘
951,11:24:49,3.54,-0.01,15,5310,卖盘
952,11:24:44,3.55,0.01,4,1420,买盘
953,11:24:35,3.54,--,32,11328,卖盘
954,11:24:28,3.54,-0.01,33,11788,卖盘
955,11:24:24,3.55,--,3,1065,买盘
956,11:24:13,3.55,--,46,16330,买盘
957,11:24:04,3.55,--,4,1420,买盘
958,11:23:49,3.55,--,4,1420,买盘
959,11:23:38,3.55,--,3,1065,买盘
960,11:23:28,3.55,0.01,4,1420,买盘
961,11:23:19,3.54,--,14,4956,卖盘
962,11:23:12,3.54,-0.01,100,35400,卖盘
963,11:23:07,3.55,--,87,30885,买盘
964,11:23:04,3.55,--,46,16330,买盘
965,11:22:58,3.55,--,3,1065,买盘
966,11:22:49,3.55,--,3,1065,买盘
967,11:22:34,3.55,--,3,1065,买盘
968,11:22:23,3.55,--,4,1420,买盘
969,11:22:13,3.55,--,1,355,买盘
970,11:22:08,3.55,0.01,3,1065,买盘
971,11:22:04,3.54,-0.01,76,26904,卖盘
972,11:21:59,3.55,0.01,3,1065,买盘
973,11:21:53,3.54,-0.01,1,354,卖盘
974,11:21:49,3.55,0.01,5,1775,买盘
975,11:21:43,3.54,-0.01,15,5310,卖盘
976,11:21:37,3.55,0.01,3,1065,买盘
977,11:21:34,3.54,-0.01,127,44958,卖盘
978,11:21:29,3.55,--,3,1065,买盘
979,11:21:13,3.55,--,548,194540,买盘
980,11:21:04,3.55,--,4,1420,买盘
981,11:20:59,3.55,--,3,1065,买盘
982,11:20:43,3.55,--,3,1065,买盘
983,11:20:34,3.55,--,3,1065,买盘
984,11:20:19,3.55,--,4,1420,买盘
985,11:20:08,3.55,--,3,1065,买盘
986,11:19:59,3.55,--,5,1775,买盘
987,11:19:49,3.55,--,3,1065,买盘
988,11:19:34,3.55,0.01,3,1065,买盘
989,11:19:27,3.54,-0.01,27,9558,卖盘
990,11:19:23,3.55,--,1,355,买盘
991,11:19:13,3.55,--,3,1065,买盘
992,11:19:03,3.55,--,3,1065,买盘
993,11:18:53,3.55,0.01,3,1065,买盘
994,11:18:49,3.54,-0.01,1,354,卖盘
995,11:18:43,3.55,--,3,1065,买盘
996,11:18:34,3.55,--,4,1420,买盘
997,11:18:22,3.55,--,3,1065,买盘
998,11:18:13,3.55,--,4,1420,买盘
999,11:18:03,3.55,--,22,7810,买盘
1000,11:17:58,3.55,0.01,3,1065,买盘
1001,11:17:49,3.54,-0.01,2,708,卖盘
1002,11:17:43,3.55,--,3,1065,买盘
1003,11:17:37,3.55,--,3,1065,买盘
1004,11:17:34,3.55,--,33,11715,买盘
1005,11:17:28,3.55,--,3,1065,买盘
1006,11:17:13,3.55,--,3,1065,买盘
1007,11:17:04,3.55,0.01,47,16685,买盘
1008,11:16:58,3.54,-0.01,100,35400,卖盘
1009,11:16:52,3.55,0.01,3,1065,买盘
1010,11:16:48,3.54,-0.01,1,354,卖盘
1011,11:16:37,3.55,--,3,1065,买盘
1012,11:16:28,3.55,--,3,1065,买盘
1013,11:16:22,3.55,--,50,17750,买盘
1014,11:16:19,3.55,--,15,5325,买盘
1015,11:16:13,3.55,--,3,1065,买盘
1016,11:16:08,3.55,--,3,1065,买盘
1017,11:15:58,3.55,--,5,1775,买盘
1018,11:15:43,3.55,0.01,5,1775,买盘
1019,11:15:37,3.54,-0.01,15,5310,卖盘
1020,11:15:33,3.55,0.01,3,1065,买盘
1021,11:15:22,3.54,-0.01,1003,355062,卖盘
1022,11:15:13,3.55,--,120,42600,买盘
1023,11:15:07,3.55,--,10,3550,买盘
1024,11:15:01,3.55,0.01,5,1775,买盘
1025,11:14:57,3.54,-0.01,2,708,卖盘
1026,11:14:46,3.55,--,24,8520,买盘
1027,11:14:37,3.55,--,188,66977,买盘
1028,11:14:28,3.55,--,3,1065,买盘
1029,11:14:22,3.55,--,3,1065,买盘
1030,11:14:13,3.55,--,3,1065,买盘
1031,11:14:07,3.55,--,3,1065,买盘
1032,11:13:58,3.55,--,4,1420,买盘
1033,11:13:52,3.55,--,6,2130,买盘
1034,11:13:43,3.55,--,3,1065,买盘
1035,11:13:32,3.55,--,4,1420,买盘
1036,11:13:28,3.55,0.01,2,710,买盘
1037,11:13:22,3.54,-0.01,244,86376,卖盘
1038,11:13:07,3.55,--,3,1065,买盘
1039,11:12:58,3.55,--,4,1420,买盘
1040,11:12:46,3.55,0.01,4,1420,买盘
1041,11:12:37,3.54,--,23,8142,卖盘
1042,11:12:22,3.54,--,1,354,卖盘
1043,11:12:03,3.54,-0.01,1,354,卖盘
1044,11:11:43,3.55,--,1,355,买盘
1045,11:11:37,3.55,--,1,355,买盘
1046,11:11:27,3.55,--,10,3550,买盘
1047,11:11:16,3.55,--,88,31240,买盘
1048,11:11:07,3.55,0.01,3,1065,买盘
1049,11:10:46,3.54,-0.01,1,354,卖盘
1050,11:10:16,3.55,--,1,355,买盘
1051,11:09:57,3.55,0.01,13,4615,买盘
1052,11:09:42,3.54,--,1,354,卖盘
1053,11:09:37,3.54,-0.01,1,354,卖盘
1054,11:09:27,3.55,0.01,3,1065,买盘
1055,11:09:22,3.54,--,100,35400,卖盘
1056,11:08:52,3.54,--,12,4248,卖盘
1057,11:08:37,3.54,--,36,12981,卖盘
1058,11:08:22,3.54,--,168,59472,卖盘
1059,11:08:10,3.54,-0.01,168,59472,卖盘
1060,11:08:07,3.55,--,170,60350,买盘
1061,11:08:01,3.55,0.01,170,60350,买盘
1062,11:07:46,3.54,--,1,354,卖盘
1063,11:07:41,3.54,-0.01,14,4956,卖盘
1064,11:07:37,3.55,0.01,65,23075,买盘
1065,11:07:31,3.54,-0.01,64,22656,卖盘
1066,11:07:22,3.55,--,87,31144,卖盘
1067,11:07:16,3.55,--,76,26980,卖盘
1068,11:07:10,3.55,--,16,5680,卖盘
1069,11:07:07,3.55,--,896,318080,卖盘
1070,11:06:52,3.55,--,375,133362,卖盘
1071,11:06:47,3.55,--,73,26021,卖盘
1072,11:06:37,3.55,--,100,35500,卖盘
1073,11:06:31,3.55,--,260,92300,卖盘
1074,11:06:22,3.55,--,15,5325,卖盘
1075,11:06:17,3.55,--,50,17750,卖盘
1076,11:06:01,3.55,-0.01,50,17750,卖盘
1077,11:05:55,3.56,0.01,87,30972,买盘
1078,11:05:52,3.55,--,4,1420,卖盘
1079,11:05:46,3.55,--,43,15265,卖盘
1080,11:05:37,3.55,-0.01,48,17146,卖盘
1081,11:05:22,3.56,0.01,50,17800,买盘
1082,11:05:16,3.55,-0.01,50,17750,卖盘
1083,11:05:01,3.56,0.01,1,356,买盘
1084,11:04:51,3.55,-0.01,143,50765,卖盘
1085,11:04:40,3.56,--,156,55536,买盘
1086,11:04:31,3.56,0.01,77,27412,买盘
1087,11:04:16,3.55,-0.01,6,2130,卖盘
1088,11:04:10,3.56,--,6,2136,买盘
1089,11:04:06,3.56,--,314,111784,买盘
1090,11:04:01,3.56,--,17,6052,买盘
1091,11:03:55,3.56,0.01,390,138840,买盘
1092,11:03:51,3.55,--,10,3550,卖盘
1093,11:03:45,3.55,--,51,18105,卖盘
1094,11:03:40,3.55,--,31,11005,卖盘
1095,11:03:19,3.55,--,10,3550,卖盘
1096,11:03:16,3.55,-0.01,191,67805,卖盘
1097,11:03:07,3.56,--,7,2492,买盘
1098,11:02:55,3.56,0.01,100,35600,买盘
1099,11:02:52,3.55,--,1,355,卖盘
1100,11:02:40,3.55,-0.01,31,11005,卖盘
1101,11:02:31,3.56,0.01,43,15308,买盘
1102,11:02:25,3.55,--,71,25205,卖盘
1103,11:02:16,3.55,--,1000,355000,卖盘
1104,11:02:10,3.55,--,145,51475,卖盘
1105,11:01:50,3.55,--,7,2485,卖盘
1106,11:01:46,3.55,--,133,47215,卖盘
1107,11:01:19,3.55,--,2,710,卖盘
1108,11:01:16,3.55,--,157,55735,卖盘
1109,11:00:40,3.55,-0.01,10,3550,卖盘
1110,11:00:31,3.56,0.01,130,46280,买盘
1111,11:00:16,3.55,--,17,6035,卖盘
1112,11:00:09,3.55,-0.01,338,119990,卖盘
1113,11:00:01,3.56,0.01,100,35600,买盘
1114,10:59:55,3.55,--,7,2485,卖盘
1115,10:59:49,3.55,--,27,9585,卖盘
1116,10:59:46,3.55,-0.01,21,7455,卖盘
1117,10:59:40,3.56,0.01,1187,422572,买盘
1118,10:59:16,3.55,--,60,21300,卖盘
1119,10:59:10,3.55,--,147,52185,卖盘
1120,10:59:01,3.55,--,80,28400,卖盘
1121,10:58:55,3.55,--,40,14200,卖盘
1122,10:58:49,3.55,--,500,177500,卖盘
1123,10:58:46,3.55,-0.01,31,11005,卖盘
1124,10:58:25,3.56,0.01,117,41652,买盘
1125,10:58:16,3.55,--,57,20235,卖盘
1126,10:58:10,3.55,-0.01,80,28400,卖盘
1127,10:57:55,3.56,0.01,117,41652,买盘
1128,10:57:40,3.55,-0.01,306,108630,卖盘
1129,10:57:28,3.56,0.01,71,25276,买盘
1130,10:57:25,3.55,-0.01,61,21655,卖盘
1131,10:57:19,3.56,0.01,15,5340,买盘
1132,10:57:16,3.55,--,300,106500,卖盘
1133,10:57:10,3.55,--,35,12425,卖盘
1134,10:57:04,3.55,-0.01,2,710,卖盘
1135,10:57:00,3.56,0.01,15,5340,买盘
1136,10:56:55,3.55,-0.01,10,3550,卖盘
1137,10:56:49,3.56,0.01,16,5696,买盘
1138,10:56:45,3.55,-0.01,20,7100,卖盘
1139,10:56:40,3.56,0.01,58,20648,买盘
1140,10:56:34,3.55,-0.01,75,26625,卖盘
1141,10:56:30,3.56,0.01,43,15308,买盘
1142,10:56:25,3.55,--,31,11005,卖盘
1143,10:56:19,3.55,-0.01,20,7100,卖盘
1144,10:56:15,3.56,0.01,15,5340,买盘
1145,10:56:10,3.55,-0.01,1000,355000,卖盘
1146,10:56:04,3.56,--,15,5340,买盘
1147,10:55:55,3.56,--,15,5340,买盘
1148,10:55:49,3.56,0.01,15,5340,买盘
1149,10:55:45,3.55,--,30,10650,卖盘
1150,10:55:40,3.55,--,118,41890,卖盘
1151,10:55:33,3.55,--,134,47570,卖盘
1152,10:55:30,3.55,--,72,25560,卖盘
1153,10:55:25,3.55,--,1,355,卖盘
1154,10:55:10,3.55,--,100,35500,卖盘
1155,10:55:04,3.55,--,2497,886704,买盘
1156,10:54:55,3.55,--,15,5325,买盘
1157,10:54:49,3.55,--,16,5680,买盘
1158,10:54:40,3.55,--,1300,461500,买盘
1159,10:54:33,3.55,--,15,5325,买盘
1160,10:54:25,3.55,0.01,1311,465405,买盘
1161,10:54:19,3.54,--,40,14160,卖盘
1162,10:54:16,3.54,-0.01,371,131440,卖盘
1163,10:54:10,3.55,--,500,177500,买盘
1164,10:54:04,3.55,--,20,7100,买盘
1165,10:53:55,3.55,--,15,5325,买盘
1166,10:53:49,3.55,--,270,95850,买盘
1167,10:53:40,3.55,--,1,355,买盘
1168,10:53:34,3.55,--,120,42600,买盘
1169,10:53:27,3.55,--,76,27065,卖盘
1170,10:53:25,3.55,--,180,63900,卖盘
1171,10:53:19,3.55,--,100,35500,卖盘
1172,10:53:13,3.55,--,2100,745500,卖盘
1173,10:53:10,3.55,--,70,24850,卖盘
1174,10:53:04,3.55,--,12,4260,卖盘
1175,10:52:49,3.55,--,244,86620,卖盘
1176,10:52:45,3.55,--,100,35500,卖盘
1177,10:52:40,3.55,--,51,18105,卖盘
1178,10:52:34,3.55,--,86,30530,卖盘
1179,10:52:25,3.55,--,186,66030,卖盘
1180,10:52:19,3.55,--,30,10650,卖盘
1181,10:52:14,3.55,--,10,3550,卖盘
1182,10:52:10,3.55,--,38,13490,卖盘
1183,10:51:55,3.55,--,200,71000,卖盘
1184,10:51:49,3.55,--,1,355,卖盘
1185,10:51:42,3.55,--,268,95140,卖盘
1186,10:51:34,3.55,--,500,177500,卖盘
1187,10:51:25,3.55,-0.01,400,142000,卖盘
1188,10:51:19,3.56,0.01,65,23140,买盘
1189,10:51:13,3.55,--,324,115020,卖盘
1190,10:51:03,3.55,--,1235,438662,卖盘
1191,10:50:58,3.55,--,120,42600,卖盘
1192,10:50:43,3.55,--,81,28755,卖盘
1193,10:50:39,3.55,--,15,5325,卖盘
1194,10:50:34,3.55,--,262,93010,卖盘
1195,10:50:28,3.55,--,21,7455,卖盘
1196,10:50:13,3.55,--,740,262700,卖盘
1197,10:50:10,3.55,--,15,5325,卖盘
1198,10:49:58,3.55,--,59,20945,卖盘
1199,10:49:49,3.55,--,66,23667,卖盘
1200,10:49:43,3.55,--,78,27690,卖盘
1201,10:49:34,3.55,--,2400,852000,卖盘
1202,10:49:23,3.55,--,80,28400,卖盘
1203,10:49:13,3.55,--,14,4970,卖盘
1204,10:49:03,3.55,-0.01,300,106500,卖盘
1205,10:48:54,3.56,0.01,220,78320,买盘
1206,10:48:43,3.55,--,212,75260,卖盘
1207,10:48:39,3.55,--,845,299975,卖盘
1208,10:48:34,3.55,--,20,7100,卖盘
1209,10:48:27,3.55,--,191,67805,卖盘
1210,10:48:19,3.55,--,166,58930,卖盘
1211,10:48:13,3.55,--,10,3550,卖盘
1212,10:48:04,3.55,--,53,18815,卖盘
1213,10:47:58,3.55,--,15,5325,卖盘
1214,10:47:53,3.55,--,35,12662,卖盘
1215,10:47:49,3.55,--,105,37275,卖盘
1216,10:47:43,3.55,--,2,710,卖盘
1217,10:47:34,3.55,--,115,40825,卖盘
1218,10:47:28,3.55,--,53,18815,卖盘
1219,10:47:13,3.55,--,1,355,卖盘
1220,10:46:43,3.55,--,10,3550,卖盘
1221,10:46:28,3.55,--,34,12070,卖盘
1222,10:46:13,3.55,--,10,3550,卖盘
1223,10:46:08,3.55,--,50,17750,卖盘
1224,10:45:52,3.55,--,91,32305,卖盘
1225,10:45:48,3.55,--,1,355,卖盘
1226,10:45:37,3.55,--,55,19525,卖盘
1227,10:45:33,3.55,-0.01,50,17750,卖盘
1228,10:45:04,3.56,--,2,712,买盘
1229,10:44:58,3.56,0.01,1,356,买盘
1230,10:44:49,3.55,-0.01,11,3905,卖盘
1231,10:44:33,3.56,--,904,321824,买盘
1232,10:44:22,3.56,0.01,600,213600,买盘
1233,10:44:13,3.55,--,10,3550,卖盘
1234,10:44:06,3.55,--,61,21655,卖盘
1235,10:43:52,3.55,--,100,35500,卖盘
1236,10:43:48,3.55,--,1,355,卖盘
1237,10:43:43,3.55,--,60,21300,卖盘
1238,10:43:37,3.55,--,2710,962316,买盘
1239,10:43:22,3.55,--,1,355,买盘
1240,10:43:07,3.55,--,1323,469665,买盘
1241,10:42:52,3.55,--,10,3550,买盘
1242,10:42:48,3.55,--,1,355,买盘
1243,10:42:43,3.55,--,25,8875,买盘
1244,10:42:37,3.55,--,297,105435,买盘
1245,10:42:28,3.55,0.01,87,30885,买盘
1246,10:42:22,3.54,-0.01,104,36816,卖盘
1247,10:42:18,3.55,0.01,203,72065,买盘
1248,10:42:07,3.54,--,76,26904,卖盘
1249,10:41:58,3.54,-0.01,522,184788,卖盘
1250,10:41:51,3.55,--,86,30530,买盘
1251,10:41:43,3.55,--,57,20235,买盘
1252,10:41:22,3.55,--,62,22098,卖盘
1253,10:41:18,3.55,--,180,63900,卖盘
1254,10:41:13,3.55,--,211,74905,卖盘
1255,10:41:07,3.55,--,585,207675,卖盘
1256,10:41:02,3.55,--,7,2485,卖盘
1257,10:40:58,3.55,--,10105,3587275,卖盘
1258,10:40:52,3.55,--,2044,725921,卖盘
1259,10:40:48,3.55,--,1,355,卖盘
1260,10:40:43,3.55,--,1906,676630,卖盘
1261,10:40:28,3.55,-0.01,1055,374525,卖盘
1262,10:40:13,3.56,0.01,1,356,买盘
1263,10:40:07,3.55,--,200,71000,卖盘
1264,10:39:58,3.55,-0.01,15,5325,卖盘
1265,10:39:52,3.56,0.01,132,46992,买盘
1266,10:39:48,3.55,--,38,13596,卖盘
1267,10:39:43,3.55,--,60,21300,卖盘
1268,10:39:37,3.55,-0.01,100,35500,卖盘
1269,10:39:22,3.56,0.01,28,9968,买盘
1270,10:39:18,3.55,-0.01,11,3905,卖盘
1271,10:39:07,3.56,0.01,57,20292,买盘
1272,10:39:03,3.55,-0.01,834,296176,卖盘
1273,10:38:52,3.56,0.01,23,8188,买盘
1274,10:38:48,3.55,-0.01,1,355,卖盘
1275,10:38:28,3.56,0.01,2736,974016,买盘
1276,10:38:13,3.55,--,45,15975,卖盘
1277,10:38:07,3.55,-0.01,758,269090,卖盘
1278,10:37:58,3.56,0.01,38,13528,买盘
1279,10:37:52,3.55,--,20,7100,卖盘
1280,10:37:46,3.55,--,17,6035,卖盘
1281,10:37:42,3.55,-0.01,230,81650,卖盘
1282,10:37:27,3.56,0.01,20,7120,买盘
1283,10:37:12,3.55,--,30,10650,卖盘
1284,10:37:01,3.55,--,8,2840,卖盘
1285,10:36:57,3.55,--,104,36920,卖盘
1286,10:36:46,3.55,--,11,3905,卖盘
1287,10:36:37,3.55,--,210,74550,卖盘
1288,10:36:31,3.55,-0.01,300,106500,卖盘
1289,10:36:16,3.56,--,10,3560,买盘
1290,10:35:57,3.56,0.01,72,25632,买盘
1291,10:35:52,3.55,-0.01,3,1065,卖盘
1292,10:35:46,3.56,0.01,1,356,买盘
1293,10:35:31,3.55,-0.01,100,35500,卖盘
1294,10:35:26,3.56,--,67,23852,买盘
1295,10:34:52,3.56,0.01,7,2492,买盘
1296,10:34:46,3.55,--,1,355,卖盘
1297,10:34:30,3.55,-0.01,100,35500,卖盘
1298,10:34:22,3.56,--,14,4984,买盘
1299,10:34:16,3.56,0.01,46,16376,买盘
1300,10:34:01,3.55,--,10,3550,卖盘
1301,10:33:46,3.55,--,221,78455,卖盘
1302,10:33:31,3.55,--,11,3905,卖盘
1303,10:33:27,3.55,-0.01,347,123291,卖盘
1304,10:33:07,3.56,--,13,4628,买盘
1305,10:33:01,3.56,0.01,1,356,买盘
1306,10:32:57,3.55,--,100,35500,卖盘
1307,10:32:27,3.55,--,100,35500,卖盘
1308,10:32:22,3.55,--,7,2485,卖盘
1309,10:32:16,3.55,--,20,7100,卖盘
1310,10:32:11,3.55,--,13,4615,卖盘
1311,10:31:52,3.55,--,69,24495,卖盘
1312,10:31:46,3.55,--,1,355,卖盘
1313,10:31:31,3.55,--,10,3550,卖盘
1314,10:31:22,3.55,-0.01,1,355,卖盘
1315,10:30:55,3.56,--,20,7120,买盘
1316,10:30:51,3.56,--,108,38448,买盘
1317,10:30:40,3.56,--,1,356,买盘
1318,10:30:31,3.56,0.01,442,157352,买盘
1319,10:30:25,3.55,-0.01,4,1420,卖盘
1320,10:30:16,3.56,0.01,87,30972,买盘
1321,10:30:05,3.55,-0.01,9,3195,卖盘
1322,10:30:01,3.56,0.01,87,30972,买盘
1323,10:29:55,3.55,--,65,23075,卖盘
1324,10:29:46,3.55,-0.01,4,1420,卖盘
1325,10:29:40,3.56,--,105,37380,买盘
1326,10:29:25,3.56,0.01,835,297260,买盘
1327,10:29:15,3.55,-0.01,32,11360,卖盘
1328,10:29:06,3.56,--,177,63012,买盘
1329,10:29:01,3.56,0.01,87,30972,买盘
1330,10:28:46,3.55,--,50,17750,卖盘
1331,10:28:40,3.55,--,1,355,卖盘
1332,10:28:31,3.55,--,152,53960,卖盘
1333,10:28:21,3.55,--,100,35500,卖盘
1334,10:28:16,3.55,--,3,1065,卖盘
1335,10:28:10,3.55,--,12,4260,卖盘
1336,10:28:01,3.55,--,16,5680,卖盘
1337,10:27:46,3.55,--,104,36920,卖盘
1338,10:27:36,3.55,--,103,36565,卖盘
1339,10:27:31,3.55,--,140,49700,卖盘
1340,10:27:16,3.55,--,530,188150,卖盘
1341,10:27:09,3.55,--,3,1065,卖盘
1342,10:27:06,3.55,-0.01,90,31950,卖盘
1343,10:26:55,3.56,0.01,9,3204,买盘
1344,10:26:16,3.55,--,20,7100,卖盘
1345,10:26:05,3.55,--,10,3550,卖盘
1346,10:26:01,3.55,--,515,182825,卖盘
1347,10:25:55,3.55,-0.01,10,3550,卖盘
1348,10:25:51,3.56,0.01,4,1424,买盘
1349,10:25:46,3.55,--,1,355,卖盘
1350,10:25:39,3.55,--,3,1065,卖盘
1351,10:25:30,3.55,-0.01,27,9585,卖盘
1352,10:25:09,3.56,--,3,1068,买盘
1353,10:25:05,3.56,--,100,35600,买盘
1354,10:24:55,3.56,0.01,23,8188,买盘
1355,10:24:50,3.55,-0.01,2,710,卖盘
1356,10:24:46,3.56,0.01,3,1068,买盘
1357,10:24:36,3.55,-0.01,200,71000,卖盘
1358,10:24:31,3.56,0.01,16,5696,买盘
1359,10:24:16,3.55,--,56,19880,卖盘
1360,10:24:10,3.55,--,228,80940,卖盘
1361,10:24:05,3.55,--,68,24140,卖盘
1362,10:23:55,3.55,-0.01,1,355,卖盘
1363,10:23:51,3.56,0.01,174,61944,买盘
1364,10:23:44,3.55,-0.01,60,21300,卖盘
1365,10:23:25,3.56,0.01,9,3204,买盘
1366,10:23:21,3.55,--,5,1775,卖盘
1367,10:23:10,3.55,-0.01,5,1775,卖盘
1368,10:23:05,3.56,0.01,300,106800,买盘
1369,10:22:54,3.55,--,224,79520,卖盘
1370,10:22:50,3.55,--,71,25205,卖盘
1371,10:22:25,3.55,--,51,18105,卖盘
1372,10:22:00,3.55,--,22,7810,卖盘
1373,10:21:39,3.55,--,5,1775,卖盘
1374,10:21:34,3.55,--,366,129930,卖盘
1375,10:21:25,3.55,--,5,1775,卖盘
1376,10:21:19,3.55,--,40,14200,卖盘
1377,10:21:16,3.55,--,20,7100,卖盘
1378,10:21:04,3.55,--,1088,386240,卖盘
1379,10:21:01,3.55,-0.01,20,7100,卖盘
1380,10:20:55,3.56,0.01,10,3560,买盘
1381,10:20:49,3.55,--,1,355,卖盘
1382,10:20:40,3.55,--,51,18105,卖盘
1383,10:20:34,3.55,-0.01,8,2840,卖盘
1384,10:20:30,3.56,--,1,356,买盘
1385,10:20:25,3.56,0.01,1,356,买盘
1386,10:20:10,3.55,-0.01,8,2840,卖盘
1387,10:19:55,3.56,0.01,4,1424,买盘
1388,10:19:44,3.55,--,245,86975,卖盘
1389,10:19:30,3.55,--,119,42245,卖盘
1390,10:19:24,3.55,--,550,195250,卖盘
1391,10:19:19,3.55,--,426,151230,卖盘
1392,10:19:14,3.55,--,60,21300,卖盘
1393,10:19:10,3.55,--,300,106500,卖盘
1394,10:19:04,3.55,--,949,336895,卖盘
1395,10:18:55,3.55,--,392,139160,卖盘
1396,10:18:49,3.55,--,1,355,卖盘
1397,10:18:45,3.55,--,29,10295,卖盘
1398,10:18:40,3.55,-0.01,331,117505,卖盘
1399,10:18:34,3.56,0.01,21,7476,买盘
1400,10:18:19,3.55,--,100,35500,卖盘
1401,10:18:15,3.55,--,260,92300,卖盘
1402,10:18:10,3.55,--,20,7100,卖盘
1403,10:18:04,3.55,-0.01,570,202350,卖盘
1404,10:17:59,3.56,--,51,18156,买盘
1405,10:17:49,3.56,0.01,48,17088,买盘
1406,10:17:45,3.55,-0.01,1128,400440,卖盘
1407,10:17:34,3.56,0.01,22,7832,买盘
1408,10:17:30,3.55,-0.01,30,10650,卖盘
1409,10:17:25,3.56,0.01,223,79388,买盘
1410,10:17:19,3.55,--,72,25560,卖盘
1411,10:17:10,3.55,--,674,239270,卖盘
1412,10:17:04,3.55,--,7,2485,卖盘
1413,10:16:55,3.55,--,1031,366005,卖盘
1414,10:16:49,3.55,--,749,265895,卖盘
1415,10:16:43,3.55,-0.01,19,6745,卖盘
1416,10:16:34,3.56,0.01,84,29904,买盘
1417,10:16:29,3.55,-0.01,322,114310,卖盘
1418,10:16:24,3.56,0.01,26,9256,买盘
1419,10:16:19,3.55,-0.01,33,11715,卖盘
1420,10:16:09,3.56,--,38,13528,买盘
1421,10:16:04,3.56,--,88,31328,买盘
1422,10:16:00,3.56,0.01,5,1780,买盘
1423,10:15:54,3.55,--,100,35500,卖盘
1424,10:15:49,3.55,-0.01,128,45440,卖盘
1425,10:15:38,3.56,0.01,16,5696,买盘
1426,10:15:34,3.55,--,300,106500,卖盘
1427,10:15:24,3.55,--,36,12780,卖盘
1428,10:15:15,3.55,-0.01,114,40470,卖盘
1429,10:15:09,3.56,--,374,133144,买盘
1430,10:15:04,3.56,0.01,345,122820,买盘
1431,10:14:58,3.55,--,60,21300,卖盘
1432,10:14:54,3.55,--,10,3550,卖盘
1433,10:14:49,3.55,-0.01,154,54670,卖盘
1434,10:14:43,3.56,0.01,20,7120,买盘
1435,10:14:28,3.55,-0.01,97,34435,卖盘
1436,10:14:24,3.56,0.01,3,1068,买盘
1437,10:14:18,3.55,-0.01,51,18105,卖盘
1438,10:14:13,3.56,--,103,36668,买盘
1439,10:13:49,3.56,0.01,149,53044,买盘
1440,10:13:43,3.55,--,31,11005,卖盘
1441,10:13:39,3.55,-0.01,120,42600,卖盘
1442,10:13:28,3.56,0.01,21,7476,买盘
1443,10:13:19,3.55,-0.01,14,4970,卖盘
1444,10:13:13,3.56,0.01,20,7120,买盘
1445,10:13:09,3.55,-0.01,31,11005,卖盘
1446,10:13:04,3.56,--,22,7832,买盘
1447,10:12:54,3.56,--,40,14240,买盘
1448,10:12:49,3.56,--,98,34888,买盘
1449,10:12:34,3.56,--,6,2136,买盘
1450,10:12:23,3.56,--,331,117836,买盘
1451,10:12:13,3.56,0.01,3,1068,买盘
1452,10:12:08,3.55,--,239,84845,卖盘
1453,10:12:04,3.55,--,10,3550,卖盘
1454,10:11:58,3.55,--,2,710,卖盘
1455,10:11:49,3.55,-0.01,132,46860,卖盘
1456,10:11:43,3.56,0.01,234,83304,买盘
1457,10:11:39,3.55,--,320,113600,卖盘
1458,10:11:34,3.55,--,2893,1027015,卖盘
1459,10:11:28,3.55,--,16,5680,卖盘
1460,10:11:23,3.55,-0.01,107,37985,卖盘
1461,10:11:13,3.56,0.02,9327,3320412,买盘
1462,10:11:04,3.54,-0.01,116,41064,卖盘
1463,10:10:57,3.55,--,1502,533210,买盘
1464,10:10:49,3.55,--,99,35145,买盘
1465,10:10:39,3.55,0.01,190,67450,买盘
1466,10:10:34,3.54,-0.01,656,232224,卖盘
1467,10:10:28,3.55,--,10197,3619935,买盘
1468,10:10:24,3.55,--,20,7100,买盘
1469,10:10:19,3.55,--,205,72775,买盘
1470,10:10:13,3.55,--,20,7100,买盘
1471,10:10:04,3.55,--,45,15975,买盘
1472,10:09:58,3.55,0.01,196,69580,买盘
1473,10:09:53,3.54,-0.01,140,49560,卖盘
1474,10:09:48,3.55,0.01,177,62835,买盘
1475,10:09:39,3.54,-0.01,67,23718,卖盘
1476,10:09:28,3.55,--,111,39405,买盘
1477,10:09:13,3.55,0.01,287,101885,买盘
1478,10:08:48,3.54,-0.01,78,27612,卖盘
1479,10:08:43,3.55,--,887,314885,买盘
1480,10:08:37,3.55,0.01,643,228265,买盘
1481,10:08:33,3.54,-0.01,60,21498,卖盘
1482,10:08:28,3.55,--,2,710,买盘
1483,10:08:23,3.55,--,200,71000,买盘
1484,10:08:13,3.55,0.01,175,62125,买盘
1485,10:08:09,3.54,-0.01,176,62304,卖盘
1486,10:08:03,3.55,0.01,87,30885,买盘
1487,10:07:58,3.54,--,3,1062,卖盘
1488,10:07:54,3.54,-0.01,200,70800,卖盘
1489,10:07:48,3.55,0.01,79,28045,买盘
1490,10:07:43,3.54,-0.01,33,11682,卖盘
1491,10:07:39,3.55,0.01,108,38340,买盘
1492,10:07:33,3.54,--,9,3186,卖盘
1493,10:07:28,3.54,-0.01,123,43542,卖盘
1494,10:07:24,3.55,0.01,100,35500,买盘
1495,10:07:17,3.54,-0.01,93,32922,卖盘
1496,10:07:13,3.55,--,611,216905,买盘
1497,10:07:07,3.55,0.01,408,144840,买盘
1498,10:06:51,3.54,--,10,3540,卖盘
1499,10:06:47,3.54,--,81,28674,卖盘
1500,10:06:36,3.54,-0.01,29,10266,卖盘
1501,10:06:28,3.55,--,281,99755,买盘
1502,10:06:22,3.55,0.01,1334,473570,买盘
1503,10:05:48,3.54,-0.01,78,27612,卖盘
1504,10:05:37,3.55,--,56,19880,买盘
1505,10:05:33,3.55,0.01,2,710,买盘
1506,10:05:28,3.54,-0.01,59,20886,卖盘
1507,10:05:18,3.55,0.01,35,12425,买盘
1508,10:05:07,3.54,-0.01,318,112572,卖盘
1509,10:04:58,3.55,0.01,56,19880,买盘
1510,10:04:52,3.54,--,15,5310,卖盘
1511,10:04:46,3.54,-0.01,78,27612,卖盘
1512,10:04:43,3.55,--,1,355,买盘
1513,10:04:37,3.55,0.01,10,3550,买盘
1514,10:04:33,3.54,-0.01,5,1770,卖盘
1515,10:04:07,3.55,--,243,86265,买盘
1516,10:03:52,3.55,0.01,402,142710,买盘
1517,10:03:47,3.54,--,203,71862,卖盘
1518,10:03:28,3.54,-0.01,5,1770,卖盘
1519,10:03:18,3.55,--,1,355,买盘
1520,10:03:12,3.55,0.01,5,1775,买盘
1521,10:03:07,3.54,-0.01,16,5664,卖盘
1522,10:03:03,3.55,0.01,1464,519720,买盘
1523,10:02:57,3.54,-0.01,48,16992,卖盘
1524,10:02:52,3.55,0.01,500,177500,买盘
1525,10:02:47,3.54,--,159,56286,卖盘
1526,10:02:37,3.54,-0.01,43,15222,卖盘
1527,10:02:32,3.55,--,100,35500,买盘
1528,10:02:26,3.55,0.01,9,3195,买盘
1529,10:02:22,3.54,--,40,14160,卖盘
1530,10:01:47,3.54,-0.01,80,28320,卖盘
1531,10:01:31,3.55,--,18,6390,买盘
1532,10:01:22,3.55,--,17,6035,买盘
1533,10:01:17,3.55,--,35,12425,买盘
1534,10:01:02,3.55,0.01,21,7455,买盘
1535,10:00:57,3.54,--,100,35400,卖盘
1536,10:00:51,3.54,--,345,122130,卖盘
1537,10:00:47,3.54,--,98,34692,卖盘
1538,10:00:41,3.54,-0.01,120,42480,卖盘
1539,10:00:32,3.55,0.01,1,355,买盘
1540,10:00:22,3.54,-0.01,24,8496,卖盘
1541,10:00:17,3.55,--,516,183180,买盘
1542,10:00:07,3.55,0.01,357,126735,买盘
1543,10:00:01,3.54,--,52,18408,卖盘
1544,09:59:57,3.54,--,4,1416,卖盘
1545,09:59:47,3.54,--,661,233994,卖盘
1546,09:59:37,3.54,-0.01,9001,3186354,卖盘
1547,09:59:27,3.55,--,8,2840,买盘
1548,09:59:16,3.55,0.01,696,247080,买盘
1549,09:59:11,3.54,-0.01,48,16992,卖盘
1550,09:59:07,3.55,0.01,10,3550,买盘
1551,09:59:01,3.54,--,100,35400,卖盘
1552,09:58:56,3.54,-0.01,2,708,卖盘
1553,09:58:45,3.55,--,92,32660,买盘
1554,09:58:42,3.55,--,7,2485,买盘
1555,09:58:37,3.55,0.01,66,23430,买盘
1556,09:58:31,3.54,--,282,99828,卖盘
1557,09:58:22,3.54,-0.01,10,3540,卖盘
1558,09:58:12,3.55,0.01,1,355,买盘
1559,09:57:46,3.54,--,78,27612,卖盘
1560,09:57:27,3.54,--,50,17700,卖盘
1561,09:57:15,3.54,-0.01,15,5310,卖盘
1562,09:57:11,3.55,0.01,156,55380,买盘
1563,09:57:07,3.54,--,100,35400,卖盘
1564,09:57:00,3.54,-0.01,50,17700,卖盘
1565,09:56:56,3.55,0.01,1,355,买盘
1566,09:56:51,3.54,--,17,6018,卖盘
1567,09:56:45,3.54,--,78,27612,卖盘
1568,09:56:41,3.54,-0.01,900,318600,卖盘
1569,09:56:37,3.55,--,143,50765,买盘
1570,09:56:30,3.55,--,59,20945,买盘
1571,09:56:21,3.55,--,50,17750,买盘
1572,09:56:01,3.55,0.01,100,35500,买盘
1573,09:55:56,3.54,--,587,208067,卖盘
1574,09:55:45,3.54,-0.01,78,27612,卖盘
1575,09:55:36,3.55,0.01,120,42600,买盘
1576,09:55:31,3.54,-0.01,72,25488,卖盘
1577,09:55:10,3.55,0.01,50,17750,买盘
1578,09:54:46,3.54,-0.01,94,33276,卖盘
1579,09:54:40,3.55,--,1,355,买盘
1580,09:54:35,3.55,0.01,39,13845,买盘
1581,09:54:15,3.54,-0.01,79,27966,卖盘
1582,09:54:11,3.55,--,282,100110,买盘
1583,09:54:06,3.55,0.01,142,50410,买盘
1584,09:53:56,3.54,--,259,91686,卖盘
1585,09:53:46,3.54,-0.01,103,36462,卖盘
1586,09:53:41,3.55,--,54,19170,买盘
1587,09:53:36,3.55,0.01,251,89105,买盘
1588,09:53:31,3.54,-0.01,154,54516,卖盘
1589,09:53:26,3.55,--,314,111470,买盘
1590,09:53:21,3.55,--,2,710,买盘
1591,09:53:01,3.55,0.01,12,4260,买盘
1592,09:52:51,3.54,--,563,199302,卖盘
1593,09:52:46,3.54,-0.01,80,28320,卖盘
1594,09:52:41,3.55,0.01,12,4260,买盘
1595,09:52:31,3.54,-0.01,55,19470,卖盘
1596,09:52:26,3.55,0.01,3,1065,买盘
1597,09:52:11,3.54,--,2,708,卖盘
1598,09:52:01,3.54,--,1,354,卖盘
1599,09:51:55,3.54,--,40,14160,卖盘
1600,09:51:45,3.54,-0.01,78,27612,卖盘
1601,09:51:39,3.55,0.01,300,106500,买盘
1602,09:51:31,3.54,-0.01,20,7080,卖盘
1603,09:51:25,3.55,0.01,10,3550,买盘
1604,09:51:10,3.54,-0.01,500,177000,卖盘
1605,09:51:00,3.55,0.01,186,66030,买盘
1606,09:50:55,3.54,-0.01,131,46374,卖盘
1607,09:50:45,3.55,0.01,115,40825,买盘
1608,09:50:40,3.54,-0.01,50,17700,卖盘
1609,09:50:31,3.55,--,276,97980,买盘
1610,09:50:25,3.55,--,6,2130,买盘
1611,09:50:16,3.55,0.01,39,13845,买盘
1612,09:50:10,3.54,-0.01,2010,711540,卖盘
1613,09:50:00,3.55,0.01,61,21655,买盘
1614,09:49:55,3.54,--,11,3894,卖盘
1615,09:49:46,3.54,--,78,27612,卖盘
1616,09:49:40,3.54,-0.01,2,708,卖盘
1617,09:49:25,3.55,--,109,38695,买盘
1618,09:49:20,3.55,0.01,21,7455,买盘
1619,09:49:09,3.54,--,1757,622066,买盘
1620,09:49:05,3.54,--,701,248154,买盘
1621,09:49:00,3.54,--,114,40356,买盘
1622,09:48:55,3.54,--,68,24072,买盘
1623,09:48:50,3.54,--,544,192576,买盘
1624,09:48:44,3.54,--,12,4248,买盘
1625,09:48:40,3.54,--,1105,391407,买盘
1626,09:48:35,3.54,--,5301,1876554,买盘
1627,09:48:30,3.54,--,228,80712,买盘
1628,09:48:25,3.54,--,28,9912,买盘
1629,09:48:20,3.54,--,396,140184,买盘
1630,09:48:14,3.54,--,155,54870,买盘
1631,09:48:10,3.54,--,46,16284,买盘
1632,09:48:05,3.54,--,738,261252,买盘
1633,09:47:55,3.54,0.01,146,51684,买盘
1634,09:47:50,3.53,-0.01,24,8472,卖盘
1635,09:47:45,3.54,--,147,52038,买盘
1636,09:47:39,3.54,--,143,50622,买盘
1637,09:47:35,3.54,--,200,70800,买盘
1638,09:47:29,3.54,0.01,85,30090,买盘
1639,09:47:25,3.53,--,110,38830,卖盘
1640,09:47:20,3.53,-0.01,90,31770,卖盘
1641,09:47:15,3.54,--,210,74340,买盘
1642,09:47:10,3.54,--,260,92040,买盘
1643,09:47:05,3.54,--,50,17700,买盘
1644,09:46:59,3.54,--,270,95580,买盘
1645,09:46:54,3.54,--,513,181602,买盘
1646,09:46:50,3.54,0.01,1214,429756,买盘
1647,09:46:44,3.53,-0.01,145,51185,卖盘
1648,09:46:40,3.54,0.01,259,91686,买盘
1649,09:46:35,3.53,-0.01,40,14120,卖盘
1650,09:46:30,3.54,0.01,50,17700,买盘
1651,09:46:25,3.53,--,15,5295,卖盘
1652,09:46:20,3.53,-0.01,1,353,卖盘
1653,09:46:14,3.54,--,206,72924,买盘
1654,09:46:10,3.54,0.01,24,8496,买盘
1655,09:46:05,3.53,-0.01,113,39889,卖盘
1656,09:46:00,3.54,--,87,30798,买盘
1657,09:45:55,3.54,0.01,9,3186,买盘
1658,09:45:50,3.53,-0.01,5,1765,卖盘
1659,09:45:44,3.54,--,588,208152,买盘
1660,09:45:40,3.54,--,123,43542,买盘
1661,09:45:35,3.54,--,389,137706,买盘
1662,09:45:30,3.54,--,39,13806,买盘
1663,09:45:20,3.54,--,538,190452,买盘
1664,09:45:10,3.54,--,10,3540,买盘
1665,09:45:05,3.54,--,47,16638,买盘
1666,09:45:00,3.54,0.01,50,17700,买盘
1667,09:44:55,3.53,--,124,43772,卖盘
1668,09:44:50,3.53,--,28,9884,卖盘
1669,09:44:44,3.53,--,194,68482,卖盘
1670,09:44:30,3.53,-0.01,2,706,卖盘
1671,09:44:25,3.54,--,26,9204,买盘
1672,09:44:15,3.54,--,6,2124,买盘
1673,09:44:04,3.54,--,1,354,买盘
1674,09:43:54,3.54,0.01,6,2124,买盘
1675,09:43:39,3.53,-0.01,1,353,卖盘
1676,09:43:30,3.54,0.01,28,9912,买盘
1677,09:43:10,3.53,--,161,56833,卖盘
1678,09:43:04,3.53,-0.01,998,352294,卖盘
1679,09:43:00,3.54,0.01,28,9912,买盘
1680,09:42:45,3.53,-0.01,111,39183,卖盘
1681,09:42:33,3.54,--,2691,952614,买盘
1682,09:42:30,3.54,--,142,50268,买盘
1683,09:42:24,3.54,0.01,130,46020,买盘
1684,09:42:19,3.53,-0.01,99,34947,卖盘
1685,09:41:59,3.54,--,35,12390,买盘
1686,09:41:54,3.54,--,298,105492,买盘
1687,09:41:49,3.54,--,46,16284,买盘
1688,09:41:44,3.54,0.01,288,101952,买盘
1689,09:41:34,3.53,-0.01,523,184619,卖盘
1690,09:41:24,3.54,--,368,130272,买盘
1691,09:41:19,3.54,--,101,35754,买盘
1692,09:41:14,3.54,--,19,6726,买盘
1693,09:41:09,3.54,--,1259,446036,买盘
1694,09:41:04,3.54,0.01,30,10620,买盘
1695,09:40:59,3.53,-0.01,1320,465960,卖盘
1696,09:40:49,3.54,0.01,32,11328,买盘
1697,09:40:44,3.53,--,683,241099,卖盘
1698,09:40:39,3.53,-0.01,1000,353000,卖盘
1699,09:40:34,3.54,--,89,31506,买盘
1700,09:40:29,3.54,--,99,35046,买盘
1701,09:40:24,3.54,--,339,120006,买盘
1702,09:40:14,3.54,0.01,319,112926,买盘
1703,09:39:59,3.53,--,128,45184,卖盘
1704,09:39:54,3.53,-0.01,2,706,卖盘
1705,09:39:49,3.54,0.01,109,38586,买盘
1706,09:39:44,3.53,-0.01,2308,814724,卖盘
1707,09:39:38,3.54,0.01,46,16284,买盘
1708,09:39:34,3.53,-0.01,2,706,卖盘
1709,09:39:29,3.54,0.01,200,70800,买盘
1710,09:39:24,3.53,-0.01,104,36712,卖盘
1711,09:39:19,3.54,--,130,46020,买盘
1712,09:39:14,3.54,--,10,3540,买盘
1713,09:39:08,3.54,--,100,35400,买盘
1714,09:39:04,3.54,--,555,196470,买盘
1715,09:38:59,3.54,--,819,289926,买盘
1716,09:38:48,3.54,--,241,85314,买盘
1717,09:38:43,3.54,--,438,155052,买盘
1718,09:38:33,3.54,--,219,77526,买盘
1719,09:38:29,3.54,--,389,137706,买盘
1720,09:38:24,3.54,--,12,4248,买盘
1721,09:38:19,3.54,0.01,211,74694,买盘
1722,09:38:14,3.53,-0.01,549,193797,卖盘
1723,09:38:09,3.54,--,20,7080,买盘
1724,09:38:04,3.54,--,194,68676,买盘
1725,09:37:59,3.54,--,151,53454,买盘
1726,09:37:53,3.54,--,1,354,买盘
1727,09:37:48,3.54,--,315,111510,买盘
1728,09:37:44,3.54,--,30,10620,买盘
1729,09:37:39,3.54,--,44,15576,买盘
1730,09:37:33,3.54,0.01,1098,388692,买盘
1731,09:37:29,3.53,-0.01,705,248865,卖盘
1732,09:37:19,3.54,--,175,61950,买盘
1733,09:37:13,3.54,--,62,21948,买盘
1734,09:37:03,3.54,--,55,19470,买盘
1735,09:36:58,3.54,0.01,65,23010,买盘
1736,09:36:49,3.53,-0.01,148,52244,卖盘
1737,09:36:43,3.54,--,4,1416,买盘
1738,09:36:39,3.54,--,54,19116,买盘
1739,09:36:34,3.54,--,84,29736,买盘
1740,09:36:28,3.54,--,290,102660,买盘
1741,09:36:24,3.54,--,105,37170,买盘
1742,09:36:19,3.54,0.01,909,321786,买盘
1743,09:36:13,3.53,-0.01,674,237922,卖盘
1744,09:36:08,3.54,--,163,57702,买盘
1745,09:36:04,3.54,--,360,127440,买盘
1746,09:35:58,3.54,--,262,92748,买盘
1747,09:35:54,3.54,0.01,268,94872,买盘
1748,09:35:48,3.53,-0.01,207,73071,卖盘
1749,09:35:43,3.54,--,172,60888,买盘
1750,09:35:39,3.54,--,2787,986598,买盘
1751,09:35:33,3.54,--,65,23010,买盘
1752,09:35:24,3.54,--,10,3540,买盘
1753,09:35:12,3.54,--,87,30798,买盘
1754,09:35:09,3.54,--,92,32568,买盘
1755,09:34:58,3.54,--,24,8496,买盘
1756,09:34:53,3.54,--,210,74340,买盘
1757,09:34:48,3.54,--,101,35754,买盘
1758,09:34:43,3.54,--,1928,682512,卖盘
1759,09:34:28,3.54,--,50,17700,卖盘
1760,09:34:22,3.54,--,3264,1155456,买盘
1761,09:34:18,3.54,--,100,35400,买盘
1762,09:34:12,3.54,--,141,49914,买盘
1763,09:34:08,3.54,--,1337,473298,买盘
1764,09:33:58,3.54,--,172,60888,买盘
1765,09:33:53,3.54,--,147,52038,买盘
1766,09:33:48,3.54,--,579,204966,买盘
1767,09:33:42,3.54,--,643,227699,买盘
1768,09:33:38,3.54,0.01,51,18054,买盘
1769,09:33:33,3.53,-0.01,446,157438,卖盘
1770,09:33:28,3.54,--,757,267978,买盘
1771,09:33:23,3.54,--,493,174522,买盘
1772,09:33:18,3.54,--,84,29736,买盘
1773,09:33:13,3.54,--,4813,1703802,买盘
1774,09:33:08,3.54,--,2042,722868,买盘
1775,09:33:02,3.54,--,83,29382,买盘
1776,09:32:57,3.54,0.01,73,25842,买盘
1777,09:32:53,3.53,-0.01,22,7766,卖盘
1778,09:32:47,3.54,--,199,70446,买盘
1779,09:32:43,3.54,--,38,13452,买盘
1780,09:32:38,3.54,--,3556,1258824,买盘
1781,09:32:32,3.54,--,2008,710832,买盘
1782,09:32:28,3.54,0.01,245,86730,买盘
1783,09:32:23,3.53,-0.01,1435,506555,卖盘
1784,09:32:18,3.54,0.01,314,111156,买盘
1785,09:32:13,3.53,--,20,7060,卖盘
1786,09:32:07,3.53,--,109,38477,卖盘
1787,09:31:58,3.53,-0.01,50,17650,卖盘
1788,09:31:53,3.54,0.01,10,3540,买盘
1789,09:31:47,3.53,--,1,353,卖盘
1790,09:31:43,3.53,--,60,21180,卖盘
1791,09:31:38,3.53,-0.01,1534,541502,卖盘
1792,09:31:33,3.54,--,113,40002,买盘
1793,09:31:28,3.54,0.01,100,35400,买盘
1794,09:31:23,3.53,-0.01,634,223802,卖盘
1795,09:31:12,3.54,--,8,2832,买盘
1796,09:31:08,3.54,0.01,14,4956,买盘
1797,09:30:58,3.53,--,105,37065,卖盘
1798,09:30:53,3.53,-0.01,23,8119,卖盘
1799,09:30:43,3.54,0.01,8,2832,买盘
1800,09:30:38,3.53,--,56,19768,卖盘
1801,09:30:33,3.53,-0.01,458,161674,卖盘
1802,09:30:28,3.54,--,106,37524,买盘
1803,09:30:23,3.54,--,58,20532,买盘
1804,09:30:18,3.54,0.01,46,16284,买盘
1805,09:30:12,3.53,--,120,42360,卖盘
1806,09:30:08,3.53,--,1819,642107,卖盘
1807,09:28:51,3.53,--,0,0,卖盘
1808,09:25:03,3.53,3.53,3138,1107714,买盘
