,time,price,change,volume,amount,type
0,15:00:00,4.47,--,0,0,买盘
1,15:00:00,4.47,--,0,0,买盘
2,14:59:58,4.47,0.01,40,17880,买盘
3,14:59:48,4.46,--,150,66900,卖盘
4,14:59:43,4.46,-0.01,307,136922,卖盘
5,14:59:39,4.47,--,13,5811,买盘
6,14:59:33,4.47,--,136,60792,买盘
7,14:59:28,4.47,--,10,4470,买盘
8,14:59:24,4.47,--,70,31290,买盘
9,14:59:18,4.47,--,604,269988,买盘
10,14:59:09,4.47,--,210,93870,买盘
11,14:59:03,4.47,--,196,87612,买盘
12,14:58:58,4.47,0.01,28,12516,买盘
13,14:58:54,4.46,--,5,2230,卖盘
14,14:58:48,4.46,--,117,52182,卖盘
15,14:58:43,4.46,--,10,4460,卖盘
16,14:58:39,4.46,-0.01,50,22300,卖盘
17,14:58:33,4.47,--,20,8940,买盘
18,14:58:28,4.47,--,12,5364,买盘
19,14:58:24,4.47,--,10,4470,买盘
20,14:58:18,4.47,--,22,9834,买盘
21,14:58:13,4.47,0.01,126,56322,买盘
22,14:58:03,4.46,-0.01,58,25868,卖盘
23,14:57:58,4.47,--,169,75543,买盘
24,14:57:54,4.47,0.01,12,5364,买盘
25,14:57:48,4.46,-0.01,99,44154,卖盘
26,14:57:43,4.47,--,33,14751,买盘
27,14:57:39,4.47,--,331,147957,买盘
28,14:57:33,4.47,0.01,57,25479,买盘
29,14:57:23,4.46,--,47,20962,卖盘
30,14:57:18,4.46,--,33,14718,卖盘
31,14:57:13,4.46,--,34,15164,卖盘
32,14:57:08,4.46,-0.01,130,57980,卖盘
33,14:56:48,4.47,--,17,7599,买盘
34,14:56:43,4.47,--,22,9834,买盘
35,14:56:38,4.47,0.01,20,8940,买盘
36,14:56:33,4.46,-0.01,619,276074,卖盘
37,14:56:28,4.47,--,9,4023,卖盘
38,14:56:23,4.47,-0.01,3,1341,卖盘
39,14:56:18,4.48,0.01,11,4928,买盘
40,14:56:13,4.47,--,5,2235,买盘
41,14:56:08,4.47,0.01,21,9387,买盘
42,14:56:03,4.46,-0.01,61,27206,卖盘
43,14:55:58,4.47,-0.01,40,17880,卖盘
44,14:55:53,4.48,0.01,99,44352,买盘
45,14:55:48,4.47,--,24,10728,卖盘
46,14:55:43,4.47,--,22,9834,卖盘
47,14:55:38,4.47,-0.01,63,28161,卖盘
48,14:55:33,4.48,0.01,12,5376,买盘
49,14:55:28,4.47,--,60,26820,卖盘
50,14:55:23,4.47,-0.01,15,6705,卖盘
51,14:55:18,4.48,--,247,110656,买盘
52,14:55:13,4.48,--,100,44800,买盘
53,14:55:03,4.48,--,35,15680,买盘
54,14:54:53,4.48,--,370,165760,买盘
55,14:54:48,4.48,--,34,15478,卖盘
56,14:54:38,4.48,--,553,247744,买盘
57,14:54:33,4.48,0.01,111,49728,买盘
58,14:54:28,4.47,-0.01,5,2235,卖盘
59,14:54:23,4.48,--,284,127232,买盘
60,14:54:18,4.48,0.01,39,17472,买盘
61,14:54:12,4.47,-0.01,61,27267,中性盘
62,14:54:08,4.48,0.01,553,247744,买盘
63,14:54:03,4.47,--,1163,519861,买盘
64,14:53:58,4.47,0.01,33,14751,买盘
65,14:53:53,4.46,-0.01,38,16948,卖盘
66,14:53:48,4.47,0.01,55,24585,买盘
67,14:53:38,4.46,--,20,9147,卖盘
68,14:53:33,4.46,-0.01,80,35680,卖盘
69,14:53:27,4.47,--,83,37101,买盘
70,14:53:22,4.47,--,21,9387,买盘
71,14:53:18,4.47,0.01,56,25032,买盘
72,14:53:03,4.46,0.01,1230,548691,买盘
73,14:52:57,4.45,--,445,198025,卖盘
74,14:52:52,4.45,--,1252,557140,买盘
75,14:52:48,4.45,--,14,6230,买盘
76,14:52:42,4.45,0.01,12,5340,买盘
77,14:52:33,4.44,--,118,52392,买盘
78,14:52:27,4.44,--,269,119436,买盘
79,14:52:22,4.44,--,50,22200,买盘
80,14:52:18,4.44,0.01,1107,491508,买盘
81,14:52:12,4.43,-0.01,15,6645,卖盘
82,14:52:07,4.44,--,12,5328,买盘
83,14:51:48,4.44,--,14,6216,买盘
84,14:51:33,4.44,--,12,5328,买盘
85,14:51:22,4.44,--,104,46176,买盘
86,14:51:18,4.44,--,316,140304,买盘
87,14:50:57,4.44,--,14,6216,买盘
88,14:50:48,4.44,0.01,7,3108,买盘
89,14:50:32,4.43,-0.01,17,7530,卖盘
90,14:50:27,4.44,--,12,5328,买盘
91,14:50:22,4.44,0.01,5,2220,买盘
92,14:50:17,4.43,-0.01,50,22150,卖盘
93,14:50:12,4.44,0.01,12,5328,买盘
94,14:50:07,4.43,--,482,213526,卖盘
95,14:50:02,4.43,--,1454,644511,买盘
96,14:49:47,4.43,0.01,228,101004,买盘
97,14:49:22,4.42,-0.01,5,2210,卖盘
98,14:49:17,4.43,0.01,17,7530,买盘
99,14:49:12,4.42,-0.01,13,5746,卖盘
100,14:49:07,4.43,0.01,12,5316,买盘
101,14:48:57,4.42,-0.01,8,3536,卖盘
102,14:48:47,4.43,--,6,2658,买盘
103,14:48:42,4.43,0.01,12,5316,买盘
104,14:48:32,4.42,--,467,206414,买盘
105,14:48:17,4.42,--,4,1768,买盘
106,14:48:07,4.42,0.01,12,5304,买盘
107,14:48:02,4.41,--,52,22932,卖盘
108,14:47:57,4.41,-0.01,36,15876,卖盘
109,14:47:52,4.42,--,1,442,买盘
110,14:47:47,4.42,--,9,3978,买盘
111,14:47:42,4.42,--,1,442,买盘
112,14:47:32,4.42,--,49,21658,买盘
113,14:47:17,4.42,--,6,2652,买盘
114,14:47:06,4.42,0.01,50,22100,买盘
115,14:47:02,4.41,-0.01,7,3087,卖盘
116,14:46:57,4.42,--,24,10608,买盘
117,14:46:46,4.42,--,18,7956,买盘
118,14:46:21,4.42,0.01,36,15912,买盘
119,14:46:01,4.41,-0.01,48,21168,卖盘
120,14:45:51,4.42,0.01,15,6630,买盘
121,14:45:21,4.41,--,212,93492,卖盘
122,14:44:57,4.41,--,10,4410,卖盘
123,14:44:51,4.41,-0.01,13,5733,卖盘
124,14:44:46,4.42,--,72,31824,买盘
125,14:44:21,4.42,--,18,7956,买盘
126,14:44:11,4.42,-0.01,186,82212,卖盘
127,14:44:06,4.43,--,1,443,买盘
128,14:44:01,4.43,0.01,78,34554,买盘
129,14:43:51,4.42,-0.01,224,99008,卖盘
130,14:43:46,4.43,--,1,443,买盘
131,14:43:41,4.43,0.01,2,886,买盘
132,14:43:36,4.42,--,74,32708,卖盘
133,14:43:26,4.42,--,15,6630,卖盘
134,14:43:21,4.42,--,15,6630,卖盘
135,14:43:06,4.42,--,62,27404,卖盘
136,14:42:56,4.42,--,12,5304,卖盘
137,14:42:51,4.42,--,511,225862,卖盘
138,14:42:21,4.42,-0.01,13,5746,卖盘
139,14:42:11,4.43,0.01,1,443,买盘
140,14:42:06,4.42,--,9,3978,卖盘
141,14:41:56,4.42,--,0,362,卖盘
142,14:41:51,4.42,-0.01,13,5746,卖盘
143,14:41:46,4.43,0.01,4,1772,买盘
144,14:41:41,4.42,--,5,2210,卖盘
145,14:41:36,4.42,--,8,3536,卖盘
146,14:41:21,4.42,--,55,24310,卖盘
147,14:41:11,4.42,--,200,88400,卖盘
148,14:41:06,4.42,--,1,442,卖盘
149,14:41:00,4.42,-0.01,5,2210,卖盘
150,14:40:36,4.43,0.01,13,5759,买盘
151,14:40:30,4.42,-0.01,1,442,卖盘
152,14:40:21,4.43,0.01,2,886,买盘
153,14:40:11,4.42,-0.01,1,442,卖盘
154,14:39:56,4.43,0.01,25,11075,买盘
155,14:39:51,4.42,--,11,4862,卖盘
156,14:39:36,4.42,-0.01,34,15028,卖盘
157,14:39:26,4.43,0.01,15,6645,买盘
158,14:39:00,4.42,--,2,884,卖盘
159,14:38:40,4.42,--,40,17680,卖盘
160,14:38:30,4.42,-0.01,4,1768,卖盘
161,14:38:15,4.43,0.01,20,8860,买盘
162,14:37:55,4.42,--,50,22321,卖盘
163,14:37:45,4.42,--,16,7072,卖盘
164,14:37:30,4.42,--,14,6188,卖盘
165,14:37:15,4.42,--,50,22321,卖盘
166,14:37:10,4.42,-0.01,15,6630,卖盘
167,14:37:05,4.43,0.01,1,443,买盘
168,14:37:00,4.42,--,50,22329,卖盘
169,14:36:35,4.42,-0.01,11,4862,卖盘
170,14:36:15,4.43,--,17,7530,买盘
171,14:36:05,4.43,--,69,30566,卖盘
172,14:36:00,4.43,--,85,37655,买盘
173,14:35:50,4.43,--,353,156379,卖盘
174,14:35:40,4.43,--,7,3101,买盘
175,14:35:35,4.43,--,793,351299,卖盘
176,14:35:30,4.43,--,5,2215,卖盘
177,14:35:20,4.43,--,1,443,卖盘
178,14:35:10,4.43,-0.01,32,14176,卖盘
179,14:34:45,4.44,--,0,0,买盘
180,14:34:40,4.44,0.01,146,64824,买盘
181,14:34:35,4.43,--,129,57146,卖盘
182,14:34:30,4.43,--,21,9303,卖盘
183,14:34:25,4.43,--,5,2215,卖盘
184,14:34:20,4.43,0.01,31,13733,买盘
185,14:34:10,4.42,--,3,1326,卖盘
186,14:34:05,4.42,--,30,13260,卖盘
187,14:33:55,4.42,-0.01,7,3094,卖盘
188,14:33:39,4.43,--,11,4873,买盘
189,14:33:09,4.43,0.01,4,1772,买盘
190,14:32:59,4.42,-0.01,37,16354,卖盘
191,14:32:29,4.43,--,10,4430,买盘
192,14:32:05,4.43,--,10,4430,买盘
193,14:32:00,4.43,--,108,47844,买盘
194,14:31:50,4.43,--,26,11518,买盘
195,14:31:45,4.43,0.01,100,44300,买盘
196,14:31:24,4.42,--,1,442,卖盘
197,14:31:09,4.42,--,151,66742,卖盘
198,14:31:00,4.42,-0.01,4,1768,卖盘
199,14:30:54,4.43,--,23,10189,买盘
200,14:30:44,4.43,--,2,886,买盘
201,14:30:38,4.43,--,1,443,买盘
202,14:30:29,4.43,--,6,2658,买盘
203,14:30:24,4.43,0.01,11,4873,买盘
204,14:30:19,4.42,-0.01,11,4862,卖盘
205,14:30:14,4.43,0.01,2,886,买盘
206,14:30:04,4.42,--,35,15470,卖盘
207,14:29:59,4.42,0.01,551,243542,买盘
208,14:29:49,4.41,-0.01,27,11907,卖盘
209,14:29:44,4.42,0.01,1,442,买盘
210,14:29:29,4.41,-0.01,8,3528,卖盘
211,14:29:09,4.42,--,3,1326,买盘
212,14:28:59,4.42,0.01,34,15028,买盘
213,14:28:54,4.41,-0.01,1,441,卖盘
214,14:27:29,4.42,0.01,58,25636,买盘
215,14:27:14,4.41,--,1,441,卖盘
216,14:27:09,4.41,-0.01,1,441,卖盘
217,14:26:59,4.42,0.01,64,28288,买盘
218,14:26:54,4.41,--,2,882,卖盘
219,14:26:47,4.41,--,2,882,卖盘
220,14:26:38,4.41,--,2,882,卖盘
221,14:26:23,4.41,--,2,882,卖盘
222,14:26:14,4.41,-0.01,2,882,卖盘
223,14:26:08,4.42,--,24,10608,买盘
224,14:25:59,4.42,0.01,32,14144,买盘
225,14:25:54,4.41,--,11,4851,卖盘
226,14:25:38,4.41,--,2,882,卖盘
227,14:25:28,4.41,--,16,7056,卖盘
228,14:25:23,4.41,--,5,2205,卖盘
229,14:25:14,4.41,--,25,11025,卖盘
230,14:25:08,4.41,-0.01,62,27342,卖盘
231,14:24:58,4.42,0.01,4,1768,买盘
232,14:24:53,4.41,--,2,882,卖盘
233,14:24:38,4.41,--,2,882,卖盘
234,14:24:32,4.41,--,2,882,卖盘
235,14:24:23,4.41,--,4,1764,卖盘
236,14:24:17,4.41,--,2,882,卖盘
237,14:24:13,4.41,--,20,8820,卖盘
238,14:24:08,4.41,--,29,12789,卖盘
239,14:23:53,4.41,--,2,882,卖盘
240,14:23:47,4.41,--,3,1323,卖盘
241,14:23:32,4.41,-0.01,2,882,卖盘
242,14:23:28,4.42,0.01,6,2652,买盘
243,14:23:23,4.41,--,2,882,卖盘
244,14:23:17,4.41,--,2,882,卖盘
245,14:23:08,4.41,--,25,11025,卖盘
246,14:23:02,4.41,--,12,5292,卖盘
247,14:22:47,4.41,--,2,882,卖盘
248,14:22:43,4.41,-0.01,2,882,卖盘
249,14:22:38,4.42,--,1,442,买盘
250,14:22:32,4.42,--,4,1768,买盘
251,14:22:23,4.42,0.01,39,17238,买盘
252,14:22:08,4.41,-0.01,11,4851,卖盘
253,14:22:02,4.42,0.01,2,884,卖盘
254,14:21:53,4.41,--,0,0,卖盘
255,14:21:43,4.41,--,2,882,卖盘
256,14:21:38,4.41,--,2,882,卖盘
257,14:21:32,4.41,--,0,0,卖盘
258,14:21:23,4.41,-0.02,2,882,卖盘
259,14:21:12,4.43,0.02,26,11518,买盘
260,14:21:08,4.41,--,1,441,卖盘
261,14:21:02,4.41,--,30,13230,卖盘
262,14:20:56,4.41,--,140,61740,卖盘
263,14:20:53,4.41,--,32,14112,卖盘
264,14:20:38,4.41,-0.01,2,882,卖盘
265,14:20:32,4.42,--,4,1944,卖盘
266,14:20:23,4.42,--,5,2210,卖盘
267,14:20:17,4.42,--,2,884,卖盘
268,14:20:11,4.42,0.01,12,5569,买盘
269,14:20:02,4.41,--,4,1764,卖盘
270,14:19:38,4.41,--,15,6615,卖盘
271,14:19:23,4.41,-0.01,2,882,卖盘
272,14:19:17,4.42,0.01,24,10608,买盘
273,14:19:07,4.41,-0.01,2,882,卖盘
274,14:19:02,4.42,--,13,5922,卖盘
275,14:18:53,4.42,0.01,7,3359,买盘
276,14:18:47,4.41,-0.01,3,1323,卖盘
277,14:18:41,4.42,0.01,4,1768,买盘
278,14:18:37,4.41,-0.01,2,882,卖盘
279,14:18:32,4.42,--,10,4596,卖盘
280,14:18:26,4.42,--,2,884,卖盘
281,14:18:17,4.42,--,2,884,卖盘
282,14:18:11,4.42,0.01,3,1591,买盘
283,14:18:07,4.41,--,4,1764,卖盘
284,14:17:53,4.41,--,3,1323,卖盘
285,14:17:41,4.41,-0.01,2,882,卖盘
286,14:17:37,4.42,--,100,44200,买盘
287,14:17:32,4.42,--,3,1326,买盘
288,14:17:26,4.42,0.01,54,23868,买盘
289,14:17:22,4.41,-0.01,2,882,卖盘
290,14:17:07,4.42,0.01,27,11934,买盘
291,14:17:02,4.41,--,2,882,卖盘
292,14:16:52,4.41,--,2,882,卖盘
293,14:16:37,4.41,-0.01,2,882,卖盘
294,14:16:26,4.42,0.01,24,10608,买盘
295,14:16:17,4.41,-0.01,32,14112,卖盘
296,14:16:11,4.42,0.01,30,13260,买盘
297,14:16:07,4.41,--,18,7938,卖盘
298,14:16:02,4.41,--,2,882,卖盘
299,14:15:47,4.41,--,3,1323,卖盘
300,14:15:37,4.41,--,2,882,卖盘
301,14:15:26,4.41,--,10,4410,卖盘
302,14:15:16,4.41,0.01,1,493,买盘
303,14:15:11,4.4,--,2,880,卖盘
304,14:15:07,4.4,--,2,880,卖盘
305,14:15:01,4.4,-0.01,12,5280,卖盘
306,14:14:56,4.41,0.01,20,8820,买盘
307,14:14:46,4.4,--,127,55880,卖盘
308,14:14:41,4.4,--,2,880,卖盘
309,14:14:26,4.4,-0.01,77,33880,卖盘
310,14:14:21,4.41,0.01,23,10143,买盘
311,14:14:17,4.4,--,2,880,卖盘
312,14:14:11,4.4,-0.01,280,123200,卖盘
313,14:14:05,4.41,0.01,12,5292,买盘
314,14:14:01,4.4,--,2,880,卖盘
315,14:13:56,4.4,--,32,14080,卖盘
316,14:13:46,4.4,--,2,880,卖盘
317,14:13:31,4.4,-0.01,2,880,卖盘
318,14:13:26,4.41,0.01,24,10584,买盘
319,14:13:20,4.4,-0.01,2,880,卖盘
320,14:13:16,4.41,--,40,18028,卖盘
321,14:13:11,4.41,--,2,882,卖盘
322,14:13:01,4.41,--,110,48510,卖盘
323,14:12:56,4.41,--,3,1323,卖盘
324,14:12:46,4.41,--,2,882,卖盘
325,14:12:41,4.41,--,7,3087,卖盘
326,14:12:35,4.41,--,2,882,卖盘
327,14:12:31,4.41,--,2,882,卖盘
328,14:12:16,4.41,--,2,882,卖盘
329,14:12:05,4.41,-0.01,2,882,卖盘
330,14:12:01,4.42,--,5,2210,买盘
331,14:11:26,4.42,0.01,24,10608,买盘
332,14:10:41,4.41,-0.01,10,4410,卖盘
333,14:10:31,4.42,0.01,24,10608,买盘
334,14:10:26,4.41,-0.01,300,132300,卖盘
335,14:09:31,4.42,0.01,23,10166,买盘
336,14:09:05,4.41,-0.01,2,882,卖盘
337,14:08:35,4.42,0.01,24,10608,买盘
338,14:08:31,4.41,-0.01,10,4410,卖盘
339,14:08:26,4.42,0.01,3,1326,买盘
340,14:07:50,4.41,--,1,441,卖盘
341,14:07:40,4.41,--,34,14994,卖盘
342,14:06:55,4.41,--,39,17251,买盘
343,14:06:35,4.41,0.01,23,10143,买盘
344,14:06:25,4.4,--,2,880,卖盘
345,14:06:05,4.4,-0.01,2,880,卖盘
346,14:05:59,4.41,0.01,44,19404,买盘
347,14:05:55,4.4,-0.01,2,880,卖盘
348,14:05:40,4.41,--,6,2646,买盘
349,14:05:35,4.41,0.01,44,19404,买盘
350,14:05:20,4.4,--,51,22440,卖盘
351,14:05:05,4.4,-0.01,50,22000,卖盘
352,14:04:59,4.41,0.01,10,4410,买盘
353,14:04:50,4.4,-0.01,36,15840,卖盘
354,14:04:44,4.41,--,20,8820,买盘
355,14:04:40,4.41,--,73,32193,买盘
356,14:04:35,4.41,--,30,13230,买盘
357,14:04:05,4.41,0.01,1,441,买盘
358,14:03:59,4.4,-0.01,15,6600,卖盘
359,14:03:50,4.41,0.01,20,8820,买盘
360,14:03:40,4.4,--,79,34760,卖盘
361,14:03:20,4.4,--,33,14520,卖盘
362,14:03:14,4.4,--,102,44880,卖盘
363,14:03:10,4.4,--,25,11000,卖盘
364,14:03:05,4.4,--,2,880,卖盘
365,14:02:55,4.4,--,50,22000,卖盘
366,14:02:50,4.4,-0.01,50,22000,卖盘
367,14:02:40,4.41,--,39,17199,买盘
368,14:02:35,4.41,--,42,18910,卖盘
369,14:02:29,4.41,--,200,88200,卖盘
370,14:02:20,4.41,--,800,352852,卖盘
371,14:01:50,4.41,-0.01,256,112896,卖盘
372,14:01:44,4.42,--,23,10166,买盘
373,14:01:40,4.42,--,57,25370,卖盘
374,14:01:35,4.42,--,40,17680,卖盘
375,14:01:25,4.42,--,20,8840,卖盘
376,14:01:20,4.42,--,705,311610,卖盘
377,14:01:14,4.42,--,138,60996,卖盘
378,14:01:05,4.42,--,200,88400,卖盘
379,14:00:53,4.42,--,107,47294,卖盘
380,14:00:49,4.42,-0.01,6,2652,卖盘
381,14:00:44,4.43,0.01,44,19492,买盘
382,14:00:35,4.42,--,93,41106,卖盘
383,14:00:29,4.42,--,24,10608,卖盘
384,14:00:14,4.42,--,17,7779,卖盘
385,14:00:04,4.42,-0.01,9,3978,卖盘
386,13:59:44,4.43,--,3,1426,卖盘
387,13:59:38,4.43,--,110,48730,卖盘
388,13:59:34,4.43,--,92,40756,卖盘
389,13:59:29,4.43,--,116,51388,卖盘
390,13:59:19,4.43,--,160,70880,卖盘
391,13:59:14,4.43,--,3,1329,卖盘
392,13:59:08,4.43,--,20,8860,卖盘
393,13:58:59,4.43,--,5,2215,卖盘
394,13:58:53,4.43,--,36,15947,卖盘
395,13:58:49,4.43,--,7,3101,卖盘
396,13:58:44,4.43,--,44,19492,卖盘
397,13:58:38,4.43,--,130,57589,卖盘
398,13:58:14,4.43,--,3,1329,卖盘
399,13:57:44,4.43,--,17,7530,卖盘
400,13:57:04,4.43,-0.01,2,886,卖盘
401,13:56:23,4.44,--,202,89688,买盘
402,13:56:14,4.44,0.01,149,66156,买盘
403,13:55:23,4.43,--,100,44300,卖盘
404,13:55:19,4.43,--,3,1329,卖盘
405,13:55:04,4.43,--,25,11075,卖盘
406,13:54:59,4.43,--,55,24754,卖盘
407,13:54:38,4.43,--,907,402199,买盘
408,13:54:32,4.43,0.01,10,4430,买盘
409,13:54:08,4.42,--,141,62322,卖盘
410,13:53:44,4.42,--,100,44200,卖盘
411,13:53:13,4.42,--,7,3094,卖盘
412,13:52:58,4.42,-0.01,10,4420,卖盘
413,13:52:38,4.43,0.01,2,886,买盘
414,13:52:23,4.42,--,103,45526,卖盘
415,13:52:17,4.42,--,10,4420,卖盘
416,13:51:28,4.42,-0.01,24,10608,卖盘
417,13:51:17,4.43,0.01,7,3101,买盘
418,13:51:08,4.42,-0.01,2,884,卖盘
419,13:50:53,4.43,--,192,85056,买盘
420,13:49:58,4.43,0.01,2,886,买盘
421,13:49:53,4.42,--,30,13260,卖盘
422,13:49:38,4.42,--,10,4420,卖盘
423,13:48:53,4.42,--,239,105638,买盘
424,13:48:17,4.42,0.01,38,16796,买盘
425,13:48:08,4.41,-0.01,9,3969,卖盘
426,13:47:58,4.42,0.01,50,22100,买盘
427,13:47:53,4.41,-0.01,10,4410,卖盘
428,13:47:38,4.42,--,164,72488,买盘
429,13:46:26,4.42,0.01,10,4420,买盘
430,13:45:08,4.41,-0.01,2,882,卖盘
431,13:44:32,4.42,0.01,1,442,买盘
432,13:44:26,4.41,-0.01,40,17640,卖盘
433,13:44:22,4.42,-0.01,105,46432,卖盘
434,13:43:52,4.43,0.01,207,91701,买盘
435,13:42:52,4.42,--,10,4420,卖盘
436,13:42:41,4.42,--,10,4420,卖盘
437,13:42:37,4.42,-0.01,47,20774,卖盘
438,13:42:32,4.43,0.01,2,886,买盘
439,13:42:17,4.42,--,117,51714,卖盘
440,13:42:07,4.42,-0.01,2,884,卖盘
441,13:42:02,4.43,0.01,1,443,买盘
442,13:41:52,4.42,--,276,121992,卖盘
443,13:41:47,4.42,-0.01,3,1326,卖盘
444,13:41:32,4.43,--,50,22150,买盘
445,13:40:32,4.43,--,1117,494830,卖盘
446,13:40:22,4.43,--,353,156379,卖盘
447,13:40:17,4.43,--,98,43414,卖盘
448,13:40:02,4.43,--,427,189161,卖盘
449,13:39:50,4.43,--,7,3101,卖盘
450,13:39:16,4.43,--,9,3986,卖盘
451,13:39:05,4.43,--,2,886,卖盘
452,13:39:02,4.43,--,14,6202,卖盘
453,13:38:56,4.43,--,83,36769,卖盘
454,13:38:46,4.43,--,368,163024,卖盘
455,13:38:20,4.43,-0.01,7,3101,卖盘
456,13:38:11,4.44,0.01,124,55056,买盘
457,13:37:41,4.43,-0.01,9,3986,卖盘
458,13:36:41,4.44,--,22,9768,买盘
459,13:36:05,4.44,--,52,23088,买盘
460,13:36:01,4.44,--,2,888,买盘
461,13:35:31,4.44,--,1,444,买盘
462,13:35:16,4.44,--,28,12432,买盘
463,13:35:01,4.44,--,101,44844,卖盘
464,13:34:55,4.44,--,25,11100,卖盘
465,13:34:50,4.44,--,200,88800,卖盘
466,13:34:46,4.44,--,5,2220,卖盘
467,13:34:31,4.44,--,14,6216,卖盘
468,13:34:25,4.44,--,5,2220,卖盘
469,13:34:16,4.44,--,2,888,卖盘
470,13:34:01,4.44,--,1,444,卖盘
471,13:33:55,4.44,--,104,46176,买盘
472,13:33:31,4.44,--,157,69708,卖盘
473,13:33:25,4.44,--,20,8880,卖盘
474,13:33:16,4.44,--,20,8880,卖盘
475,13:33:10,4.44,--,5,2220,卖盘
476,13:33:05,4.44,--,53,23532,卖盘
477,13:32:55,4.44,--,44,19536,卖盘
478,13:32:25,4.44,-0.01,5,2220,卖盘
479,13:32:20,4.45,0.01,282,125490,买盘
480,13:32:10,4.44,--,6,2664,卖盘
481,13:32:05,4.44,--,32,14208,买盘
482,13:31:50,4.44,--,71,31524,卖盘
483,13:31:40,4.44,--,8,3552,买盘
484,13:31:35,4.44,--,120,53280,买盘
485,13:31:14,4.44,--,120,53280,买盘
486,13:30:20,4.44,--,11,4884,买盘
487,13:30:10,4.44,0.01,16,7104,买盘
488,13:30:05,4.43,-0.01,2,886,卖盘
489,13:29:50,4.44,0.01,90,39960,买盘
490,13:29:35,4.43,-0.01,12,5316,卖盘
491,13:28:55,4.44,--,926,411144,买盘
492,13:28:50,4.44,--,3,1332,买盘
493,13:28:34,4.44,--,2,888,买盘
494,13:28:20,4.44,--,28,12432,买盘
495,13:27:49,4.44,0.01,40,17760,买盘
496,13:27:44,4.43,--,10,4430,卖盘
497,13:27:40,4.43,--,20,8860,卖盘
498,13:27:04,4.43,--,2,886,卖盘
499,13:26:49,4.43,--,1,443,卖盘
500,13:26:40,4.43,--,50,22150,卖盘
501,13:26:34,4.43,-0.01,100,44300,卖盘
502,13:26:25,4.44,0.01,191,84804,买盘
503,13:26:09,4.43,--,2,886,卖盘
504,13:25:34,4.43,--,50,22150,卖盘
505,13:25:04,4.43,--,155,68665,卖盘
506,13:24:59,4.43,--,665,294595,买盘
507,13:24:44,4.43,--,3,1329,买盘
508,13:24:34,4.43,0.01,24,10632,买盘
509,13:24:04,4.42,--,11,4862,卖盘
510,13:23:19,4.42,--,5,2210,卖盘
511,13:23:08,4.42,--,21,9282,卖盘
512,13:22:59,4.42,--,60,26520,卖盘
513,13:22:44,4.42,--,48,21216,卖盘
514,13:22:34,4.42,--,30,13260,卖盘
515,13:22:19,4.42,--,4,1768,卖盘
516,13:22:13,4.42,--,40,17680,卖盘
517,13:21:14,4.42,-0.01,3,1326,卖盘
518,13:21:08,4.43,0.01,13,5759,买盘
519,13:21:03,4.42,--,2,884,卖盘
520,13:20:48,4.42,-0.01,8,3536,卖盘
521,13:20:03,4.43,0.01,11,4873,买盘
522,13:19:18,4.42,-0.01,5,2210,卖盘
523,13:18:23,4.43,--,1,443,买盘
524,13:18:13,4.43,0.01,10,4430,买盘
525,13:18:03,4.42,--,2,884,卖盘
526,13:16:23,4.42,-0.01,5,2210,卖盘
527,13:15:58,4.43,0.01,225,99675,买盘
528,13:15:08,4.42,--,4,1768,卖盘
529,13:14:13,4.42,-0.01,10,4420,卖盘
530,13:13:57,4.43,0.01,5,2215,买盘
531,13:12:52,4.42,--,1,442,卖盘
532,13:12:22,4.42,-0.01,100,44200,卖盘
533,13:12:17,4.43,0.01,196,86828,买盘
534,13:12:07,4.42,-0.01,2,884,卖盘
535,13:11:42,4.43,--,19,8417,买盘
536,13:11:22,4.43,--,1,443,买盘
537,13:10:47,4.43,0.01,1,443,买盘
538,13:10:42,4.42,--,200,88400,卖盘
539,13:10:17,4.42,--,20,8840,卖盘
540,13:09:22,4.42,--,10,4420,卖盘
541,13:09:07,4.42,-0.01,2,884,卖盘
542,13:08:52,4.43,--,245,108535,买盘
543,13:08:22,4.43,--,2,886,买盘
544,13:07:16,4.43,--,3,1329,买盘
545,13:07:01,4.43,0.01,2,886,买盘
546,13:06:21,4.42,--,5,2210,卖盘
547,13:06:16,4.42,--,64,28288,卖盘
548,13:06:06,4.42,-0.01,6,2652,卖盘
549,13:05:41,4.43,--,50,22150,买盘
550,13:04:56,4.43,--,5,2215,买盘
551,13:04:01,4.43,0.01,2,886,买盘
552,13:03:56,4.42,-0.01,30,13260,卖盘
553,13:03:51,4.43,0.01,2,886,买盘
554,13:03:31,4.42,-0.01,1,442,卖盘
555,13:03:21,4.43,0.01,4,1772,买盘
556,13:03:11,4.42,-0.01,17,7514,卖盘
557,13:03:06,4.43,--,4,1772,买盘
558,13:02:16,4.43,0.01,2,886,买盘
559,13:01:56,4.42,--,1,442,卖盘
560,13:01:46,4.42,--,2,884,卖盘
561,13:00:45,4.42,-0.01,70,30940,卖盘
562,13:00:16,4.43,--,10,4430,买盘
563,13:00:10,4.43,0.01,38,16834,买盘
564,13:00:05,4.42,--,69,30498,卖盘
565,11:30:00,4.42,--,0,0,卖盘
566,11:29:59,4.42,--,0,0,卖盘
567,11:29:26,4.42,--,20,8840,卖盘
568,11:29:11,4.42,--,2,884,卖盘
569,11:28:35,4.42,--,2,884,卖盘
570,11:27:50,4.42,--,30,13260,卖盘
571,11:27:45,4.42,--,79,34918,卖盘
572,11:27:25,4.42,--,20,8840,卖盘
573,11:27:20,4.42,--,10,4420,卖盘
574,11:25:35,4.42,--,65,28730,卖盘
575,11:25:00,4.42,--,27,12353,买盘
576,11:24:40,4.42,--,11,4862,买盘
577,11:24:30,4.42,--,1,442,卖盘
578,11:24:05,4.42,--,49,21658,买盘
579,11:23:50,4.42,0.01,1000,442000,买盘
580,11:23:25,4.41,-0.01,80,35280,卖盘
581,11:23:20,4.42,0.01,10,4420,买盘
582,11:22:35,4.41,--,2,882,卖盘
583,11:22:25,4.41,-0.01,4,1764,卖盘
584,11:21:50,4.42,--,24,10608,买盘
585,11:21:20,4.42,--,8,3536,买盘
586,11:21:05,4.42,--,1,442,买盘
587,11:20:59,4.42,--,1,442,买盘
588,11:20:50,4.42,--,12,5304,买盘
589,11:20:44,4.42,--,301,133042,买盘
590,11:20:35,4.42,0.01,20,8840,买盘
591,11:20:20,4.41,--,60,26460,卖盘
592,11:19:35,4.41,--,2,882,卖盘
593,11:19:24,4.41,--,4,1764,卖盘
594,11:19:04,4.41,--,12,5292,卖盘
595,11:18:19,4.41,--,3,1323,卖盘
596,11:17:14,4.41,--,8,3528,卖盘
597,11:17:04,4.41,--,1,441,卖盘
598,11:16:34,4.41,-0.01,2,882,卖盘
599,11:15:29,4.42,--,20,8840,买盘
600,11:15:14,4.42,0.01,50,22100,买盘
601,11:15:04,4.41,--,150,66150,卖盘
602,11:13:38,4.41,-0.01,2,882,卖盘
603,11:13:33,4.42,--,4,1768,买盘
604,11:13:14,4.42,--,435,192270,卖盘
605,11:13:03,4.42,--,10,4420,卖盘
606,11:12:59,4.42,--,11,4862,卖盘
607,11:12:44,4.42,--,30,13260,卖盘
608,11:12:18,4.42,--,6,2652,卖盘
609,11:12:08,4.42,--,30,13260,卖盘
610,11:11:43,4.42,--,10,4420,卖盘
611,11:11:28,4.42,--,400,176800,卖盘
612,11:11:13,4.42,--,30,13260,卖盘
613,11:11:08,4.42,--,100,44200,卖盘
614,11:10:53,4.42,--,61,26962,卖盘
615,11:10:38,4.42,--,2,884,卖盘
616,11:10:28,4.42,--,15,6630,卖盘
617,11:10:13,4.42,--,15,6630,卖盘
618,11:10:08,4.42,--,10,4420,卖盘
619,11:10:03,4.42,--,583,257686,卖盘
620,11:09:43,4.42,-0.01,210,92820,卖盘
621,11:09:28,4.43,--,1564,692856,卖盘
622,11:09:23,4.43,--,200,88600,卖盘
623,11:09:17,4.43,--,5,2215,卖盘
624,11:09:02,4.43,--,415,183845,卖盘
625,11:08:58,4.43,--,29,12847,卖盘
626,11:08:53,4.43,--,203,89929,卖盘
627,11:08:38,4.43,--,1,443,卖盘
628,11:08:23,4.43,--,46,20378,卖盘
629,11:08:13,4.43,--,190,84170,卖盘
630,11:08:08,4.43,--,869,384967,卖盘
631,11:07:58,4.43,--,110,48730,卖盘
632,11:07:43,4.43,--,80,35440,卖盘
633,11:07:38,4.43,--,9,3986,卖盘
634,11:07:32,4.43,--,7,3101,卖盘
635,11:07:23,4.43,--,54,23922,卖盘
636,11:07:13,4.43,--,273,120938,卖盘
637,11:06:47,4.43,-0.01,1,443,卖盘
638,11:06:43,4.44,--,11,4884,买盘
639,11:05:53,4.44,0.01,2,888,买盘
640,11:05:08,4.43,--,1,443,卖盘
641,11:04:38,4.43,-0.01,2,886,卖盘
642,11:04:07,4.44,0.01,17,7548,买盘
643,11:03:37,4.43,--,69,30566,卖盘
644,11:02:25,4.43,-0.01,150,66450,卖盘
645,11:01:46,4.44,0.01,5,2220,买盘
646,11:01:37,4.43,-0.01,33,14618,卖盘
647,11:01:22,4.44,0.01,270,119880,买盘
648,11:01:07,4.43,--,20,8860,卖盘
649,11:00:31,4.43,--,3,1329,卖盘
650,11:00:25,4.43,-0.01,70,31009,卖盘
651,11:00:01,4.44,0.01,20,8880,买盘
652,10:59:31,4.43,--,10,4430,卖盘
653,10:58:55,4.43,--,44,19492,卖盘
654,10:58:46,4.43,--,61,27023,卖盘
655,10:58:36,4.43,--,2,886,卖盘
656,10:57:40,4.43,--,3,1329,卖盘
657,10:57:25,4.43,-0.01,34,15061,卖盘
658,10:57:16,4.44,0.01,50,22200,买盘
659,10:56:46,4.43,--,150,66450,卖盘
660,10:56:40,4.43,--,9,3986,卖盘
661,10:55:55,4.43,--,64,28352,卖盘
662,10:55:49,4.43,--,81,35883,卖盘
663,10:55:35,4.43,--,2,886,卖盘
664,10:55:25,4.43,--,281,124482,卖盘
665,10:55:19,4.43,--,41,18163,卖盘
666,10:55:16,4.43,--,2,886,卖盘
667,10:55:01,4.43,--,1,443,卖盘
668,10:54:55,4.43,--,4,1772,卖盘
669,10:54:46,4.43,--,10,4430,卖盘
670,10:54:40,4.43,--,30,13290,卖盘
671,10:54:16,4.43,--,80,35440,卖盘
672,10:53:55,4.43,--,37,16391,卖盘
673,10:53:34,4.43,--,1,443,卖盘
674,10:53:31,4.43,--,1,443,卖盘
675,10:53:25,4.43,--,37,16391,卖盘
676,10:53:19,4.43,--,329,146185,买盘
677,10:53:04,4.43,--,4,1772,买盘
678,10:53:01,4.43,--,516,228592,卖盘
679,10:52:55,4.43,--,7,3101,卖盘
680,10:52:49,4.43,--,20,8860,卖盘
681,10:52:46,4.43,--,5,2215,卖盘
682,10:52:34,4.43,-0.01,2,886,卖盘
683,10:52:30,4.44,0.01,108,47952,买盘
684,10:52:01,4.43,--,100,44300,卖盘
685,10:51:55,4.43,--,29,12847,卖盘
686,10:51:49,4.43,--,4,1772,卖盘
687,10:51:34,4.43,--,46,20378,卖盘
688,10:51:25,4.43,--,22,9746,卖盘
689,10:51:10,4.43,0.01,284,126250,买盘
690,10:51:00,4.42,-0.01,1022,451724,卖盘
691,10:50:49,4.43,0.01,4,1772,买盘
692,10:50:45,4.42,--,77,34034,卖盘
693,10:50:25,4.42,--,101,44642,卖盘
694,10:50:15,4.42,-0.01,41,18122,卖盘
695,10:50:10,4.43,--,15,6645,买盘
696,10:50:00,4.43,0.01,5,2215,买盘
697,10:49:49,4.42,-0.01,54,23868,卖盘
698,10:49:40,4.43,0.01,255,112965,买盘
699,10:49:34,4.42,--,2,884,卖盘
700,10:49:19,4.42,--,8,3536,卖盘
701,10:48:49,4.42,-0.01,30,13260,卖盘
702,10:48:34,4.43,--,183,81073,卖盘
703,10:48:19,4.43,--,106,46958,卖盘
704,10:47:34,4.43,--,37,16391,卖盘
705,10:47:25,4.43,--,4,1772,卖盘
706,10:46:34,4.43,--,2,886,卖盘
707,10:46:09,4.43,--,1,443,卖盘
708,10:46:04,4.43,--,88,38984,卖盘
709,10:45:54,4.43,--,10,4430,卖盘
710,10:45:43,4.43,--,6,2658,卖盘
711,10:44:09,4.43,--,1,443,卖盘
712,10:43:34,4.43,--,2,886,卖盘
713,10:43:13,4.43,--,208,92582,买盘
714,10:43:09,4.43,--,25,11075,买盘
715,10:42:58,4.43,0.01,13,5759,买盘
716,10:42:54,4.42,-0.01,5,2210,卖盘
717,10:42:34,4.43,--,5,2215,买盘
718,10:41:58,4.43,--,7,3101,买盘
719,10:41:49,4.43,--,3,1329,买盘
720,10:41:28,4.43,--,22,9750,卖盘
721,10:41:18,4.43,--,11,4873,卖盘
722,10:41:03,4.43,--,30,13290,卖盘
723,10:40:52,4.43,--,2,886,卖盘
724,10:40:49,4.43,0.01,457,202889,买盘
725,10:40:33,4.42,--,2,884,卖盘
726,10:39:43,4.42,--,5,2210,卖盘
727,10:39:33,4.42,-0.01,60,26520,卖盘
728,10:39:18,4.43,--,9,3986,买盘
729,10:38:58,4.43,0.01,50,22150,买盘
730,10:38:52,4.42,--,13,5967,卖盘
731,10:38:48,4.42,--,24,10608,卖盘
732,10:38:07,4.42,-0.01,14,6188,卖盘
733,10:38:03,4.43,--,5,2215,卖盘
734,10:37:48,4.43,0.01,5,2215,中性盘
735,10:37:43,4.42,--,532,235144,卖盘
736,10:37:33,4.42,--,4,1768,卖盘
737,10:37:28,4.42,-0.02,5,2210,卖盘
738,10:37:22,4.44,0.02,12,5328,买盘
739,10:37:13,4.42,-0.02,4657,2058394,卖盘
740,10:36:28,4.44,0.01,101,44844,买盘
741,10:36:13,4.43,--,305,135115,卖盘
742,10:35:13,4.43,--,11,4873,卖盘
743,10:35:07,4.43,-0.01,6,2658,卖盘
744,10:34:52,4.44,--,3,1332,买盘
745,10:34:43,4.44,0.01,200,88800,买盘
746,10:34:37,4.43,--,2,886,卖盘
747,10:34:07,4.43,--,37,16391,卖盘
748,10:33:37,4.43,--,6,2658,卖盘
749,10:33:27,4.43,-0.01,10,4430,卖盘
750,10:32:52,4.44,--,1,444,买盘
751,10:32:42,4.44,--,100,44400,买盘
752,10:32:31,4.44,0.01,150,66600,买盘
753,10:32:22,4.43,--,10,4430,卖盘
754,10:32:07,4.43,-0.01,1,443,卖盘
755,10:31:57,4.44,--,33,14652,买盘
756,10:31:52,4.44,0.01,39,17316,买盘
757,10:31:46,4.43,--,10,4430,卖盘
758,10:31:37,4.43,--,35,15504,卖盘
759,10:31:27,4.43,-0.01,231,102333,卖盘
760,10:31:12,4.44,--,40,17760,买盘
761,10:30:57,4.44,--,5,2220,买盘
762,10:30:42,4.44,--,423,187812,买盘
763,10:30:27,4.44,--,50,22200,买盘
764,10:30:22,4.44,--,70,31080,买盘
765,10:30:07,4.44,0.01,44,19536,买盘
766,10:29:37,4.43,--,23,10189,卖盘
767,10:29:22,4.43,--,55,24586,卖盘
768,10:29:12,4.43,-0.01,103,45629,卖盘
769,10:28:56,4.44,0.01,1,444,买盘
770,10:28:46,4.43,-0.01,20,8860,卖盘
771,10:28:42,4.44,--,50,22200,买盘
772,10:28:37,4.44,0.01,27,11988,买盘
773,10:28:22,4.43,--,7,3101,卖盘
774,10:28:10,4.43,--,1,443,卖盘
775,10:28:07,4.43,--,20,8860,卖盘
776,10:27:52,4.43,-0.01,10,4430,卖盘
777,10:26:46,4.44,0.01,10,4440,买盘
778,10:26:40,4.43,--,291,128912,卖盘
779,10:26:37,4.43,-0.01,4,1772,卖盘
780,10:26:22,4.44,--,13,5772,买盘
781,10:26:10,4.44,0.01,50,22200,买盘
782,10:25:51,4.43,--,40,17720,卖盘
783,10:25:36,4.43,-0.01,2,886,卖盘
784,10:25:21,4.44,--,403,178932,买盘
785,10:25:10,4.44,--,1,444,买盘
786,10:24:55,4.44,0.01,6,2664,买盘
787,10:24:51,4.43,--,9,3986,卖盘
788,10:24:36,4.43,--,11,4873,卖盘
789,10:24:31,4.43,--,18,7973,卖盘
790,10:24:01,4.43,-0.01,15,6645,卖盘
791,10:23:36,4.44,--,3,1332,买盘
792,10:23:21,4.44,--,28,12432,买盘
793,10:23:06,4.44,0.01,67,29748,买盘
794,10:22:51,4.43,-0.01,3,1329,卖盘
795,10:22:46,4.44,0.01,3,1332,买盘
796,10:22:36,4.43,--,2,886,卖盘
797,10:22:21,4.43,--,80,35440,卖盘
798,10:22:01,4.43,--,50,22150,卖盘
799,10:21:51,4.43,-0.01,20,8860,卖盘
800,10:21:36,4.44,0.01,3,1332,买盘
801,10:21:21,4.43,-0.01,1,443,卖盘
802,10:20:51,4.44,--,45,19980,买盘
803,10:20:40,4.44,0.01,20,8880,买盘
804,10:20:36,4.43,-0.01,49,21707,卖盘
805,10:20:04,4.44,0.01,15,6660,买盘
806,10:20:01,4.43,-0.01,1,443,卖盘
807,10:19:55,4.44,--,303,134532,卖盘
808,10:19:46,4.44,--,424,188256,卖盘
809,10:19:34,4.44,--,2,888,卖盘
810,10:19:31,4.44,--,100,44400,卖盘
811,10:19:25,4.44,-0.01,99,43956,卖盘
812,10:18:46,4.45,0.01,11,4895,买盘
813,10:18:31,4.44,-0.01,12,5328,卖盘
814,10:18:16,4.45,0.01,10,4450,买盘
815,10:17:49,4.44,--,20,8880,卖盘
816,10:17:45,4.44,--,5,2220,卖盘
817,10:17:40,4.44,--,5,2220,卖盘
818,10:17:25,4.44,--,12,5328,买盘
819,10:17:15,4.44,--,5,2220,买盘
820,10:17:10,4.44,-0.01,26,11544,中性盘
821,10:17:04,4.45,--,12,5340,买盘
822,10:17:00,4.45,0.02,27,12015,买盘
823,10:16:45,4.43,-0.01,4,1772,卖盘
824,10:16:34,4.44,--,15,6660,卖盘
825,10:16:30,4.44,--,25,11100,卖盘
826,10:16:25,4.44,--,30,13320,卖盘
827,10:16:15,4.44,--,56,24864,卖盘
828,10:16:10,4.44,--,50,22200,卖盘
829,10:16:04,4.44,--,10,4440,卖盘
830,10:16:00,4.44,--,8,3552,卖盘
831,10:15:45,4.44,--,22,9768,买盘
832,10:15:40,4.44,--,103,45732,买盘
833,10:15:34,4.44,--,10,4440,买盘
834,10:15:25,4.44,--,69,30636,买盘
835,10:15:15,4.44,0.01,7,3108,买盘
836,10:14:25,4.43,--,463,205109,买盘
837,10:14:10,4.43,0.01,47,20821,买盘
838,10:13:45,4.42,--,6,2652,卖盘
839,10:13:34,4.42,-0.01,2,884,卖盘
840,10:13:19,4.43,0.01,10,4430,买盘
841,10:13:15,4.42,-0.01,16,7072,卖盘
842,10:13:04,4.43,--,36,15947,买盘
843,10:13:00,4.43,0.01,200,88600,买盘
844,10:12:54,4.42,-0.01,3,1326,卖盘
845,10:12:49,4.43,--,120,53160,买盘
846,10:12:45,4.43,--,2,886,买盘
847,10:12:39,4.43,0.01,1,443,买盘
848,10:12:09,4.42,--,210,92820,卖盘
849,10:11:58,4.42,--,177,78234,买盘
850,10:11:39,4.42,--,12,5304,买盘
851,10:11:34,4.42,--,80,35360,买盘
852,10:11:28,4.42,--,50,22100,买盘
853,10:11:19,4.42,--,50,22100,买盘
854,10:11:13,4.42,--,295,130390,卖盘
855,10:10:58,4.42,--,417,184314,卖盘
856,10:10:49,4.42,-0.01,2,884,卖盘
857,10:10:39,4.43,0.01,10,4430,买盘
858,10:10:34,4.42,-0.01,25,11050,卖盘
859,10:09:39,4.43,--,3,1329,买盘
860,10:09:24,4.43,0.01,20,8860,买盘
861,10:09:04,4.42,--,74,32708,买盘
862,10:08:43,4.42,0.01,80,35360,买盘
863,10:08:39,4.41,--,1,441,卖盘
864,10:08:09,4.41,--,5,2205,卖盘
865,10:08:04,4.41,--,10,4410,卖盘
866,10:07:58,4.41,-0.01,134,59094,卖盘
867,10:07:43,4.42,--,1,442,买盘
868,10:07:39,4.42,0.01,14,6188,买盘
869,10:07:34,4.41,--,2,882,卖盘
870,10:07:09,4.41,--,30,13230,卖盘
871,10:06:54,4.41,-0.01,21,9261,卖盘
872,10:05:54,4.42,0.01,59,26078,买盘
873,10:05:48,4.41,--,4,1764,卖盘
874,10:05:18,4.41,-0.01,20,8820,卖盘
875,10:05:09,4.42,--,4,1768,卖盘
876,10:04:52,4.42,--,5,2210,卖盘
877,10:04:48,4.42,--,20,8840,卖盘
878,10:04:37,4.42,--,302,133484,卖盘
879,10:04:33,4.42,--,2,884,卖盘
880,10:04:28,4.42,--,14,6188,卖盘
881,10:04:22,4.42,--,9,3978,卖盘
882,10:04:13,4.42,-0.01,197,87074,卖盘
883,10:03:33,4.43,--,6,2658,买盘
884,10:03:22,4.43,--,237,104991,卖盘
885,10:02:43,4.43,--,10,4430,卖盘
886,10:02:37,4.43,-0.01,12,5316,卖盘
887,10:02:22,4.44,0.01,1,444,买盘
888,10:02:13,4.43,--,12,5316,卖盘
889,10:02:07,4.43,-0.01,80,35440,卖盘
890,10:01:58,4.44,0.01,1,444,买盘
891,10:01:52,4.43,--,10,4430,卖盘
892,10:01:48,4.43,--,70,31009,卖盘
893,10:01:33,4.43,--,2,886,卖盘
894,10:01:28,4.43,0.01,323,143089,买盘
895,10:01:22,4.42,--,5,2210,卖盘
896,10:01:18,4.42,-0.01,15,6630,卖盘
897,10:00:48,4.43,--,35,15504,买盘
898,10:00:33,4.43,--,29,12847,买盘
899,10:00:18,4.43,--,25,11075,买盘
900,10:00:12,4.43,--,93,41199,卖盘
901,09:59:57,4.43,--,15,6645,卖盘
902,09:59:42,4.43,-0.01,1,443,卖盘
903,09:59:27,4.44,--,118,52392,买盘
904,09:59:22,4.44,0.01,3,1332,买盘
905,09:59:18,4.43,--,465,205995,卖盘
906,09:59:12,4.43,-0.01,10,4430,卖盘
907,09:58:47,4.44,--,30,13320,买盘
908,09:58:42,4.44,--,10,4440,买盘
909,09:58:32,4.44,--,20,8880,买盘
910,09:58:22,4.44,--,13,5772,买盘
911,09:58:12,4.44,--,5,2220,买盘
912,09:58:07,4.44,--,3,1332,买盘
913,09:57:57,4.44,--,44,19536,买盘
914,09:57:52,4.44,--,100,44400,买盘
915,09:57:42,4.44,0.01,68,30192,买盘
916,09:57:27,4.43,--,139,61576,卖盘
917,09:57:22,4.43,--,46,20378,卖盘
918,09:57:17,4.43,--,223,98789,卖盘
919,09:57:12,4.43,--,48,21264,卖盘
920,09:56:52,4.43,-0.01,22,9746,卖盘
921,09:56:42,4.44,--,20,8880,买盘
922,09:56:37,4.44,--,30,13320,买盘
923,09:56:27,4.44,--,148,65712,卖盘
924,09:56:22,4.44,-0.01,157,69708,卖盘
925,09:56:07,4.45,--,28,12460,买盘
926,09:55:42,4.45,0.01,57,25365,买盘
927,09:55:22,4.44,--,46,20424,卖盘
928,09:55:16,4.44,--,1,444,卖盘
929,09:55:01,4.44,--,10,4440,卖盘
930,09:54:57,4.44,--,13,5772,卖盘
931,09:54:52,4.44,--,27,11988,卖盘
932,09:54:37,4.44,-0.01,10,4440,卖盘
933,09:54:31,4.45,0.01,20,8900,买盘
934,09:54:27,4.44,--,60,26640,卖盘
935,09:54:22,4.44,-0.01,51,22644,卖盘
936,09:54:12,4.45,--,0,0,买盘
937,09:54:07,4.45,0.02,20,8900,买盘
938,09:53:57,4.43,-0.02,1,443,卖盘
939,09:53:52,4.45,--,16,7120,买盘
940,09:53:46,4.45,--,179,79655,买盘
941,09:53:42,4.45,--,7,3115,买盘
942,09:53:37,4.45,--,20,8900,买盘
943,09:53:31,4.45,--,12,5340,买盘
944,09:53:26,4.45,0.02,57,25365,买盘
945,09:53:22,4.43,-0.02,45,19935,卖盘
946,09:53:07,4.45,0.01,26,11570,买盘
947,09:52:56,4.44,-0.01,60,26640,买盘
948,09:52:41,4.45,--,0,0,买盘
949,09:52:31,4.45,--,0,0,买盘
950,09:52:21,4.45,0.02,1059,471255,买盘
951,09:52:16,4.43,0.01,5,2215,买盘
952,09:52:11,4.42,-0.01,69,30498,卖盘
953,09:52:01,4.43,0.01,25,11075,买盘
954,09:51:56,4.42,--,171,75582,卖盘
955,09:51:46,4.42,--,1,442,卖盘
956,09:51:31,4.42,--,100,44200,卖盘
957,09:51:21,4.42,--,47,20774,卖盘
958,09:51:06,4.42,--,50,22100,卖盘
959,09:50:41,4.42,--,54,23868,卖盘
960,09:50:36,4.42,--,3,1326,卖盘
961,09:50:26,4.42,-0.01,1,442,卖盘
962,09:50:21,4.43,0.01,61,27023,买盘
963,09:50:16,4.42,--,20,8840,卖盘
964,09:50:11,4.42,--,1,442,卖盘
965,09:49:25,4.42,-0.01,1,442,卖盘
966,09:49:21,4.43,0.01,95,42085,买盘
967,09:49:06,4.42,--,28,12376,卖盘
968,09:48:36,4.42,--,64,28288,卖盘
969,09:48:25,4.42,--,46,20332,卖盘
970,09:48:01,4.42,-0.01,41,18122,卖盘
971,09:47:55,4.43,--,3,1329,买盘
972,09:47:51,4.43,--,50,22150,买盘
973,09:47:25,4.43,0.01,5,2215,买盘
974,09:47:20,4.42,-0.01,1,442,卖盘
975,09:47:16,4.43,--,8,3544,买盘
976,09:47:10,4.43,--,1,443,买盘
977,09:47:01,4.43,--,40,17720,买盘
978,09:46:55,4.43,0.01,100,44300,买盘
979,09:46:50,4.42,-0.01,1,442,卖盘
980,09:46:40,4.43,0.01,7,3101,买盘
981,09:46:20,4.42,0.01,9,3978,买盘
982,09:46:05,4.41,-0.01,69,30429,卖盘
983,09:45:40,4.42,0.01,2,884,买盘
984,09:45:35,4.41,-0.01,22,9702,卖盘
985,09:45:10,4.42,--,84,37128,卖盘
986,09:45:00,4.42,-0.01,13,5746,卖盘
987,09:44:55,4.43,0.01,58,25694,买盘
988,09:44:50,4.42,--,11,4862,卖盘
989,09:44:45,4.42,-0.01,8,3536,卖盘
990,09:44:35,4.43,0.01,3,1329,买盘
991,09:44:30,4.42,--,2,884,卖盘
992,09:44:20,4.42,--,1,442,卖盘
993,09:44:10,4.42,--,38,16796,卖盘
994,09:43:50,4.42,-0.01,68,30056,卖盘
995,09:43:40,4.43,--,50,22150,买盘
996,09:42:40,4.43,0.01,30,13290,买盘
997,09:42:35,4.42,-0.01,21,9282,卖盘
998,09:41:55,4.43,0.01,30,13290,中性盘
999,09:41:50,4.42,-0.01,16,7072,卖盘
1000,09:41:34,4.43,--,40,17720,卖盘
1001,09:41:19,4.43,--,15,6645,卖盘
1002,09:41:15,4.43,0.01,63,27909,买盘
1003,09:41:04,4.42,-0.01,100,44200,卖盘
1004,09:40:49,4.43,0.01,3,1329,买盘
1005,09:40:45,4.42,-0.01,126,55692,卖盘
1006,09:40:40,4.43,0.01,69,30566,买盘
1007,09:40:34,4.42,-0.01,2,884,卖盘
1008,09:40:25,4.43,--,5,2215,买盘
1009,09:40:15,4.43,--,1,443,买盘
1010,09:40:04,4.43,-0.01,19,8417,买盘
1011,09:40:00,4.44,0.02,399,177156,买盘
1012,09:39:55,4.42,-0.01,59,26078,卖盘
1013,09:39:45,4.43,0.01,303,134229,买盘
1014,09:39:39,4.42,-0.01,12,5304,卖盘
1015,09:39:34,4.43,--,1,443,买盘
1016,09:39:29,4.43,--,31,13733,卖盘
1017,09:39:24,4.43,0.01,25,11075,买盘
1018,09:39:19,4.42,-0.01,12,5304,卖盘
1019,09:39:09,4.43,0.01,106,46958,买盘
1020,09:39:04,4.42,-0.01,10,4420,卖盘
1021,09:38:54,4.43,0.01,315,139545,买盘
1022,09:38:49,4.42,-0.01,200,88400,卖盘
1023,09:38:44,4.43,0.01,2,886,买盘
1024,09:38:39,4.42,-0.01,27,11934,卖盘
1025,09:38:34,4.43,--,85,37655,买盘
1026,09:38:29,4.43,--,2,886,买盘
1027,09:38:24,4.43,0.01,31,13733,买盘
1028,09:38:19,4.42,--,47,20774,卖盘
1029,09:38:09,4.42,--,5,2210,卖盘
1030,09:37:59,4.42,--,37,16354,买盘
1031,09:37:54,4.42,0.01,217,95914,买盘
1032,09:37:44,4.41,--,85,37485,卖盘
1033,09:37:39,4.41,-0.01,57,25137,卖盘
1034,09:37:34,4.42,0.01,20,8840,买盘
1035,09:37:19,4.41,--,12,5292,卖盘
1036,09:37:14,4.41,--,120,52920,卖盘
1037,09:37:09,4.41,--,80,35280,卖盘
1038,09:36:44,4.41,-0.01,6,2646,卖盘
1039,09:36:39,4.42,--,7,3094,买盘
1040,09:36:29,4.42,0.01,2,884,买盘
1041,09:36:24,4.41,--,1,441,卖盘
1042,09:36:19,4.41,--,38,16758,买盘
1043,09:36:14,4.41,--,7,3087,买盘
1044,09:36:09,4.41,--,27,11907,买盘
1045,09:35:59,4.41,--,47,20727,买盘
1046,09:35:54,4.41,--,7,3087,买盘
1047,09:35:44,4.41,-0.01,33,14553,卖盘
1048,09:35:39,4.42,0.01,16,7072,买盘
1049,09:35:34,4.41,-0.01,16,7056,卖盘
1050,09:34:59,4.42,--,30,13260,买盘
1051,09:34:54,4.42,0.01,71,31382,买盘
1052,09:34:44,4.41,--,35,15435,卖盘
1053,09:34:39,4.41,--,5,2205,卖盘
1054,09:34:34,4.41,--,40,17640,卖盘
1055,09:34:13,4.41,-0.01,15,6615,卖盘
1056,09:33:49,4.42,0.02,3,1326,买盘
1057,09:33:39,4.4,--,4,1760,卖盘
1058,09:33:34,4.4,-0.02,24,10560,卖盘
1059,09:33:18,4.42,--,0,0,买盘
1060,09:33:09,4.42,--,15,6630,买盘
1061,09:33:04,4.42,--,0,0,买盘
1062,09:32:58,4.42,--,14,6188,买盘
1063,09:32:54,4.42,--,2,884,买盘
1064,09:32:49,4.42,--,8,3536,买盘
1065,09:32:43,4.42,0.01,2,884,买盘
1066,09:32:38,4.41,0.01,77,33957,买盘
1067,09:32:33,4.4,--,32,14080,卖盘
1068,09:32:28,4.4,--,12,5280,卖盘
1069,09:32:18,4.4,-0.01,33,14520,卖盘
1070,09:32:09,4.41,--,20,8820,买盘
1071,09:31:53,4.41,--,40,17640,买盘
1072,09:31:43,4.41,0.01,19,8379,买盘
1073,09:31:33,4.4,--,7,3080,卖盘
1074,09:31:13,4.4,0.01,18,7920,卖盘
1075,09:31:08,4.39,--,8,3511,卖盘
1076,09:31:03,4.39,-0.01,100,43900,卖盘
1077,09:30:58,4.4,--,36,15840,卖盘
1078,09:30:53,4.4,-0.01,4,1760,卖盘
1079,09:30:48,4.41,0.01,8,3528,买盘
1080,09:30:43,4.4,-0.01,7,3080,卖盘
1081,09:30:38,4.41,0.01,1,441,买盘
1082,09:30:28,4.4,-0.01,31,13640,卖盘
1083,09:30:18,4.41,0.01,17,7497,买盘
1084,09:30:13,4.4,--,9,3960,卖盘
1085,09:30:08,4.4,0.01,244,107360,买盘
1086,09:30:03,4.39,--,20,8780,卖盘
1087,09:28:51,4.39,--,0,0,卖盘
1088,09:25:10,4.39,4.39,230,100969,买盘
