,time,price,change,volume,amount,type
0,15:00:00,8.78,--,0,0,卖盘
1,15:00:00,8.78,-0.01,0,0,卖盘
2,14:59:58,8.79,--,3,2636,买盘
3,14:59:54,8.79,0.01,15,13184,买盘
4,14:59:48,8.78,--,87,76526,卖盘
5,14:59:43,8.78,--,11,9658,卖盘
6,14:59:33,8.78,-0.01,8,7023,卖盘
7,14:59:23,8.79,--,10,8790,买盘
8,14:59:18,8.79,--,20,17580,买盘
9,14:59:08,8.79,--,1,878,买盘
10,14:58:53,8.79,--,10,8790,买盘
11,14:58:33,8.79,--,69,60650,买盘
12,14:58:28,8.79,--,20,17580,买盘
13,14:58:23,8.79,--,50,43949,买盘
14,14:58:13,8.79,--,51,44828,买盘
15,14:57:58,8.79,--,2,1757,买盘
16,14:57:53,8.79,--,14,12305,买盘
17,14:57:43,8.79,--,116,101963,买盘
18,14:57:38,8.79,0.01,68,59771,买盘
19,14:57:33,8.78,--,4,3511,卖盘
20,14:57:28,8.78,--,10,8780,卖盘
21,14:56:58,8.78,--,48,42144,卖盘
22,14:56:53,8.78,-0.01,10,8780,卖盘
23,14:56:38,8.79,0.01,5,4395,买盘
24,14:56:18,8.78,--,3,2634,卖盘
25,14:56:12,8.78,--,110,96580,买盘
26,14:56:07,8.78,--,12,10536,买盘
27,14:56:03,8.78,--,39,34242,买盘
28,14:55:48,8.78,--,70,61459,卖盘
29,14:55:18,8.78,--,6,5268,卖盘
30,14:55:07,8.78,--,8,7023,买盘
31,14:54:57,8.78,--,10,8780,买盘
32,14:54:52,8.78,0.01,3,2634,买盘
33,14:54:48,8.77,-0.01,14,12278,卖盘
34,14:54:37,8.78,--,37,32485,买盘
35,14:54:02,8.78,0.01,17,14925,卖盘
36,14:53:48,8.77,-0.01,200,175400,卖盘
37,14:53:33,8.78,--,3,2634,卖盘
38,14:53:18,8.78,--,10,8780,卖盘
39,14:53:07,8.78,--,23,20194,买盘
40,14:52:22,8.78,--,27,23706,卖盘
41,14:52:07,8.78,--,8,7023,卖盘
42,14:52:02,8.78,--,58,50923,卖盘
43,14:51:07,8.78,-0.01,10,8780,卖盘
44,14:51:02,8.79,0.01,12,10547,买盘
45,14:50:56,8.78,--,100,87800,卖盘
46,14:50:02,8.78,--,11,9658,买盘
47,14:49:57,8.78,--,2,1755,买盘
48,14:49:52,8.78,--,12,10536,买盘
49,14:49:47,8.78,0.01,20,17560,买盘
50,14:49:17,8.77,--,13,11401,卖盘
51,14:49:02,8.77,-0.01,1,877,卖盘
52,14:48:12,8.78,--,200,175600,买盘
53,14:48:00,8.78,0.01,13,11414,买盘
54,14:47:36,8.77,--,6,5262,卖盘
55,14:47:31,8.77,-0.01,10,8770,卖盘
56,14:46:12,8.78,0.01,9,7901,买盘
57,14:46:01,8.77,--,1,877,卖盘
58,14:45:41,8.77,-0.01,32,28064,卖盘
59,14:45:36,8.78,--,1,877,买盘
60,14:45:16,8.78,--,8,7023,买盘
61,14:44:51,8.78,--,7,6146,卖盘
62,14:44:46,8.78,-0.01,50,43900,卖盘
63,14:42:45,8.79,--,6,5273,买盘
64,14:42:36,8.79,--,10,8790,买盘
65,14:42:20,8.79,--,2,1757,买盘
66,14:42:11,8.79,0.01,9,7910,卖盘
67,14:42:06,8.78,-0.02,19,16682,卖盘
68,14:41:51,8.8,0.02,125,110000,买盘
69,14:41:40,8.78,0.01,113,99214,买盘
70,14:41:21,8.77,--,10,8770,卖盘
71,14:41:06,8.77,--,39,34203,卖盘
72,14:40:39,8.77,-0.01,121,106117,卖盘
73,14:40:15,8.78,--,33,28973,卖盘
74,14:39:10,8.78,--,412,361736,卖盘
75,14:38:00,8.78,--,11,9658,卖盘
76,14:37:30,8.78,-0.01,0,52,卖盘
77,14:37:10,8.79,--,7,6152,卖盘
78,14:37:00,8.79,--,5,4395,买盘
79,14:36:50,8.79,--,18,15821,卖盘
80,14:36:40,8.79,--,32,28127,卖盘
81,14:36:35,8.79,--,9,7910,卖盘
82,14:36:14,8.79,--,20,17580,卖盘
83,14:36:05,8.79,-0.01,1,878,卖盘
84,14:35:45,8.8,0.01,10,8800,买盘
85,14:35:35,8.79,--,22,19337,卖盘
86,14:35:15,8.79,--,80,70320,卖盘
87,14:34:29,8.79,-0.01,10,8790,卖盘
88,14:34:23,8.8,0.01,14,12320,买盘
89,14:34:14,8.79,--,30,26369,卖盘
90,14:34:05,8.79,-0.01,2,1757,卖盘
91,14:33:59,8.8,0.01,20,17600,买盘
92,14:33:30,8.79,-0.01,6,5273,卖盘
93,14:33:23,8.8,--,20,17600,买盘
94,14:32:49,8.8,--,145,127600,买盘
95,14:32:45,8.8,--,11,9680,买盘
96,14:32:29,8.8,--,43,37840,买盘
97,14:32:14,8.8,--,5,4400,买盘
98,14:32:04,8.8,0.01,20,17600,买盘
99,14:31:44,8.79,--,88,77351,买盘
100,14:31:39,8.79,0.01,20,17580,买盘
101,14:31:19,8.78,--,34,29851,卖盘
102,14:31:04,8.78,--,1,877,卖盘
103,14:30:54,8.78,--,62,54435,买盘
104,14:30:44,8.78,0.01,20,17560,买盘
105,14:30:34,8.77,--,31,27187,卖盘
106,14:30:19,8.77,-0.01,10,8770,卖盘
107,14:29:59,8.78,--,136,119407,买盘
108,14:29:54,8.78,--,10,8780,买盘
109,14:29:44,8.78,--,30,26339,买盘
110,14:29:38,8.78,--,26,22828,卖盘
111,14:29:33,8.78,--,31,27217,卖盘
112,14:29:29,8.78,--,14,12292,卖盘
113,14:29:23,8.78,--,4,3511,买盘
114,14:29:08,8.78,--,6,5268,买盘
115,14:29:03,8.78,--,5,4390,买盘
116,14:28:17,8.78,--,3,2634,买盘
117,14:27:58,8.78,-0.01,24,21072,卖盘
118,14:27:53,8.79,0.01,60,52739,买盘
119,14:27:29,8.78,--,10,8780,卖盘
120,14:27:09,8.78,--,30,26339,卖盘
121,14:26:47,8.78,--,1,877,卖盘
122,14:26:38,8.78,--,5,4390,卖盘
123,14:26:12,8.78,0.01,14,12292,买盘
124,14:26:02,8.77,-0.01,1,877,卖盘
125,14:25:28,8.78,--,6,5268,卖盘
126,14:25:02,8.78,0.01,16,14047,买盘
127,14:24:32,8.77,-0.01,10,8770,卖盘
128,14:23:58,8.78,--,7,6146,买盘
129,14:23:38,8.78,--,1,877,卖盘
130,14:22:26,8.78,--,7,6146,买盘
131,14:21:32,8.78,--,4,3511,买盘
132,14:21:08,8.78,0.01,7,6146,买盘
133,14:21:02,8.77,-0.01,1,877,卖盘
134,14:20:47,8.78,--,5,4390,买盘
135,14:20:26,8.78,--,3,2634,买盘
136,14:19:41,8.78,--,5,4390,买盘
137,14:18:26,8.78,--,3,2634,买盘
138,14:18:11,8.78,0.01,8,7023,买盘
139,14:18:07,8.77,--,10,8770,卖盘
140,14:18:02,8.77,-0.01,10,8770,卖盘
141,14:17:22,8.78,0.01,91,79898,买盘
142,14:17:07,8.77,-0.01,55,48235,卖盘
143,14:16:51,8.78,0.01,119,104481,买盘
144,14:16:35,8.77,--,0,131,卖盘
145,14:16:01,8.77,--,1,877,卖盘
146,14:15:46,8.77,0.01,219,192501,买盘
147,14:15:41,8.76,-0.01,34,29784,卖盘
148,14:15:31,8.77,--,3,2631,买盘
149,14:15:26,8.77,--,39,34203,买盘
150,14:15:11,8.77,0.01,4,3508,买盘
151,14:15:01,8.76,-0.01,12,10512,卖盘
152,14:14:41,8.77,0.01,3,2631,买盘
153,14:14:20,8.76,-0.01,10,8760,卖盘
154,14:14:16,8.77,0.01,6,5262,买盘
155,14:13:31,8.76,--,0,148,卖盘
156,14:13:16,8.76,--,74,64824,卖盘
157,14:13:11,8.76,--,10,8760,卖盘
158,14:12:01,8.76,-0.01,50,43800,卖盘
159,14:11:46,8.77,0.01,2,1754,买盘
160,14:11:26,8.76,--,106,92856,卖盘
161,14:11:01,8.76,--,1,876,卖盘
162,14:10:50,8.76,--,13,11388,卖盘
163,14:09:59,8.76,--,13,11388,卖盘
164,14:09:50,8.76,--,5,4380,卖盘
165,14:09:10,8.76,-0.01,23,20148,卖盘
166,14:09:05,8.77,0.01,100,87700,买盘
167,14:08:05,8.76,--,10,8760,卖盘
168,14:07:40,8.76,--,2,1752,卖盘
169,14:07:25,8.76,--,69,60680,买盘
170,14:06:50,8.76,--,10,8760,买盘
171,14:06:25,8.76,--,10,8760,买盘
172,14:06:10,8.76,0.01,10,8760,买盘
173,14:06:05,8.75,-0.01,5,4375,卖盘
174,14:05:59,8.76,--,11,9636,买盘
175,14:05:35,8.76,0.01,162,141912,买盘
176,14:05:10,8.75,-0.01,97,84875,卖盘
177,14:04:50,8.76,--,28,24528,买盘
178,14:04:20,8.76,--,30,26280,买盘
179,14:04:14,8.76,0.01,11,9636,买盘
180,14:04:05,8.75,-0.01,20,17500,卖盘
181,14:03:19,8.76,0.01,1,876,买盘
182,14:03:14,8.75,-0.01,60,52500,卖盘
183,14:02:14,8.76,--,445,390459,卖盘
184,14:02:04,8.76,--,1,876,卖盘
185,14:01:29,8.76,-0.01,10,8760,卖盘
186,14:01:19,8.77,0.01,37,32449,买盘
187,14:01:14,8.76,--,20,17520,卖盘
188,14:00:49,8.76,--,30,26280,卖盘
189,14:00:29,8.76,--,2,1752,卖盘
190,14:00:19,8.76,--,29,25404,卖盘
191,14:00:04,8.76,-0.01,5,4380,卖盘
192,13:59:59,8.77,--,20,17540,买盘
193,13:59:53,8.77,--,7,6139,买盘
194,13:58:59,8.77,0.01,1,877,买盘
195,13:57:49,8.76,-0.01,4,3723,卖盘
196,13:57:34,8.77,--,6,5761,卖盘
197,13:57:23,8.77,--,10,8770,卖盘
198,13:57:02,8.77,--,1,877,卖盘
199,13:56:59,8.77,--,17,14909,卖盘
200,13:55:53,8.77,--,29,25433,卖盘
201,13:55:23,8.77,--,3,2631,卖盘
202,13:55:02,8.77,--,70,61390,卖盘
203,13:52:47,8.77,--,10,8770,卖盘
204,13:52:28,8.77,--,3,2631,卖盘
205,13:52:02,8.77,--,1,877,卖盘
206,13:51:43,8.77,--,15,13155,卖盘
207,13:51:08,8.77,--,25,21925,卖盘
208,13:50:13,8.77,--,2,1754,卖盘
209,13:49:32,8.77,--,67,59136,买盘
210,13:49:02,8.77,--,1,877,买盘
211,13:48:22,8.77,--,11,9647,买盘
212,13:48:17,8.77,--,26,23301,卖盘
213,13:48:02,8.77,--,78,68406,卖盘
214,13:47:37,8.77,--,30,26310,卖盘
215,13:47:17,8.77,--,1,877,卖盘
216,13:47:07,8.77,0.01,29,25810,买盘
217,13:46:37,8.76,-0.01,15,13140,卖盘
218,13:46:22,8.77,--,1,877,买盘
219,13:45:26,8.77,-0.01,9,8550,卖盘
220,13:45:22,8.78,0.01,5,4390,买盘
221,13:45:02,8.77,--,1,877,卖盘
222,13:44:47,8.77,--,4,3727,卖盘
223,13:43:41,8.77,--,0,0,中性盘
224,13:43:37,8.77,0.01,26,22802,买盘
225,13:43:22,8.76,--,20,17520,卖盘
226,13:42:26,8.76,-0.01,5,4380,卖盘
227,13:42:06,8.77,0.01,3,2631,买盘
228,13:42:01,8.76,-0.01,35,30660,卖盘
229,13:41:31,8.77,--,30,26310,买盘
230,13:41:17,8.77,0.01,2,1754,买盘
231,13:41:11,8.76,--,15,13140,卖盘
232,13:41:02,8.76,--,60,52560,卖盘
233,13:40:50,8.76,-0.01,5,4380,卖盘
234,13:40:16,8.77,--,5,4385,买盘
235,13:39:56,8.77,--,2,1754,买盘
236,13:39:41,8.77,--,10,8770,买盘
237,13:39:31,8.77,-0.01,1,877,买盘
238,13:39:01,8.78,--,0,0,买盘
239,13:38:46,8.78,0.02,3,2634,买盘
240,13:38:41,8.76,-0.01,56,49056,卖盘
241,13:38:20,8.77,--,74,64915,买盘
242,13:38:16,8.77,--,53,46481,买盘
243,13:38:11,8.77,0.01,10,8770,买盘
244,13:38:01,8.76,-0.01,1,876,卖盘
245,13:37:56,8.77,--,30,27169,卖盘
246,13:37:46,8.77,--,111,97347,卖盘
247,13:37:20,8.77,--,1,877,卖盘
248,13:36:56,8.77,--,5,4385,卖盘
249,13:36:46,8.77,--,109,95593,卖盘
250,13:36:40,8.77,-0.01,4,3946,卖盘
251,13:35:25,8.78,0.01,4,3511,买盘
252,13:34:25,8.77,-0.01,3,2631,卖盘
253,13:33:25,8.78,0.01,10,8780,买盘
254,13:32:55,8.77,--,50,43850,卖盘
255,13:32:50,8.77,--,27,23679,卖盘
256,13:32:25,8.77,-0.01,5,4385,卖盘
257,13:32:20,8.78,--,10,8780,买盘
258,13:31:25,8.78,--,1,877,买盘
259,13:31:20,8.78,--,2,1755,卖盘
260,13:31:05,8.78,--,1,877,卖盘
261,13:30:10,8.78,--,24,21072,买盘
262,13:30:04,8.78,--,3,2634,买盘
263,13:29:55,8.78,--,21,18438,买盘
264,13:29:25,8.78,--,8,7023,卖盘
265,13:29:19,8.78,--,0,0,中性盘
266,13:29:14,8.78,-0.01,6,5268,卖盘
267,13:29:04,8.79,--,0,0,买盘
268,13:28:59,8.79,0.02,60,52739,买盘
269,13:28:44,8.77,-0.01,4,3508,卖盘
270,13:28:09,8.78,--,23,20194,买盘
271,13:27:44,8.78,--,17,14925,卖盘
272,13:27:08,8.78,--,35,30729,卖盘
273,13:26:44,8.78,--,12,10536,买盘
274,13:26:34,8.78,--,7,6146,买盘
275,13:26:29,8.78,0.01,80,70240,买盘
276,13:25:38,8.77,--,84,73668,卖盘
277,13:25:04,8.77,-0.01,1,877,卖盘
278,13:24:49,8.78,--,2,1755,卖盘
279,13:24:33,8.78,--,10,8780,卖盘
280,13:24:04,8.78,--,8,7023,卖盘
281,13:23:44,8.78,--,1,877,卖盘
282,13:23:29,8.78,0.01,5,4390,买盘
283,13:22:58,8.77,-0.02,6,5262,卖盘
284,13:22:48,8.79,--,0,0,买盘
285,13:22:28,8.79,--,10,8790,买盘
286,13:22:13,8.79,--,0,0,买盘
287,13:21:13,8.79,--,0,0,买盘
288,13:20:58,8.79,--,5,4395,买盘
289,13:20:13,8.79,--,0,0,买盘
290,13:20:03,8.79,0.01,10,8790,买盘
291,13:19:48,8.78,--,5,4390,卖盘
292,13:19:38,8.78,--,6,5268,卖盘
293,13:19:02,8.78,--,1,877,卖盘
294,13:18:53,8.78,--,50,43900,卖盘
295,13:18:23,8.78,--,2,1755,卖盘
296,13:18:02,8.78,0.01,1,877,中性盘
297,13:17:23,8.77,--,1,877,卖盘
298,13:16:57,8.77,--,20,17540,卖盘
299,13:16:37,8.77,-0.01,1,877,卖盘
300,13:15:57,8.78,--,0,0,买盘
301,13:15:37,8.78,--,5,4390,买盘
302,13:15:22,8.78,-0.01,47,41266,卖盘
303,13:14:22,8.79,--,10,8790,买盘
304,13:13:47,8.79,--,8,7031,买盘
305,13:12:47,8.79,--,10,8790,买盘
306,13:11:52,8.79,--,8,7031,买盘
307,13:10:22,8.79,--,20,17580,买盘
308,13:10:07,8.79,0.01,1,878,买盘
309,13:10:02,8.78,--,1,877,卖盘
310,13:09:47,8.78,-0.01,20,17560,卖盘
311,13:09:16,8.79,--,4,3515,买盘
312,13:08:31,8.79,--,20,17580,买盘
313,13:07:56,8.79,--,10,8790,中性盘
314,13:07:41,8.79,--,178,156461,卖盘
315,13:04:56,8.79,--,11,9668,卖盘
316,13:03:31,8.79,--,17,14942,卖盘
317,13:03:01,8.79,-0.01,1,878,卖盘
318,13:01:05,8.8,0.01,1,880,买盘
319,13:00:35,8.79,--,103,90536,卖盘
320,13:00:30,8.79,-0.01,5,4395,卖盘
321,13:00:05,8.8,0.01,10,8800,买盘
322,11:30:00,8.79,--,0,0,卖盘
323,11:29:59,8.79,--,0,0,卖盘
324,11:29:05,8.79,-0.01,1,878,卖盘
325,11:28:45,8.8,0.01,10,8800,买盘
326,11:27:55,8.79,--,108,94931,买盘
327,11:27:10,8.79,--,30,26369,买盘
328,11:26:59,8.79,0.01,37,32522,买盘
329,11:26:55,8.78,--,9,7901,卖盘
330,11:25:45,8.78,--,2,1755,卖盘
331,11:25:05,8.78,--,1,877,卖盘
332,11:24:50,8.78,--,1,877,卖盘
333,11:24:25,8.78,--,23,20194,买盘
334,11:23:55,8.78,--,10,8780,买盘
335,11:22:54,8.78,--,30,26339,买盘
336,11:22:50,8.78,--,282,247595,卖盘
337,11:22:34,8.78,-0.01,30,26339,卖盘
338,11:21:49,8.79,0.01,32,28127,买盘
339,11:20:59,8.78,--,10,8780,卖盘
340,11:20:49,8.78,0.01,60,52679,买盘
341,11:20:04,8.77,-0.01,1,877,卖盘
342,11:19:53,8.78,--,6,5268,买盘
343,11:19:39,8.78,--,10,8780,买盘
344,11:19:34,8.78,-0.01,18,15803,卖盘
345,11:19:14,8.79,--,1,878,买盘
346,11:18:43,8.79,0.01,10,8790,买盘
347,11:18:18,8.78,--,2,1755,买盘
348,11:18:08,8.78,0.01,261,229157,买盘
349,11:18:04,8.77,--,12,10524,卖盘
350,11:17:43,8.77,--,8,7016,卖盘
351,11:17:23,8.77,--,37,32905,买盘
352,11:16:43,8.77,--,1,877,买盘
353,11:15:28,8.77,0.01,1,877,买盘
354,11:15:18,8.76,--,100,87600,卖盘
355,11:15:13,8.76,--,10,8760,卖盘
356,11:15:03,8.76,--,1,876,卖盘
357,11:14:28,8.76,-0.01,58,50808,卖盘
358,11:14:03,8.77,--,50,43850,买盘
359,11:13:58,8.77,--,30,26310,买盘
360,11:13:18,8.77,--,4,3508,买盘
361,11:13:03,8.77,0.01,65,57005,买盘
362,11:12:32,8.76,--,10,8760,卖盘
363,11:12:18,8.76,-0.01,20,17520,卖盘
364,11:11:46,8.77,0.01,20,17540,买盘
365,11:11:31,8.76,--,300,262800,卖盘
366,11:10:53,8.76,--,14,12264,卖盘
367,11:09:58,8.76,-0.01,50,43800,卖盘
368,11:09:23,8.77,--,54,47778,卖盘
369,11:09:02,8.77,--,22,19294,卖盘
370,11:08:46,8.77,--,30,26310,卖盘
371,11:08:43,8.77,--,13,11401,卖盘
372,11:08:37,8.77,--,57,49989,卖盘
373,11:08:31,8.77,--,20,17540,卖盘
374,11:08:16,8.77,-0.01,2,1754,卖盘
375,11:05:42,8.78,--,1,877,买盘
376,11:05:22,8.78,--,152,133456,卖盘
377,11:04:07,8.78,-0.01,1,877,卖盘
378,11:03:55,8.79,--,10,8790,买盘
379,11:03:07,8.79,--,1,878,买盘
380,11:01:51,8.79,0.01,50,43949,买盘
381,11:00:20,8.78,0.01,28,24584,买盘
382,11:00:01,8.77,--,0,456,卖盘
383,10:59:55,8.77,--,15,13155,卖盘
384,10:59:40,8.77,--,26,22802,卖盘
385,10:59:06,8.77,-0.01,1,877,卖盘
386,10:58:31,8.78,--,4,3511,卖盘
387,10:58:19,8.78,--,1,877,买盘
388,10:57:45,8.78,--,10,8780,买盘
389,10:57:16,8.78,--,18,15803,买盘
390,10:56:40,8.78,--,1,877,买盘
391,10:56:00,8.78,--,2,1755,买盘
392,10:55:55,8.78,--,6,5268,买盘
393,10:55:40,8.78,--,50,43900,买盘
394,10:55:25,8.78,--,23,20194,卖盘
395,10:55:10,8.78,0.01,27,23706,买盘
396,10:55:01,8.77,-0.01,100,87700,卖盘
397,10:54:55,8.78,--,235,206329,买盘
398,10:54:46,8.78,0.01,1,877,买盘
399,10:54:30,8.77,-0.01,91,79807,卖盘
400,10:54:25,8.78,0.01,2,1755,买盘
401,10:54:19,8.77,-0.01,60,52620,卖盘
402,10:54:16,8.78,--,5,4390,买盘
403,10:54:01,8.78,-0.01,171,150138,卖盘
404,10:53:49,8.79,0.01,1,878,买盘
405,10:53:29,8.78,--,20,17560,卖盘
406,10:53:10,8.78,--,200,175600,卖盘
407,10:53:04,8.78,--,1,877,卖盘
408,10:52:49,8.78,--,17,14925,卖盘
409,10:50:58,8.78,-0.01,5,4390,卖盘
410,10:50:34,8.79,-0.01,498,438462,卖盘
411,10:50:28,8.8,--,5,4400,买盘
412,10:50:19,8.8,--,100,88000,买盘
413,10:50:04,8.8,--,35,30800,卖盘
414,10:49:43,8.8,--,20,17600,卖盘
415,10:49:04,8.8,--,10,8800,卖盘
416,10:48:54,8.8,--,5,4400,卖盘
417,10:48:24,8.8,--,50,44000,卖盘
418,10:48:04,8.8,--,185,162800,买盘
419,10:47:49,8.8,--,5,4400,买盘
420,10:47:34,8.8,0.01,63,55440,买盘
421,10:47:04,8.79,-0.01,1,878,卖盘
422,10:46:39,8.8,--,5,4400,买盘
423,10:46:24,8.8,--,12,10560,买盘
424,10:46:19,8.8,--,3,2640,买盘
425,10:46:13,8.8,--,27,23760,买盘
426,10:45:43,8.8,--,6,5280,买盘
427,10:45:34,8.8,0.01,14,12320,买盘
428,10:44:28,8.79,--,10,8790,卖盘
429,10:43:37,8.79,-0.01,5,4395,卖盘
430,10:43:33,8.8,--,9,7920,买盘
431,10:43:28,8.8,0.01,15,13200,买盘
432,10:43:13,8.79,-0.01,1,878,卖盘
433,10:43:07,8.8,0.01,4,3520,买盘
434,10:43:03,8.79,-0.01,10,8790,卖盘
435,10:42:48,8.8,--,6,5280,买盘
436,10:42:33,8.8,--,20,17600,买盘
437,10:42:28,8.8,--,125,110000,买盘
438,10:42:22,8.8,0.01,20,17600,买盘
439,10:41:58,8.79,-0.01,22,19337,卖盘
440,10:41:52,8.8,0.01,6,5280,买盘
441,10:41:37,8.79,--,1,878,卖盘
442,10:41:33,8.79,--,0,0,卖盘
443,10:41:28,8.79,--,5,4395,卖盘
444,10:41:07,8.79,--,30,26369,卖盘
445,10:41:03,8.79,--,30,26369,卖盘
446,10:40:22,8.79,--,0,0,卖盘
447,10:40:03,8.79,-0.01,1,878,卖盘
448,10:39:03,8.8,--,3,2640,买盘
449,10:38:48,8.8,-0.01,66,58502,卖盘
450,10:38:28,8.81,0.01,3,2643,买盘
451,10:38:17,8.8,--,2,1760,卖盘
452,10:37:27,8.8,--,5,4857,买盘
453,10:37:22,8.8,--,10,8800,买盘
454,10:37:12,8.8,--,3,3062,卖盘
455,10:36:28,8.8,--,8,7497,买盘
456,10:35:52,8.8,--,5,4822,卖盘
457,10:35:37,8.8,--,44,39177,买盘
458,10:35:16,8.8,--,5,4400,买盘
459,10:35:12,8.8,--,20,17600,买盘
460,10:35:07,8.8,--,13,11862,卖盘
461,10:34:57,8.8,--,2,1760,卖盘
462,10:34:27,8.8,0.01,67,59417,买盘
463,10:34:22,8.79,-0.01,34,29885,卖盘
464,10:34:07,8.8,--,2,1760,买盘
465,10:33:42,8.8,--,54,47520,买盘
466,10:33:31,8.8,--,5,4400,买盘
467,10:32:37,8.8,0.01,47,41360,买盘
468,10:32:22,8.79,-0.01,10,8790,卖盘
469,10:31:57,8.8,0.01,61,53680,买盘
470,10:31:52,8.79,--,30,26369,卖盘
471,10:31:22,8.79,-0.01,40,35160,卖盘
472,10:31:12,8.8,0.01,5,4400,买盘
473,10:30:46,8.79,--,50,43949,卖盘
474,10:30:31,8.79,-0.01,2,1757,卖盘
475,10:30:16,8.8,--,31,27280,买盘
476,10:29:55,8.8,--,38,33440,买盘
477,10:29:52,8.8,--,32,28160,买盘
478,10:29:46,8.8,0.01,1,880,买盘
479,10:29:36,8.79,--,0,158,买盘
480,10:29:25,8.79,--,4,3515,买盘
481,10:29:16,8.79,--,15,13184,买盘
482,10:29:10,8.79,--,0,720,卖盘
483,10:29:07,8.79,--,1,878,卖盘
484,10:29:01,8.79,--,48,42350,买盘
485,10:27:46,8.79,-0.01,12,11268,卖盘
486,10:27:21,8.8,--,5,4400,买盘
487,10:27:06,8.8,0.01,2,1760,买盘
488,10:27:01,8.79,-0.01,20,17580,卖盘
489,10:26:31,8.8,0.01,4,3520,买盘
490,10:26:01,8.79,--,2,1757,卖盘
491,10:25:46,8.79,--,25,21974,卖盘
492,10:25:06,8.79,-0.01,30,26369,卖盘
493,10:25:01,8.8,--,3,2640,买盘
494,10:24:46,8.8,0.01,1,880,买盘
495,10:24:36,8.79,-0.01,58,50981,卖盘
496,10:24:16,8.8,0.01,20,17600,买盘
497,10:24:06,8.79,-0.01,1,878,卖盘
498,10:23:51,8.8,--,85,74800,买盘
499,10:23:46,8.8,0.01,10,8800,买盘
500,10:23:16,8.79,0.01,5,4553,买盘
501,10:23:10,8.78,--,7,6146,买盘
502,10:23:06,8.78,-0.01,109,96421,卖盘
503,10:22:55,8.79,--,6,5273,买盘
504,10:22:34,8.79,--,400,351599,买盘
505,10:22:16,8.79,0.01,16,14063,买盘
506,10:22:04,8.78,--,54,47570,卖盘
507,10:21:55,8.78,-0.01,10,8780,卖盘
508,10:21:16,8.79,-0.01,76,66804,卖盘
509,10:20:55,8.8,0.01,11,9680,买盘
510,10:20:45,8.79,-0.01,20,17580,卖盘
511,10:20:10,8.8,-0.01,10,8800,卖盘
512,10:20:04,8.81,--,10,8810,买盘
513,10:20:00,8.81,0.01,9,7929,买盘
514,10:19:55,8.8,--,40,35200,买盘
515,10:19:45,8.8,--,31,27280,买盘
516,10:19:40,8.8,0.01,15,13200,买盘
517,10:19:30,8.79,-0.01,60,52739,卖盘
518,10:19:15,8.8,0.01,30,26400,买盘
519,10:19:04,8.79,-0.01,1,878,卖盘
520,10:18:55,8.8,--,10,8800,买盘
521,10:18:49,8.8,--,8,7040,买盘
522,10:18:40,8.8,--,80,70400,买盘
523,10:18:30,8.8,0.01,5,4400,买盘
524,10:18:19,8.79,--,12,10547,卖盘
525,10:18:04,8.79,--,23,20216,卖盘
526,10:18:00,8.79,-0.01,22,19337,卖盘
527,10:17:55,8.8,0.01,147,129360,买盘
528,10:17:45,8.79,-0.01,38,33402,卖盘
529,10:17:34,8.8,-0.01,317,278960,卖盘
530,10:17:25,8.81,--,10,8810,买盘
531,10:17:10,8.81,--,35,30835,卖盘
532,10:16:55,8.81,--,15,13215,买盘
533,10:16:40,8.81,0.01,10,8810,买盘
534,10:16:34,8.8,-0.01,7,6160,卖盘
535,10:16:19,8.81,0.01,31,27311,买盘
536,10:16:15,8.8,--,20,17600,卖盘
537,10:16:10,8.8,--,1,880,卖盘
538,10:16:04,8.8,-0.01,160,140800,卖盘
539,10:16:00,8.81,--,15,13215,买盘
540,10:15:54,8.81,--,2,1762,买盘
541,10:15:34,8.81,0.01,130,114530,买盘
542,10:15:04,8.8,-0.01,1,880,卖盘
543,10:14:55,8.81,0.01,10,8810,买盘
544,10:14:39,8.8,-0.01,3,2640,卖盘
545,10:14:28,8.81,0.01,9,7929,买盘
546,10:14:24,8.8,-0.01,20,17600,卖盘
547,10:14:09,8.81,--,3,2643,买盘
548,10:14:04,8.81,0.01,10,8810,买盘
549,10:13:19,8.8,--,8,7040,卖盘
550,10:13:04,8.8,--,23,20240,卖盘
551,10:12:39,8.8,--,11,9680,卖盘
552,10:12:19,8.8,--,87,76560,买盘
553,10:11:54,8.8,--,58,51040,买盘
554,10:11:39,8.8,--,29,25520,买盘
555,10:11:34,8.8,--,14,12320,买盘
556,10:11:24,8.8,--,7,6160,买盘
557,10:11:13,8.8,--,2,1760,买盘
558,10:11:09,8.8,0.01,50,44000,买盘
559,10:11:04,8.79,-0.01,1,878,卖盘
560,10:10:54,8.8,--,50,44000,买盘
561,10:10:39,8.8,--,31,27280,买盘
562,10:10:34,8.8,--,20,17600,买盘
563,10:10:28,8.8,--,41,36080,买盘
564,10:10:19,8.8,--,76,66880,卖盘
565,10:10:04,8.8,--,54,47520,买盘
566,10:09:58,8.8,--,13,11440,买盘
567,10:09:49,8.8,--,150,132000,卖盘
568,10:09:19,8.8,-0.01,8,7040,卖盘
569,10:09:09,8.81,--,3,2643,买盘
570,10:08:58,8.81,--,10,8810,买盘
571,10:08:43,8.81,--,5,4405,买盘
572,10:08:33,8.81,--,0,0,买盘
573,10:08:28,8.81,0.01,66,58146,买盘
574,10:08:18,8.8,--,11,9680,买盘
575,10:07:58,8.8,--,6,5280,买盘
576,10:07:48,8.8,0.01,61,53680,买盘
577,10:07:03,8.79,-0.01,10,8790,卖盘
578,10:06:58,8.8,--,31,27280,买盘
579,10:06:52,8.8,--,31,27280,买盘
580,10:06:48,8.8,--,38,33440,买盘
581,10:06:43,8.8,--,2,1760,买盘
582,10:06:37,8.8,--,36,31680,买盘
583,10:06:28,8.8,0.01,40,35200,买盘
584,10:06:18,8.79,--,20,17580,卖盘
585,10:06:03,8.79,--,11,9668,卖盘
586,10:05:58,8.79,-0.01,30,26369,卖盘
587,10:04:52,8.8,--,3,2640,买盘
588,10:04:43,8.8,--,20,17600,买盘
589,10:04:28,8.8,0.01,3,2640,买盘
590,10:04:18,8.79,-0.02,19,16701,卖盘
591,10:03:58,8.81,0.01,61,53741,买盘
592,10:03:48,8.8,0.01,18,15840,买盘
593,10:03:43,8.79,--,50,43949,卖盘
594,10:03:28,8.79,--,1,878,卖盘
595,10:03:18,8.79,-0.01,1,878,卖盘
596,10:03:03,8.8,--,20,17600,买盘
597,10:02:52,8.8,--,10,8800,买盘
598,10:02:33,8.8,--,58,51480,卖盘
599,10:01:48,8.8,--,28,24640,卖盘
600,10:01:42,8.8,-0.01,12,10560,卖盘
601,10:01:12,8.81,0.01,18,15858,买盘
602,10:01:07,8.8,-0.01,1,880,卖盘
603,10:00:42,8.81,--,17,14977,卖盘
604,10:00:27,8.81,-0.01,3,2643,卖盘
605,10:00:22,8.82,--,21,18522,买盘
606,10:00:17,8.82,--,12,10584,买盘
607,10:00:12,8.82,--,30,26460,买盘
608,09:59:57,8.82,--,0,0,买盘
609,09:59:52,8.82,--,80,70560,买盘
610,09:59:31,8.82,--,20,17640,买盘
611,09:59:22,8.82,--,0,0,买盘
612,09:58:52,8.82,--,11,9702,买盘
613,09:58:27,8.82,0.01,30,26460,买盘
614,09:58:22,8.81,--,12,10572,卖盘
615,09:58:12,8.81,--,25,22025,卖盘
616,09:58:07,8.81,-0.01,80,70480,卖盘
617,09:58:01,8.82,0.01,15,13230,买盘
618,09:57:52,8.81,--,22,19382,卖盘
619,09:57:42,8.81,-0.01,5,4405,卖盘
620,09:57:31,8.82,0.01,10,8820,买盘
621,09:57:27,8.81,-0.01,90,79290,卖盘
622,09:57:12,8.82,0.01,2,1764,买盘
623,09:57:07,8.81,--,1,881,卖盘
624,09:56:57,8.81,-0.01,50,44050,卖盘
625,09:56:41,8.82,--,9,7938,买盘
626,09:55:37,8.82,--,18,15876,买盘
627,09:55:31,8.82,--,30,26460,卖盘
628,09:55:16,8.82,--,70,61740,卖盘
629,09:55:11,8.82,-0.01,12,10584,买盘
630,09:55:06,8.83,--,10,8830,买盘
631,09:55:01,8.83,0.01,30,26490,买盘
632,09:54:56,8.82,-0.01,1,882,卖盘
633,09:54:36,8.83,--,0,0,买盘
634,09:54:16,8.83,--,67,59161,买盘
635,09:54:06,8.83,--,48,42384,买盘
636,09:54:01,8.83,-0.01,39,34437,买盘
637,09:53:51,8.84,--,0,0,买盘
638,09:53:46,8.84,0.01,187,165308,买盘
639,09:53:41,8.83,--,8,7064,卖盘
640,09:53:36,8.83,--,16,14128,卖盘
641,09:53:26,8.83,--,11,9713,卖盘
642,09:53:21,8.83,0.02,186,164238,买盘
643,09:53:16,8.81,--,0,0,卖盘
644,09:53:11,8.81,-0.01,33,29073,卖盘
645,09:53:06,8.82,--,99,87318,卖盘
646,09:53:01,8.82,0.01,91,80262,买盘
647,09:52:31,8.81,--,14,12334,卖盘
648,09:52:26,8.81,--,5,4405,卖盘
649,09:52:21,8.81,--,36,31716,卖盘
650,09:52:16,8.81,--,10,8810,卖盘
651,09:52:06,8.81,0.01,54,47574,买盘
652,09:51:51,8.8,--,15,13200,卖盘
653,09:51:46,8.8,0.01,273,240680,买盘
654,09:51:36,8.79,--,17,14942,卖盘
655,09:51:31,8.79,0.01,179,157340,买盘
656,09:51:10,8.78,--,10,8780,买盘
657,09:51:06,8.78,0.01,70,61459,买盘
658,09:50:51,8.77,--,10,8770,卖盘
659,09:50:40,8.77,--,6,5262,买盘
660,09:50:25,8.77,--,4,3508,买盘
661,09:50:21,8.77,-0.01,25,21925,卖盘
662,09:50:10,8.78,--,5,4390,买盘
663,09:50:06,8.78,--,40,35120,买盘
664,09:49:46,8.78,--,5,4390,买盘
665,09:49:31,8.78,--,12,10536,买盘
666,09:49:25,8.78,--,3,2634,买盘
667,09:49:16,8.78,--,40,35120,买盘
668,09:49:01,8.78,0.01,5,4390,买盘
669,09:48:55,8.77,--,6,5262,买盘
670,09:48:46,8.77,--,1,877,卖盘
671,09:48:40,8.77,--,7,6139,买盘
672,09:48:30,8.77,0.01,4,3508,买盘
673,09:48:20,8.76,--,4,3504,买盘
674,09:48:10,8.76,--,21,18396,买盘
675,09:48:05,8.76,--,10,8760,买盘
676,09:48:00,8.76,--,23,20148,买盘
677,09:47:55,8.76,--,128,112128,买盘
678,09:47:50,8.76,--,94,82344,买盘
679,09:47:45,8.76,--,218,190968,买盘
680,09:47:40,8.76,--,118,103368,买盘
681,09:47:05,8.76,0.01,21,18396,买盘
682,09:46:50,8.75,--,321,280875,卖盘
683,09:46:40,8.75,-0.01,22,19250,卖盘
684,09:46:25,8.76,--,6,5256,卖盘
685,09:46:20,8.76,--,10,8760,卖盘
686,09:46:15,8.76,--,14,12264,卖盘
687,09:46:10,8.76,-0.01,41,35916,卖盘
688,09:46:00,8.77,0.01,90,78930,买盘
689,09:45:50,8.76,-0.01,30,26280,卖盘
690,09:45:40,8.77,--,10,8770,买盘
691,09:45:30,8.77,0.01,2,1754,买盘
692,09:45:15,8.76,-0.01,25,21900,卖盘
693,09:45:05,8.77,--,1,877,买盘
694,09:44:50,8.77,0.02,13,11401,卖盘
695,09:44:19,8.75,--,0,0,卖盘
696,09:43:55,8.75,--,0,0,卖盘
697,09:43:49,8.75,-0.02,73,63875,卖盘
698,09:43:40,8.77,--,38,33326,买盘
699,09:43:30,8.77,--,5,4385,买盘
700,09:43:19,8.77,-0.01,19,16663,卖盘
701,09:43:15,8.78,-0.01,4,3511,卖盘
702,09:43:10,8.79,0.01,21,18459,买盘
703,09:43:04,8.78,--,1,877,卖盘
704,09:42:55,8.78,0.01,5,4390,买盘
705,09:42:25,8.77,--,0,0,卖盘
706,09:42:14,8.77,0.01,14,12278,买盘
707,09:42:04,8.76,--,2,1752,卖盘
708,09:41:49,8.76,--,1,876,卖盘
709,09:41:39,8.76,--,32,28032,卖盘
710,09:41:34,8.76,--,33,28908,卖盘
711,09:41:24,8.76,--,47,41172,卖盘
712,09:41:14,8.76,--,12,10512,卖盘
713,09:41:09,8.76,-0.01,19,16644,卖盘
714,09:41:04,8.77,0.01,16,14032,买盘
715,09:40:29,8.76,--,4,3504,卖盘
716,09:40:04,8.76,--,55,48180,卖盘
717,09:39:54,8.76,--,4,3504,卖盘
718,09:39:29,8.76,--,186,162936,买盘
719,09:39:24,8.76,--,3,2628,买盘
720,09:39:04,8.76,--,32,28032,买盘
721,09:38:59,8.76,--,382,334632,卖盘
722,09:38:54,8.76,-0.01,10,8760,卖盘
723,09:38:49,8.77,0.01,30,26310,买盘
724,09:38:34,8.76,-0.01,1,876,卖盘
725,09:38:29,8.77,--,2,1754,买盘
726,09:38:24,8.77,--,139,121903,卖盘
727,09:38:14,8.77,--,80,70160,卖盘
728,09:38:04,8.77,--,15,13155,卖盘
729,09:37:39,8.77,-0.01,140,122780,卖盘
730,09:37:34,8.78,--,22,19316,买盘
731,09:37:19,8.78,--,63,55313,买盘
732,09:37:09,8.78,0.01,76,66728,买盘
733,09:37:04,8.77,-0.01,90,78930,卖盘
734,09:36:58,8.78,--,23,20194,买盘
735,09:36:54,8.78,--,1,877,买盘
736,09:36:49,8.78,--,40,35120,买盘
737,09:36:39,8.78,--,10,8780,买盘
738,09:36:34,8.78,--,50,43900,买盘
739,09:36:28,8.78,--,468,410903,卖盘
740,09:36:19,8.78,-0.02,9,7901,卖盘
741,09:36:13,8.8,0.02,45,39600,买盘
742,09:36:04,8.78,0.01,75,65850,买盘
743,09:35:28,8.77,-0.01,5,4385,卖盘
744,09:35:03,8.78,--,10,8780,买盘
745,09:34:43,8.78,-0.02,27,23706,卖盘
746,09:34:38,8.8,--,10,8800,买盘
747,09:34:33,8.8,0.02,50,44000,买盘
748,09:34:28,8.78,-0.02,5,4390,卖盘
749,09:34:23,8.8,0.02,10,8800,买盘
750,09:34:18,8.78,--,50,43900,卖盘
751,09:34:03,8.78,--,1,877,卖盘
752,09:33:58,8.78,0.02,1,877,买盘
753,09:33:33,8.76,--,235,205860,买盘
754,09:33:23,8.76,--,30,26280,买盘
755,09:33:18,8.76,0.01,2,1752,买盘
756,09:33:13,8.75,--,11,9625,卖盘
757,09:33:08,8.75,-0.01,28,24500,卖盘
758,09:33:03,8.76,0.01,33,28908,买盘
759,09:32:58,8.75,0.01,27,23625,买盘
760,09:32:48,8.74,-0.02,20,17480,卖盘
761,09:32:43,8.76,--,10,8760,买盘
762,09:32:28,8.76,0.02,23,20148,买盘
763,09:32:13,8.74,--,0,0,中性盘
764,09:32:08,8.74,--,0,0,买盘
765,09:32:03,8.74,--,7,6118,买盘
766,09:31:58,8.74,--,110,96140,买盘
767,09:31:48,8.74,--,50,43700,买盘
768,09:31:43,8.74,--,27,23598,买盘
769,09:31:28,8.74,0.01,2,1748,买盘
770,09:31:23,8.73,-0.01,50,43650,卖盘
771,09:31:13,8.74,-0.02,88,76912,卖盘
772,09:31:03,8.76,--,24,21024,卖盘
773,09:30:58,8.76,-0.03,15,13140,卖盘
774,09:30:43,8.79,--,0,0,买盘
775,09:30:18,8.79,-0.01,5,4395,卖盘
776,09:30:12,8.8,--,30,26400,买盘
777,09:30:08,8.8,0.01,100,88000,买盘
778,09:30:03,8.79,--,57,50102,买盘
779,09:28:57,8.79,--,0,0,买盘
780,09:25:06,8.79,8.79,69,60650,买盘
