,time,price,change,volume,amount,type
0,15:00:00,21.6,--,0,0,卖盘
1,15:00:00,21.6,-0.01,0,0,中性盘
2,14:59:58,21.61,0.01,14,30254,买盘
3,14:59:54,21.6,--,38,82080,买盘
4,14:59:48,21.6,-0.01,126,272160,卖盘
5,14:59:43,21.61,-0.01,11,23771,卖盘
6,14:59:39,21.62,0.01,25,54050,买盘
7,14:59:33,21.61,0.01,163,352243,买盘
8,14:59:28,21.6,0.01,72,155520,买盘
9,14:59:24,21.59,-0.01,84,181356,卖盘
10,14:59:18,21.6,0.01,69,149040,买盘
11,14:59:13,21.59,--,12,25908,卖盘
12,14:59:09,21.59,-0.01,85,183515,卖盘
13,14:59:03,21.6,--,114,246240,买盘
14,14:58:53,21.6,-0.02,325,702000,卖盘
15,14:58:48,21.62,0.02,210,454020,买盘
16,14:58:43,21.6,-0.01,63,136080,卖盘
17,14:58:38,21.61,--,104,224744,买盘
18,14:58:33,21.61,--,56,121016,买盘
19,14:58:28,21.61,--,3,6483,买盘
20,14:58:23,21.61,--,79,170719,卖盘
21,14:58:18,21.61,--,425,918425,卖盘
22,14:58:08,21.61,0.01,117,252837,买盘
23,14:58:03,21.6,--,155,334800,中性盘
24,14:57:58,21.6,--,240,518400,买盘
25,14:57:53,21.6,--,766,1654560,买盘
26,14:57:48,21.6,0.01,83,179280,买盘
27,14:57:43,21.59,--,206,444754,卖盘
28,14:57:38,21.59,-0.01,154,333565,中性盘
29,14:57:33,21.6,0.03,1284,2773440,买盘
30,14:57:28,21.57,--,12,25884,卖盘
31,14:57:23,21.57,--,11,23727,卖盘
32,14:57:18,21.57,0.01,80,172560,买盘
33,14:57:13,21.56,--,32,68992,卖盘
34,14:57:08,21.56,--,51,109956,卖盘
35,14:57:03,21.56,--,19,40964,卖盘
36,14:56:58,21.56,--,13,28028,卖盘
37,14:56:53,21.56,0.01,196,422576,买盘
38,14:56:48,21.55,--,63,135765,买盘
39,14:56:43,21.55,-0.01,8,17240,买盘
40,14:56:38,21.56,0.01,80,172480,买盘
41,14:56:33,21.55,--,152,327560,买盘
42,14:56:28,21.55,--,10,21550,买盘
43,14:56:23,21.55,0.01,57,122835,中性盘
44,14:56:18,21.54,-0.01,170,366180,卖盘
45,14:56:13,21.55,--,11,23705,卖盘
46,14:56:08,21.55,0.01,61,132532,买盘
47,14:56:03,21.54,--,34,73236,买盘
48,14:55:58,21.54,--,2,4308,买盘
49,14:55:53,21.54,-0.01,148,318792,卖盘
50,14:55:48,21.55,0.01,21,45255,买盘
51,14:55:43,21.54,--,11,23694,卖盘
52,14:55:38,21.54,0.01,225,485727,买盘
53,14:55:33,21.53,--,57,122721,卖盘
54,14:55:27,21.53,--,2,4306,卖盘
55,14:55:22,21.53,0.01,30,64590,买盘
56,14:55:18,21.52,-0.02,12,25824,卖盘
57,14:55:12,21.54,0.01,13,28002,买盘
58,14:55:03,21.53,--,56,120568,卖盘
59,14:54:57,21.53,0.01,71,152863,中性盘
60,14:54:52,21.52,-0.02,17,36584,卖盘
61,14:54:48,21.54,0.01,54,116316,买盘
62,14:54:42,21.53,--,64,137792,卖盘
63,14:54:37,21.53,0.01,29,62437,中性盘
64,14:54:33,21.52,--,166,357232,卖盘
65,14:54:27,21.52,-0.01,61,131272,卖盘
66,14:54:22,21.53,0.01,7,15071,买盘
67,14:54:18,21.52,--,38,81776,卖盘
68,14:54:07,21.52,-0.01,1,2152,卖盘
69,14:54:03,21.53,0.01,16,34448,买盘
70,14:53:57,21.52,-0.01,11,23672,买盘
71,14:53:48,21.53,0.03,5,10765,买盘
72,14:53:42,21.5,--,32,68800,卖盘
73,14:53:33,21.5,--,5,10750,卖盘
74,14:53:27,21.5,-0.03,16,34400,卖盘
75,14:53:22,21.53,--,1,2153,买盘
76,14:53:18,21.53,-0.01,35,75355,中性盘
77,14:53:12,21.54,0.01,30,64620,买盘
78,14:53:07,21.53,--,5,10765,买盘
79,14:53:03,21.53,0.03,10,21530,买盘
80,14:52:57,21.5,-0.03,106,227900,卖盘
81,14:52:52,21.53,--,17,36601,卖盘
82,14:52:48,21.53,--,20,43060,卖盘
83,14:52:42,21.53,--,8,17224,卖盘
84,14:52:37,21.53,--,6,12918,卖盘
85,14:52:32,21.53,0.02,57,122936,买盘
86,14:52:27,21.51,-0.01,73,158958,卖盘
87,14:52:17,21.52,-0.01,4,8608,中性盘
88,14:52:12,21.53,0.02,115,247595,买盘
89,14:52:07,21.51,-0.02,15,32265,卖盘
90,14:52:02,21.53,--,469,1009757,卖盘
91,14:51:57,21.53,-0.01,9,19377,卖盘
92,14:51:52,21.54,0.01,24,51696,买盘
93,14:51:47,21.53,0.07,45,97100,买盘
94,14:51:42,21.46,-0.05,473,1016989,卖盘
95,14:51:37,21.51,0.01,58,124758,买盘
96,14:51:32,21.5,--,184,395600,卖盘
97,14:51:27,21.5,--,12,25800,卖盘
98,14:51:22,21.5,0.04,636,1367615,买盘
99,14:51:17,21.46,--,10,21460,卖盘
100,14:51:12,21.46,-0.01,79,169534,卖盘
101,14:51:07,21.47,0.02,7,15029,卖盘
102,14:51:02,21.45,--,100,214500,卖盘
103,14:50:57,21.45,-0.02,177,379665,卖盘
104,14:50:47,21.47,0.02,16,34352,买盘
105,14:50:42,21.45,--,64,137280,中性盘
106,14:50:37,21.45,--,8,17160,买盘
107,14:50:32,21.45,0.03,51,109395,买盘
108,14:50:22,21.42,-0.03,1,2142,卖盘
109,14:50:17,21.45,-0.04,19,40755,卖盘
110,14:50:12,21.49,--,12,25787,买盘
111,14:50:07,21.49,0.02,56,120343,买盘
112,14:50:02,21.47,-0.02,18,38646,卖盘
113,14:49:57,21.49,-0.01,21,45129,买盘
114,14:49:47,21.5,0.01,22,47300,买盘
115,14:49:42,21.49,--,11,23639,卖盘
116,14:49:37,21.49,--,2,4298,卖盘
117,14:49:32,21.49,0.03,39,83811,买盘
118,14:49:27,21.46,--,43,92278,卖盘
119,14:49:22,21.46,--,95,203870,卖盘
120,14:49:17,21.46,-0.01,30,64380,卖盘
121,14:49:12,21.47,--,36,77292,买盘
122,14:49:06,21.47,-0.03,3,6441,买盘
123,14:49:02,21.5,-0.05,63,137385,卖盘
124,14:48:57,21.55,0.06,451,972120,买盘
125,14:48:51,21.49,-0.01,103,221346,卖盘
126,14:48:47,21.5,0.03,407,875050,买盘
127,14:48:42,21.47,-0.03,96,206112,卖盘
128,14:48:36,21.5,0.01,60,129000,买盘
129,14:48:32,21.49,0.03,75,161175,买盘
130,14:48:27,21.46,0.01,326,699596,买盘
131,14:48:21,21.45,--,2,4290,卖盘
132,14:48:17,21.45,--,29,62205,卖盘
133,14:48:12,21.45,0.04,255,546975,买盘
134,14:48:06,21.41,0.01,13,27833,买盘
135,14:47:57,21.4,0.05,494,1057160,买盘
136,14:47:51,21.35,0.01,22,46970,卖盘
137,14:47:46,21.34,--,0,0,卖盘
138,14:47:36,21.34,-0.02,26,55484,卖盘
139,14:47:31,21.36,--,3,6408,买盘
140,14:47:21,21.36,0.03,1,2136,买盘
141,14:47:16,21.33,-0.04,10,21330,卖盘
142,14:47:12,21.37,0.04,32,68384,买盘
143,14:47:06,21.33,-0.04,10,21330,卖盘
144,14:47:01,21.37,--,0,0,买盘
145,14:46:57,21.37,0.04,21,44877,买盘
146,14:46:46,21.33,-0.03,8,17064,卖盘
147,14:46:42,21.36,0.03,44,93984,买盘
148,14:46:36,21.33,-0.02,38,81054,卖盘
149,14:46:27,21.35,0.02,16,34160,买盘
150,14:46:21,21.33,0.01,11,23462,买盘
151,14:46:12,21.32,--,5,10660,卖盘
152,14:46:06,21.32,--,9,19188,卖盘
153,14:46:01,21.32,--,1,2132,卖盘
154,14:45:51,21.32,--,10,21320,卖盘
155,14:45:46,21.32,0.01,17,36244,卖盘
156,14:45:41,21.31,--,0,0,卖盘
157,14:45:36,21.31,-0.01,9,19179,卖盘
158,14:45:26,21.32,-0.01,150,319800,卖盘
159,14:45:21,21.33,--,0,0,卖盘
160,14:45:16,21.33,-0.04,20,42660,卖盘
161,14:45:11,21.37,--,2,4274,卖盘
162,14:45:06,21.37,--,46,98302,买盘
163,14:45:01,21.37,0.04,50,106850,买盘
164,14:44:56,21.33,-0.03,21,44793,卖盘
165,14:44:51,21.36,0.03,40,85440,买盘
166,14:44:46,21.33,--,5,10665,卖盘
167,14:44:41,21.33,--,1,2133,卖盘
168,14:44:36,21.33,--,11,23462,卖盘
169,14:44:31,21.33,-0.03,5,10665,卖盘
170,14:44:26,21.36,--,7,14952,卖盘
171,14:44:21,21.36,--,16,34176,买盘
172,14:44:06,21.36,0.04,70,149520,买盘
173,14:43:56,21.32,-0.04,4,8528,卖盘
174,14:43:51,21.36,0.01,7,14952,买盘
175,14:43:41,21.35,0.02,5,10675,买盘
176,14:43:36,21.33,--,12,25595,卖盘
177,14:43:26,21.33,--,2,4266,卖盘
178,14:43:21,21.33,--,14,29861,卖盘
179,14:43:15,21.33,--,0,0,卖盘
180,14:43:11,21.33,-0.03,1,2133,卖盘
181,14:43:06,21.36,0.03,11,23496,买盘
182,14:43:01,21.33,--,13,27728,卖盘
183,14:42:56,21.33,--,27,57590,卖盘
184,14:42:51,21.33,0.01,1,2133,卖盘
185,14:42:46,21.32,-0.01,1,2132,卖盘
186,14:42:41,21.33,0.01,21,44793,买盘
187,14:42:36,21.32,-0.01,13,27716,卖盘
188,14:42:30,21.33,0.01,51,108782,买盘
189,14:42:26,21.32,-0.01,1,2132,卖盘
190,14:42:21,21.33,--,32,68256,买盘
191,14:42:15,21.33,--,3,6398,卖盘
192,14:42:06,21.33,-0.03,15,31994,卖盘
193,14:42:00,21.36,-0.01,20,42720,买盘
194,14:41:56,21.37,0.01,70,149590,买盘
195,14:41:51,21.36,--,4,8544,卖盘
196,14:41:41,21.36,--,46,98256,买盘
197,14:41:36,21.36,--,14,29904,买盘
198,14:41:26,21.36,--,5,10680,买盘
199,14:41:21,21.36,--,2,4272,买盘
200,14:41:11,21.36,--,1,2136,买盘
201,14:41:06,21.36,--,38,81168,卖盘
202,14:40:55,21.36,--,2,4272,卖盘
203,14:40:51,21.36,--,29,61944,买盘
204,14:40:45,21.36,0.05,5,10680,买盘
205,14:40:36,21.31,--,8,17048,卖盘
206,14:40:30,21.31,--,102,217362,卖盘
207,14:40:25,21.31,-0.05,9,19179,卖盘
208,14:40:21,21.36,--,2,4272,买盘
209,14:40:15,21.36,0.05,2,4272,中性盘
210,14:40:10,21.31,-0.08,5,10655,卖盘
211,14:40:06,21.39,0.03,44,94116,买盘
212,14:40:00,21.36,-0.01,2,4272,中性盘
213,14:39:55,21.37,0.06,20,42740,买盘
214,14:39:51,21.31,-0.06,55,117205,卖盘
215,14:39:45,21.37,0.02,28,59836,买盘
216,14:39:36,21.35,--,789,1684515,买盘
217,14:39:25,21.35,0.01,90,192150,买盘
218,14:39:21,21.34,--,16,34144,卖盘
219,14:39:15,21.34,--,8,17072,卖盘
220,14:39:10,21.34,--,102,217668,卖盘
221,14:39:05,21.34,-0.01,17,36278,卖盘
222,14:39:00,21.35,0.01,162,345870,买盘
223,14:38:51,21.34,-0.01,92,196328,买盘
224,14:38:45,21.35,--,0,0,买盘
225,14:38:40,21.35,0.01,100,213500,买盘
226,14:38:35,21.34,0.04,25,53350,买盘
227,14:38:30,21.3,-0.04,50,106500,卖盘
228,14:38:25,21.34,--,2,4268,买盘
229,14:38:20,21.34,-0.01,21,44814,中性盘
230,14:38:15,21.35,0.01,11,23485,买盘
231,14:38:10,21.34,--,10,21340,买盘
232,14:38:05,21.34,0.02,19,40546,买盘
233,14:38:00,21.32,-0.02,2,4264,卖盘
234,14:37:55,21.34,--,3,6402,买盘
235,14:37:50,21.34,0.02,3,6402,买盘
236,14:37:45,21.32,-0.02,4,8528,卖盘
237,14:37:40,21.34,0.04,52,110968,买盘
238,14:37:35,21.3,--,0,0,卖盘
239,14:37:30,21.3,--,46,97980,卖盘
240,14:37:20,21.3,--,12,25560,卖盘
241,14:37:05,21.3,0.01,18,38340,买盘
242,14:37:00,21.29,--,201,427929,卖盘
243,14:36:50,21.29,--,47,100063,卖盘
244,14:36:45,21.29,--,1,2129,卖盘
245,14:36:35,21.29,-0.01,37,78773,卖盘
246,14:36:30,21.3,--,144,306720,买盘
247,14:36:20,21.3,--,150,319500,买盘
248,14:36:05,21.3,0.01,1,2130,买盘
249,14:36:00,21.29,-0.01,5,10645,卖盘
250,14:35:55,21.3,0.01,30,63900,买盘
251,14:35:50,21.29,-0.01,12,25548,卖盘
252,14:35:45,21.3,0.01,301,641130,买盘
253,14:35:35,21.29,-0.01,8,17032,卖盘
254,14:35:30,21.3,--,200,426000,买盘
255,14:35:20,21.3,--,20,42600,买盘
256,14:35:15,21.3,0.01,1,2130,买盘
257,14:35:09,21.29,--,6,12774,卖盘
258,14:34:59,21.29,-0.01,17,36193,买盘
259,14:34:54,21.3,--,0,0,买盘
260,14:34:45,21.3,0.01,79,168270,买盘
261,14:34:35,21.29,0.01,20,42580,买盘
262,14:34:30,21.28,-0.01,5,10640,卖盘
263,14:34:24,21.29,--,6,12774,买盘
264,14:34:15,21.29,--,67,142643,卖盘
265,14:34:05,21.29,--,6,12774,卖盘
266,14:33:59,21.29,--,2,4258,卖盘
267,14:33:50,21.29,-0.01,60,127740,中性盘
268,14:33:45,21.3,0.02,527,1122510,买盘
269,14:33:35,21.28,-0.01,5,10640,卖盘
270,14:33:30,21.29,-0.01,10,21290,卖盘
271,14:33:24,21.3,--,8,17040,买盘
272,14:33:19,21.3,--,103,219390,买盘
273,14:33:09,21.3,--,10,21300,买盘
274,14:32:59,21.3,0.01,5,10650,买盘
275,14:32:49,21.29,--,2,4258,卖盘
276,14:32:39,21.29,--,20,42580,买盘
277,14:32:29,21.29,--,29,61741,买盘
278,14:32:19,21.29,--,1,2129,卖盘
279,14:32:14,21.29,--,10,21290,卖盘
280,14:32:09,21.29,--,7,14903,买盘
281,14:31:59,21.29,--,14,29806,买盘
282,14:31:45,21.29,--,71,151159,卖盘
283,14:31:39,21.29,-0.01,15,31935,卖盘
284,14:31:24,21.3,--,94,200220,买盘
285,14:31:19,21.3,--,3,6390,买盘
286,14:31:14,21.3,-0.04,41,87330,卖盘
287,14:31:09,21.34,--,33,70422,买盘
288,14:30:59,21.34,0.02,53,113102,买盘
289,14:30:54,21.32,--,100,213200,卖盘
290,14:30:38,21.32,--,8,17056,买盘
291,14:30:29,21.32,0.01,10,21320,买盘
292,14:30:23,21.31,--,1,2131,卖盘
293,14:30:19,21.31,--,20,42620,卖盘
294,14:30:14,21.31,0.01,35,74585,买盘
295,14:30:09,21.3,--,2,4260,卖盘
296,14:30:04,21.3,--,3,6390,卖盘
297,14:29:59,21.3,0.01,2,4260,买盘
298,14:29:38,21.29,0.01,1,2129,中性盘
299,14:29:34,21.28,-0.01,45,95760,卖盘
300,14:29:29,21.29,--,196,417284,买盘
301,14:29:24,21.29,0.01,1,2129,买盘
302,14:29:14,21.28,--,5,10640,卖盘
303,14:29:03,21.28,0.01,53,113954,买盘
304,14:28:54,21.27,-0.01,1,2127,卖盘
305,14:28:48,21.28,0.01,100,212800,买盘
306,14:28:44,21.27,--,16,34032,卖盘
307,14:28:39,21.27,--,1,2127,卖盘
308,14:28:17,21.27,-0.01,6,12762,卖盘
309,14:28:14,21.28,0.03,75,159600,买盘
310,14:28:08,21.25,--,33,70125,卖盘
311,14:27:53,21.25,--,2,4250,卖盘
312,14:27:38,21.25,--,1,2125,买盘
313,14:27:23,21.25,0.01,1,2125,中性盘
314,14:27:17,21.24,0.01,6,12743,买盘
315,14:27:14,21.23,-0.01,60,127380,卖盘
316,14:27:09,21.24,--,17,36108,卖盘
317,14:26:54,21.24,--,4,8496,卖盘
318,14:26:43,21.24,0.02,2,4248,卖盘
319,14:26:28,21.22,--,0,0,卖盘
320,14:26:23,21.22,-0.02,21,46217,卖盘
321,14:26:13,21.24,--,5,10620,买盘
322,14:26:03,21.24,--,25,53099,买盘
323,14:25:58,21.24,--,21,44604,买盘
324,14:25:54,21.24,0.02,2,4248,买盘
325,14:25:43,21.22,--,157,333196,买盘
326,14:25:32,21.22,--,10,21220,买盘
327,14:25:23,21.22,--,15,31830,买盘
328,14:25:18,21.22,--,1,2122,买盘
329,14:25:08,21.22,--,4,8488,买盘
330,14:25:02,21.22,--,3,6366,买盘
331,14:24:58,21.22,--,5,10610,买盘
332,14:24:53,21.22,--,216,458352,卖盘
333,14:24:48,21.22,-0.02,6,12732,卖盘
334,14:24:38,21.24,0.02,10,21240,买盘
335,14:24:23,21.22,--,2,4244,卖盘
336,14:24:13,21.22,--,3,6366,卖盘
337,14:24:08,21.22,--,4,8488,买盘
338,14:24:02,21.22,--,5,10610,买盘
339,14:23:58,21.22,--,16,33952,卖盘
340,14:23:53,21.22,-0.02,5,10610,卖盘
341,14:23:38,21.24,--,13,27611,买盘
342,14:23:32,21.24,-0.02,12,25487,卖盘
343,14:23:17,21.26,--,0,0,买盘
344,14:23:13,21.26,--,0,0,买盘
345,14:23:08,21.26,0.01,20,42520,买盘
346,14:23:02,21.25,-0.03,3,6375,卖盘
347,14:22:47,21.28,--,0,0,买盘
348,14:22:42,21.28,--,3,6384,买盘
349,14:22:23,21.28,--,16,34048,买盘
350,14:22:11,21.28,--,1,2128,买盘
351,14:22:08,21.28,-0.01,37,78736,卖盘
352,14:22:02,21.29,--,4,8516,买盘
353,14:21:53,21.29,-0.03,30,63870,卖盘
354,14:21:47,21.32,--,12,25584,卖盘
355,14:21:41,21.32,0.03,2,4264,买盘
356,14:21:38,21.29,-0.01,1,2129,卖盘
357,14:21:23,21.3,--,0,0,买盘
358,14:21:17,21.3,-0.03,1043,2221590,卖盘
359,14:21:08,21.33,--,32,68256,买盘
360,14:21:02,21.33,-0.02,50,106649,卖盘
361,14:20:47,21.35,-0.02,72,153720,卖盘
362,14:20:38,21.37,--,1,2137,中性盘
363,14:20:26,21.37,--,96,205152,买盘
364,14:20:23,21.37,--,1,2137,买盘
365,14:20:17,21.37,0.02,4,8548,买盘
366,14:20:02,21.35,--,50,106750,卖盘
367,14:19:56,21.35,0.01,49,104615,买盘
368,14:19:47,21.34,0.01,50,106700,买盘
369,14:19:41,21.33,--,4,8532,卖盘
370,14:19:38,21.33,--,10,21330,卖盘
371,14:19:22,21.33,--,17,37092,买盘
372,14:19:07,21.33,0.01,1,2133,买盘
373,14:18:52,21.32,0.01,15,31980,卖盘
374,14:18:47,21.31,-0.02,200,426200,卖盘
375,14:18:37,21.33,--,10,22631,卖盘
376,14:18:32,21.33,--,0,831,卖盘
377,14:18:26,21.33,-0.02,3,6398,卖盘
378,14:18:22,21.35,--,1,2135,买盘
379,14:18:02,21.35,-0.03,150,320250,卖盘
380,14:17:56,21.38,--,0,0,买盘
381,14:17:41,21.38,--,6,12828,买盘
382,14:17:26,21.38,--,5,10690,买盘
383,14:17:07,21.38,--,0,0,买盘
384,14:17:02,21.38,0.06,10,21380,买盘
385,14:16:41,21.32,--,85,181220,买盘
386,14:16:37,21.32,--,136,289952,买盘
387,14:16:32,21.32,0.01,26,55432,买盘
388,14:16:26,21.31,-0.01,39,83109,卖盘
389,14:16:22,21.32,--,12,25584,买盘
390,14:16:11,21.32,--,18,38376,买盘
391,14:16:01,21.32,0.01,60,127920,买盘
392,14:15:56,21.31,--,35,74585,买盘
393,14:15:50,21.31,--,8,17048,买盘
394,14:15:46,21.31,--,41,87371,买盘
395,14:15:41,21.31,--,5,10655,买盘
396,14:15:35,21.31,-0.01,9,19179,卖盘
397,14:15:26,21.32,--,55,117260,买盘
398,14:15:20,21.32,--,1,2132,买盘
399,14:15:16,21.32,--,113,240916,买盘
400,14:15:11,21.32,--,100,213200,买盘
401,14:15:01,21.32,--,90,191880,买盘
402,14:14:56,21.32,--,58,123656,买盘
403,14:14:50,21.32,--,759,1618188,卖盘
404,14:14:41,21.32,--,219,466908,买盘
405,14:14:31,21.32,--,25,53300,买盘
406,14:14:26,21.32,-0.05,256,545792,卖盘
407,14:14:20,21.37,--,1,2137,买盘
408,14:14:17,21.37,0.01,5,10685,买盘
409,14:14:11,21.36,0.05,110,234960,买盘
410,14:14:05,21.31,-0.05,104,221624,卖盘
411,14:13:56,21.36,--,0,0,买盘
412,14:13:50,21.36,0.05,1,2136,买盘
413,14:13:31,21.31,-0.07,470,1001569,卖盘
414,14:13:20,21.38,--,9,19242,买盘
415,14:13:11,21.38,--,24,51312,卖盘
416,14:13:05,21.38,--,3,6414,卖盘
417,14:13:01,21.38,-0.01,16,34208,卖盘
418,14:12:56,21.39,--,7,14973,买盘
419,14:12:50,21.39,-0.01,28,59892,卖盘
420,14:12:46,21.4,--,30,64199,买盘
421,14:12:41,21.4,--,510,1091400,卖盘
422,14:12:35,21.4,--,52,111279,卖盘
423,14:12:31,21.4,--,14,29959,卖盘
424,14:12:26,21.4,--,7,14979,卖盘
425,14:12:11,21.4,0.01,2,4280,买盘
426,14:12:05,21.39,0.01,219,468441,买盘
427,14:11:56,21.38,-0.01,2,4276,卖盘
428,14:11:50,21.39,--,1,2139,买盘
429,14:11:46,21.39,--,1,2139,买盘
430,14:11:41,21.39,--,1,2139,买盘
431,14:11:35,21.39,-0.03,695,1486605,卖盘
432,14:11:31,21.42,0.03,105,224910,买盘
433,14:11:26,21.39,-0.01,5,10695,卖盘
434,14:11:20,21.4,0.01,1,2140,买盘
435,14:11:11,21.39,--,192,410688,卖盘
436,14:11:05,21.39,-0.01,10,21390,中性盘
437,14:11:01,21.4,0.01,65,139100,买盘
438,14:10:56,21.39,0.01,53,113367,买盘
439,14:10:50,21.38,-0.01,7,14966,卖盘
440,14:10:46,21.39,--,26,55614,买盘
441,14:10:41,21.39,-0.01,6,12834,卖盘
442,14:10:31,21.4,--,0,0,买盘
443,14:10:26,21.4,0.01,50,107000,买盘
444,14:10:20,21.39,--,9,19251,卖盘
445,14:10:16,21.39,--,5,10695,卖盘
446,14:10:10,21.39,-0.01,1,2139,卖盘
447,14:10:05,21.4,0.01,30,64199,买盘
448,14:09:50,21.39,0.04,182,389298,买盘
449,14:09:40,21.35,0.01,25,53375,买盘
450,14:09:35,21.34,--,47,100298,卖盘
451,14:09:25,21.34,-0.01,10,21340,卖盘
452,14:09:20,21.35,--,1,2135,买盘
453,14:09:14,21.35,0.01,10,21350,买盘
454,14:08:55,21.34,--,1,2134,卖盘
455,14:08:50,21.34,--,2,4268,卖盘
456,14:08:40,21.34,0.01,43,91762,中性盘
457,14:08:35,21.33,--,40,85320,卖盘
458,14:08:29,21.33,--,10,21330,卖盘
459,14:08:20,21.33,--,6,12797,卖盘
460,14:08:14,21.33,--,0,0,卖盘
461,14:08:10,21.33,-0.04,7,14930,卖盘
462,14:08:05,21.37,0.03,42,89754,买盘
463,14:07:55,21.34,-0.04,10,21340,卖盘
464,14:07:50,21.38,0.03,15,32070,买盘
465,14:07:35,21.35,-0.01,7,14945,卖盘
466,14:07:29,21.36,0.01,1,2136,买盘
467,14:07:25,21.35,-0.01,11,23485,卖盘
468,14:07:20,21.36,0.01,20,42720,中性盘
469,14:07:10,21.35,--,6,12810,卖盘
470,14:07:05,21.35,--,7,14945,卖盘
471,14:06:59,21.35,--,0,0,卖盘
472,14:06:50,21.35,-0.04,7,14945,卖盘
473,14:06:40,21.39,--,16,34224,买盘
474,14:06:35,21.39,--,35,74865,卖盘
475,14:06:29,21.39,--,8,17112,卖盘
476,14:06:25,21.39,--,30,64170,卖盘
477,14:06:20,21.39,--,7,14973,卖盘
478,14:06:14,21.39,--,62,132618,卖盘
479,14:06:10,21.39,0.02,78,166842,买盘
480,14:05:59,21.37,--,15,32055,卖盘
481,14:05:55,21.37,--,7,14959,卖盘
482,14:05:44,21.37,-0.02,6,12822,卖盘
483,14:05:40,21.39,0.02,1,2139,买盘
484,14:05:35,21.37,--,7,14959,卖盘
485,14:05:25,21.37,-0.02,7,14959,卖盘
486,14:05:20,21.39,--,1,2139,买盘
487,14:05:14,21.39,--,0,0,买盘
488,14:05:10,21.39,0.02,9,19251,买盘
489,14:05:05,21.37,--,0,0,卖盘
490,14:04:59,21.37,--,7,14959,卖盘
491,14:04:55,21.37,--,10,21370,卖盘
492,14:04:50,21.37,--,111,237207,卖盘
493,14:04:40,21.37,0.02,7,14959,中性盘
494,14:04:35,21.35,--,11,23485,卖盘
495,14:04:29,21.35,--,7,14945,卖盘
496,14:04:25,21.35,--,0,0,卖盘
497,14:04:20,21.35,--,6,12810,卖盘
498,14:04:05,21.35,--,6,12810,卖盘
499,14:03:59,21.35,--,7,14945,卖盘
500,14:03:55,21.35,--,0,0,卖盘
501,14:03:44,21.35,-0.04,20,42700,卖盘
502,14:03:40,21.39,0.05,15,32085,买盘
503,14:03:35,21.34,-0.05,106,226204,卖盘
504,14:03:29,21.39,--,177,378603,卖盘
505,14:03:25,21.39,-0.01,6,12834,卖盘
506,14:03:20,21.4,0.01,1,2140,买盘
507,14:03:14,21.39,--,56,119784,卖盘
508,14:03:10,21.39,--,20,42780,卖盘
509,14:03:05,21.39,--,5,10695,卖盘
510,14:02:59,21.39,--,11,23529,卖盘
511,14:02:54,21.39,0.05,173,370047,买盘
512,14:02:50,21.34,0.01,7,14938,中性盘
513,14:02:44,21.33,--,4,8532,卖盘
514,14:02:38,21.33,-0.05,21,44793,卖盘
515,14:02:35,21.38,0.05,5,10690,买盘
516,14:02:29,21.33,-0.05,14,29861,中性盘
517,14:02:23,21.38,0.06,20,42760,买盘
518,14:02:19,21.32,--,6,12792,卖盘
519,14:02:14,21.32,--,23,49036,卖盘
520,14:02:04,21.32,--,6,12792,卖盘
521,14:01:59,21.32,--,5,10660,卖盘
522,14:01:53,21.32,--,23,49036,卖盘
523,14:01:44,21.32,--,6,12792,卖盘
524,14:01:34,21.32,--,7,14924,卖盘
525,14:01:29,21.32,0.02,8,17056,中性盘
526,14:01:23,21.3,--,0,0,卖盘
527,14:01:19,21.3,--,4,8520,卖盘
528,14:01:14,21.3,0.03,4,8520,买盘
529,14:01:08,21.27,--,0,0,卖盘
530,14:01:04,21.27,-0.03,15,31905,卖盘
531,14:00:53,21.3,--,1,2130,卖盘
532,14:00:49,21.3,-0.09,5,10650,卖盘
533,14:00:44,21.39,-0.01,11,23529,中性盘
534,14:00:34,21.4,-0.01,141,301740,卖盘
535,14:00:29,21.41,-0.01,12,25692,卖盘
536,14:00:23,21.42,--,13,27846,买盘
537,14:00:19,21.42,--,1,2142,买盘
538,14:00:14,21.42,-0.01,10,21420,卖盘
539,14:00:08,21.43,0.01,4,8572,买盘
540,14:00:04,21.42,--,88,188496,卖盘
541,13:59:59,21.42,--,6,12852,卖盘
542,13:59:49,21.42,-0.01,6,12852,卖盘
543,13:59:44,21.43,--,12,25716,卖盘
544,13:59:38,21.43,--,15,32145,卖盘
545,13:59:34,21.43,--,37,79291,卖盘
546,13:59:29,21.43,--,56,120008,卖盘
547,13:59:19,21.43,--,30,64290,卖盘
548,13:59:14,21.43,-0.02,16,34288,卖盘
549,13:59:08,21.45,--,10,21450,卖盘
550,13:59:04,21.45,--,11,23595,卖盘
551,13:58:53,21.45,--,21,45045,卖盘
552,13:58:49,21.45,--,15,32175,卖盘
553,13:58:44,21.45,-0.02,16,34320,卖盘
554,13:58:38,21.47,--,1,2147,卖盘
555,13:58:34,21.47,0.01,9,19323,卖盘
556,13:58:29,21.46,--,0,0,卖盘
557,13:58:19,21.46,--,49,105154,卖盘
558,13:58:08,21.46,-0.02,6,12876,卖盘
559,13:58:04,21.48,0.02,8,17184,中性盘
560,13:57:59,21.46,-0.02,73,157623,卖盘
561,13:57:53,21.48,--,2,4296,卖盘
562,13:57:49,21.48,--,9,20513,卖盘
563,13:57:44,21.48,0.01,29,62292,买盘
564,13:57:38,21.47,--,8,17176,卖盘
565,13:57:34,21.47,--,33,70851,卖盘
566,13:57:29,21.47,0.01,65,139555,买盘
567,13:57:23,21.46,--,7,15022,卖盘
568,13:57:19,21.46,-0.01,47,100862,卖盘
569,13:57:14,21.47,--,15,32205,买盘
570,13:57:08,21.47,0.01,5,10735,买盘
571,13:57:04,21.46,--,7,15022,卖盘
572,13:56:59,21.46,-0.01,10,21460,卖盘
573,13:56:53,21.47,0.01,13,27911,买盘
574,13:56:49,21.46,--,17,36482,卖盘
575,13:56:44,21.46,-0.01,6,12876,卖盘
576,13:56:38,21.47,-0.01,19,40793,卖盘
577,13:56:29,21.48,--,9,19332,买盘
578,13:56:23,21.48,--,9,19332,买盘
579,13:56:14,21.48,--,98,210504,卖盘
580,13:56:08,21.48,--,12,25776,卖盘
581,13:56:02,21.48,--,1,2148,卖盘
582,13:55:59,21.48,--,7,15036,卖盘
583,13:55:53,21.48,-0.01,56,120288,卖盘
584,13:55:47,21.49,0.01,6,12893,中性盘
585,13:55:43,21.48,0.01,34,73032,买盘
586,13:55:38,21.47,-0.03,9,19323,卖盘
587,13:55:29,21.5,0.03,25,53750,买盘
588,13:55:23,21.47,-0.03,47,100909,卖盘
589,13:55:17,21.5,--,1,2150,买盘
590,13:55:14,21.5,0.02,89,191350,买盘
591,13:55:08,21.48,--,0,0,卖盘
592,13:55:02,21.48,--,15,32220,卖盘
593,13:54:58,21.48,--,99,212652,卖盘
594,13:54:53,21.48,--,8,17184,卖盘
595,13:54:47,21.48,--,19,40812,买盘
596,13:54:43,21.48,0.02,79,169692,买盘
597,13:54:38,21.46,-0.02,16,34336,卖盘
598,13:54:32,21.48,--,2,4296,买盘
599,13:54:28,21.48,0.02,29,62292,买盘
600,13:54:23,21.46,--,11,23606,卖盘
601,13:54:17,21.46,--,17,36482,卖盘
602,13:54:13,21.46,--,1,2146,卖盘
603,13:54:08,21.46,0.02,29,62234,买盘
604,13:53:58,21.44,--,0,0,卖盘
605,13:53:53,21.44,0.01,20,42880,中性盘
606,13:53:47,21.43,--,1,2143,卖盘
607,13:53:43,21.43,--,9,19287,卖盘
608,13:53:38,21.43,0.02,2,4286,买盘
609,13:53:32,21.41,--,8,17128,卖盘
610,13:53:28,21.41,--,11,23551,卖盘
611,13:53:23,21.41,-0.01,6,12846,卖盘
612,13:53:13,21.42,-0.01,6,12852,卖盘
613,13:53:08,21.43,--,7,15001,卖盘
614,13:53:02,21.43,--,2,4286,卖盘
615,13:52:58,21.43,-0.06,9,19287,卖盘
616,13:52:53,21.49,0.04,2,4298,中性盘
617,13:52:47,21.45,-0.04,39,83655,卖盘
618,13:52:43,21.49,-0.01,3,6446,卖盘
619,13:52:38,21.5,--,22,47300,中性盘
620,13:52:32,21.5,-0.01,297,638550,卖盘
621,13:52:28,21.51,--,11,23661,买盘
622,13:52:23,21.51,--,18,38718,买盘
623,13:52:17,21.51,--,2,4302,买盘
624,13:52:13,21.51,0.01,34,73134,买盘
625,13:52:08,21.5,-0.03,15,32250,卖盘
626,13:52:02,21.53,0.01,65,139945,买盘
627,13:51:58,21.52,0.02,6,12912,买盘
628,13:51:53,21.5,-0.03,6,12900,卖盘
629,13:51:43,21.53,0.03,15,32295,买盘
630,13:51:38,21.5,-0.02,27,58050,卖盘
631,13:51:32,21.52,--,4,8608,卖盘
632,13:51:28,21.52,0.01,16,34432,买盘
633,13:51:23,21.51,--,19,40869,卖盘
634,13:51:17,21.51,-0.01,31,66681,卖盘
635,13:51:13,21.52,0.01,72,154944,买盘
636,13:51:08,21.51,0.01,67,144117,买盘
637,13:51:02,21.5,--,6,12900,卖盘
638,13:50:58,21.5,-0.01,187,402050,卖盘
639,13:50:53,21.51,0.01,104,223704,买盘
640,13:50:43,21.5,-0.01,24,51600,卖盘
641,13:50:38,21.51,--,50,107550,卖盘
642,13:50:32,21.51,-0.02,1,2151,卖盘
643,13:50:28,21.53,0.02,6,12918,买盘
644,13:50:23,21.51,-0.03,23,49473,卖盘
645,13:50:13,21.54,-0.05,59,127086,卖盘
646,13:50:08,21.59,--,131,282829,买盘
647,13:50:02,21.59,--,0,0,买盘
648,13:49:58,21.59,--,14,30226,买盘
649,13:49:53,21.59,-0.01,19,41021,卖盘
650,13:49:47,21.6,--,101,218160,买盘
651,13:49:43,21.6,--,40,86400,买盘
652,13:49:38,21.6,-0.03,615,1329480,卖盘
653,13:49:32,21.63,0.02,32,69216,买盘
654,13:49:28,21.61,--,57,123177,卖盘
655,13:49:23,21.61,--,98,211778,卖盘
656,13:49:17,21.61,--,11,23771,卖盘
657,13:49:13,21.61,--,98,211778,卖盘
658,13:49:08,21.61,--,81,175041,卖盘
659,13:49:02,21.61,0.01,224,485144,买盘
660,13:48:56,21.6,0.01,14,30240,买盘
661,13:48:53,21.59,0.01,524,1131316,买盘
662,13:48:47,21.58,0.01,116,250327,买盘
663,13:48:41,21.57,0.02,85,183345,买盘
664,13:48:38,21.55,0.02,85,183175,买盘
665,13:48:32,21.53,0.03,147,316491,买盘
666,13:48:26,21.5,0.07,816,1754400,买盘
667,13:48:23,21.43,--,42,90006,卖盘
668,13:48:17,21.43,--,2059,4412437,买盘
669,13:48:11,21.43,0.01,506,1084358,买盘
670,13:48:08,21.42,0.01,22,47124,买盘
671,13:48:02,21.41,-0.02,67,143447,卖盘
672,13:47:56,21.43,0.01,85,182155,买盘
673,13:47:53,21.42,0.04,515,1103130,买盘
674,13:47:47,21.38,-0.02,1,2138,卖盘
675,13:47:41,21.4,0.05,20,42800,买盘
676,13:47:38,21.35,-0.04,405,864675,中性盘
677,13:47:32,21.39,0.07,300,641700,买盘
678,13:47:26,21.32,-0.06,17,36244,卖盘
679,13:47:23,21.38,0.03,38,81244,买盘
680,13:47:17,21.35,0.02,36,76860,买盘
681,13:47:11,21.33,0.01,5,10665,卖盘
682,13:47:07,21.32,--,50,106600,卖盘
683,13:47:02,21.32,--,75,159900,卖盘
684,13:46:52,21.32,0.01,53,112996,买盘
685,13:46:47,21.31,--,9,19179,卖盘
686,13:46:37,21.31,0.01,50,106550,买盘
687,13:46:32,21.3,--,9,19170,卖盘
688,13:46:22,21.3,-0.02,13,27690,卖盘
689,13:46:17,21.32,0.02,10,21320,买盘
690,13:46:11,21.3,-0.01,7,14910,卖盘
691,13:46:07,21.31,--,18,38358,卖盘
692,13:46:02,21.31,-0.02,9,19179,卖盘
693,13:45:56,21.33,0.02,5,10665,买盘
694,13:45:52,21.31,-0.01,38,80978,卖盘
695,13:45:47,21.32,--,10,21320,卖盘
696,13:45:41,21.32,--,8,17056,卖盘
697,13:45:37,21.32,--,8,17056,卖盘
698,13:45:32,21.32,0.02,31,67264,买盘
699,13:45:26,21.3,-0.02,5,10650,卖盘
700,13:45:22,21.32,0.02,2,4264,买盘
701,13:45:17,21.3,-0.01,7,14910,卖盘
702,13:45:07,21.31,-0.01,7,14917,卖盘
703,13:45:02,21.32,-0.01,266,568071,卖盘
704,13:44:52,21.33,-0.05,7,16104,中性盘
705,13:44:47,21.38,0.05,12,25656,中性盘
706,13:44:41,21.33,0.01,9,19197,买盘
707,13:44:32,21.32,-0.03,6,12792,卖盘
708,13:44:26,21.35,0.03,8,17080,买盘
709,13:44:22,21.32,-0.02,11,23452,卖盘
710,13:44:17,21.34,-0.01,8,17072,卖盘
711,13:44:11,21.35,0.01,3,6405,买盘
712,13:44:07,21.34,--,6,12804,卖盘
713,13:43:56,21.34,-0.01,30,64020,卖盘
714,13:43:52,21.35,-0.05,7,14945,卖盘
715,13:43:47,21.4,-0.02,13,27819,中性盘
716,13:43:37,21.42,-0.03,348,745416,卖盘
717,13:43:32,21.45,0.02,75,160875,买盘
718,13:43:26,21.43,--,30,64290,卖盘
719,13:43:22,21.43,-0.02,33,70719,卖盘
720,13:43:17,21.45,0.05,177,379665,买盘
721,13:43:11,21.4,--,7,14979,卖盘
722,13:43:07,21.4,0.07,140,299600,买盘
723,13:43:02,21.33,-0.05,3,6398,中性盘
724,13:42:56,21.38,0.07,309,660642,买盘
725,13:42:52,21.31,--,11,23441,卖盘
726,13:42:47,21.31,0.04,600,1278600,买盘
727,13:42:37,21.27,--,15,31905,卖盘
728,13:42:32,21.27,--,10,21270,卖盘
729,13:42:26,21.27,--,5,10635,卖盘
730,13:42:22,21.27,0.05,140,297780,买盘
731,13:42:17,21.22,--,0,0,卖盘
732,13:42:11,21.22,-0.04,7,14854,卖盘
733,13:42:07,21.26,--,2,4252,卖盘
734,13:42:02,21.26,-0.01,6,12756,中性盘
735,13:41:52,21.27,0.05,107,227589,买盘
736,13:41:47,21.22,-0.03,20,42440,卖盘
737,13:41:41,21.25,--,0,0,卖盘
738,13:41:37,21.25,--,14,29750,卖盘
739,13:41:32,21.25,0.03,120,255000,买盘
740,13:41:26,21.22,-0.02,12,25464,卖盘
741,13:41:20,21.24,0.02,10,21240,买盘
742,13:41:17,21.22,-0.02,8,16976,卖盘
743,13:41:11,21.24,0.02,3,6371,买盘
744,13:41:05,21.22,--,37,78514,卖盘
745,13:40:56,21.22,-0.02,41,87002,卖盘
746,13:40:47,21.24,0.02,16,33984,买盘
747,13:40:41,21.22,--,1,2122,卖盘
748,13:40:35,21.22,--,4,8488,卖盘
749,13:40:31,21.22,--,6,12732,卖盘
750,13:40:20,21.22,--,7,14854,卖盘
751,13:40:16,21.22,--,22,46684,卖盘
752,13:40:11,21.22,0.02,56,118832,买盘
753,13:40:01,21.2,--,61,129320,卖盘
754,13:39:56,21.2,0.02,167,354252,买盘
755,13:39:50,21.18,--,7,14826,卖盘
756,13:39:47,21.18,--,25,52950,卖盘
757,13:39:41,21.18,-0.02,9,19062,卖盘
758,13:39:31,21.2,0.02,1,2120,买盘
759,13:39:26,21.18,-0.02,7,14826,卖盘
760,13:39:20,21.2,-0.01,3,6360,卖盘
761,13:39:16,21.21,0.01,9,19089,中性盘
762,13:39:11,21.2,--,1,2120,买盘
763,13:39:05,21.2,-0.01,6,12720,卖盘
764,13:39:01,21.21,--,9,19089,卖盘
765,13:38:56,21.21,-0.03,7,14847,卖盘
766,13:38:46,21.24,--,8,16992,卖盘
767,13:38:41,21.24,--,40,84960,卖盘
768,13:38:31,21.24,--,10,21240,卖盘
769,13:38:26,21.24,--,50,106199,卖盘
770,13:38:20,21.24,-0.01,100,212399,卖盘
771,13:38:11,21.25,--,25,55037,卖盘
772,13:38:05,21.25,--,6,12750,卖盘
773,13:38:01,21.25,-0.01,27,57375,卖盘
774,13:37:56,21.26,0.01,4,8504,买盘
775,13:37:46,21.25,--,60,127500,卖盘
776,13:37:41,21.25,-0.01,100,212500,卖盘
777,13:37:35,21.26,0.01,1,2126,买盘
778,13:37:31,21.25,--,3,6375,卖盘
779,13:37:26,21.25,--,26,55250,卖盘
780,13:37:20,21.25,--,4,8500,卖盘
781,13:37:16,21.25,--,3,6375,卖盘
782,13:37:11,21.25,--,2,4250,卖盘
783,13:37:01,21.25,0.01,69,146837,买盘
784,13:36:56,21.24,-0.01,1,2124,卖盘
785,13:36:40,21.25,-0.01,198,420750,卖盘
786,13:36:31,21.26,0.01,10,21260,买盘
787,13:36:25,21.25,-0.01,2,4250,卖盘
788,13:36:20,21.26,--,3,6378,买盘
789,13:36:10,21.26,0.01,2,4252,买盘
790,13:36:05,21.25,--,15,31875,买盘
791,13:36:01,21.25,--,17,36125,买盘
792,13:35:55,21.25,0.01,3,6375,买盘
793,13:35:46,21.24,0.01,2,4248,买盘
794,13:35:40,21.23,--,5,10615,卖盘
795,13:35:31,21.23,0.03,410,870430,买盘
796,13:35:25,21.2,0.02,38,81916,买盘
797,13:35:16,21.18,-0.02,4,8472,卖盘
798,13:35:10,21.2,0.02,2,4240,买盘
799,13:35:01,21.18,-0.02,70,148260,卖盘
800,13:34:55,21.2,0.02,11,23320,买盘
801,13:34:45,21.18,--,1,2118,卖盘
802,13:34:40,21.18,--,28,59304,买盘
803,13:34:35,21.18,--,1,2118,买盘
804,13:34:30,21.18,0.01,14,29652,买盘
805,13:34:25,21.17,-0.02,54,114318,卖盘
806,13:34:20,21.19,0.01,1,2119,买盘
807,13:34:15,21.18,--,18,38124,卖盘
808,13:34:10,21.18,0.01,134,283812,买盘
809,13:34:05,21.17,-0.01,11,23287,卖盘
810,13:33:55,21.18,-0.01,22,46596,卖盘
811,13:33:40,21.19,-0.01,65,137735,中性盘
812,13:33:35,21.2,--,145,307506,卖盘
813,13:33:29,21.2,--,26,55120,卖盘
814,13:33:25,21.2,-0.01,6,12720,卖盘
815,13:33:20,21.21,--,110,233310,卖盘
816,13:33:10,21.21,--,6,12726,卖盘
817,13:33:05,21.21,-0.01,142,301182,卖盘
818,13:32:59,21.22,--,5,10610,卖盘
819,13:32:50,21.22,--,16,33952,卖盘
820,13:32:44,21.22,--,17,36074,卖盘
821,13:32:40,21.22,-0.01,121,256762,卖盘
822,13:32:25,21.23,--,7,14861,买盘
823,13:32:20,21.23,--,203,430969,卖盘
824,13:32:14,21.23,--,1,2123,卖盘
825,13:32:10,21.23,-0.01,10,21230,卖盘
826,13:32:05,21.24,-0.01,7,14867,卖盘
827,13:31:59,21.25,--,4,8500,买盘
828,13:31:55,21.25,--,3,6375,卖盘
829,13:31:50,21.25,0.02,7,14875,中性盘
830,13:31:40,21.23,--,6,12738,卖盘
831,13:31:35,21.23,--,34,72182,卖盘
832,13:31:29,21.23,-0.03,6,12738,卖盘
833,13:31:25,21.26,0.03,5,10630,中性盘
834,13:31:20,21.23,--,12,25476,卖盘
835,13:31:14,21.23,-0.04,58,123134,卖盘
836,13:31:10,21.27,0.02,200,425400,买盘
837,13:30:59,21.25,-0.02,52,110500,卖盘
838,13:30:55,21.27,0.01,28,59556,买盘
839,13:30:50,21.26,-0.01,6,12756,卖盘
840,13:30:40,21.27,-0.03,90,191430,卖盘
841,13:30:35,21.3,0.03,202,430260,买盘
842,13:30:29,21.27,-0.01,105,223335,卖盘
843,13:30:25,21.28,--,16,34048,买盘
844,13:30:20,21.28,--,1,2128,买盘
845,13:30:14,21.28,--,7,14896,卖盘
846,13:30:10,21.28,--,35,74480,卖盘
847,13:30:04,21.28,--,45,95760,卖盘
848,13:29:59,21.28,--,5,10640,卖盘
849,13:29:55,21.28,--,6,12768,卖盘
850,13:29:49,21.28,-0.01,51,108528,卖盘
851,13:29:44,21.29,--,23,48967,买盘
852,13:29:40,21.29,0.01,9,19161,买盘
853,13:29:34,21.28,0.01,7,14896,卖盘
854,13:29:25,21.27,-0.01,9,19143,卖盘
855,13:29:19,21.28,--,23,48944,买盘
856,13:29:14,21.28,0.01,25,53200,买盘
857,13:28:59,21.27,-0.01,7,14889,卖盘
858,13:28:54,21.28,0.01,6,12768,买盘
859,13:28:49,21.27,--,6,12762,卖盘
860,13:28:44,21.27,0.01,93,197811,卖盘
861,13:28:40,21.26,--,7,14882,卖盘
862,13:28:34,21.26,--,109,231734,买盘
863,13:28:29,21.26,--,100,212600,买盘
864,13:28:19,21.26,0.01,11,23386,买盘
865,13:28:10,21.25,--,7,14875,卖盘
866,13:28:04,21.25,--,63,133875,卖盘
867,13:27:59,21.25,0.03,203,431375,买盘
868,13:27:49,21.22,-0.01,6,12732,卖盘
869,13:27:40,21.23,0.01,17,36091,买盘
870,13:27:34,21.22,--,6,12732,卖盘
871,13:27:29,21.22,-0.01,8,16976,卖盘
872,13:27:25,21.23,0.01,5,10615,买盘
873,13:27:19,21.22,-0.01,11,23342,卖盘
874,13:27:14,21.23,0.02,7,14861,卖盘
875,13:27:04,21.21,-0.01,5,10605,卖盘
876,13:26:49,21.22,-0.03,6,12732,卖盘
877,13:26:44,21.25,--,3,6375,卖盘
878,13:26:39,21.25,0.04,44,95603,买盘
879,13:26:34,21.21,-0.02,7,14847,卖盘
880,13:26:29,21.23,0.01,9,19107,买盘
881,13:26:23,21.22,-0.03,8,16976,卖盘
882,13:26:19,21.25,0.02,9,19125,买盘
883,13:26:14,21.23,-0.02,5,10615,卖盘
884,13:26:04,21.25,0.02,10,21250,买盘
885,13:25:44,21.23,--,6,12738,买盘
886,13:25:38,21.23,--,19,40337,卖盘
887,13:25:34,21.23,0.03,1,2123,买盘
888,13:25:29,21.2,-0.03,24,50880,卖盘
889,13:25:23,21.23,--,0,0,买盘
890,13:25:19,21.23,0.03,1,2123,买盘
891,13:25:04,21.2,-0.02,130,275600,卖盘
892,13:24:59,21.22,0.02,540,1145880,买盘
893,13:24:49,21.2,--,10,21200,卖盘
894,13:24:38,21.2,0.02,148,315795,买盘
895,13:24:34,21.18,-0.02,2,4236,卖盘
896,13:24:29,21.2,0.02,8,16960,买盘
897,13:24:23,21.18,-0.02,1,2118,卖盘
898,13:24:19,21.2,--,100,212084,卖盘
899,13:24:14,21.2,--,10,21200,卖盘
900,13:24:04,21.2,--,3,6360,卖盘
901,13:23:53,21.2,--,51,108120,卖盘
902,13:23:49,21.2,--,1,2120,卖盘
903,13:23:44,21.2,--,75,159000,卖盘
904,13:23:34,21.2,--,34,74115,买盘
905,13:23:23,21.2,-0.01,86,182320,卖盘
906,13:23:19,21.21,-0.01,8,16968,卖盘
907,13:23:08,21.22,--,86,182492,卖盘
908,13:23:04,21.22,--,3,6366,卖盘
909,13:22:59,21.22,--,7,14854,卖盘
910,13:22:48,21.22,--,21,44562,卖盘
911,13:22:44,21.22,--,1,2122,卖盘
912,13:22:38,21.22,-0.01,100,212200,卖盘
913,13:22:33,21.23,--,13,27599,卖盘
914,13:22:28,21.23,--,8,16984,卖盘
915,13:22:23,21.23,--,5,10615,卖盘
916,13:22:13,21.23,--,5,10615,卖盘
917,13:22:08,21.23,--,2,4246,卖盘
918,13:22:03,21.23,-0.02,20,42460,卖盘
919,13:21:58,21.25,--,38,80771,卖盘
920,13:21:53,21.25,-0.01,6,12750,卖盘
921,13:21:48,21.26,0.01,26,55276,中性盘
922,13:21:43,21.25,--,5,10625,卖盘
923,13:21:28,21.25,-0.03,7,14875,卖盘
924,13:21:18,21.28,--,7,14896,中性盘
925,13:21:13,21.28,0.03,20,42560,中性盘
926,13:21:08,21.25,--,13,27625,卖盘
927,13:21:03,21.25,-0.03,48,102000,卖盘
928,13:20:58,21.28,--,6,12768,卖盘
929,13:20:53,21.28,--,0,0,卖盘
930,13:20:48,21.28,--,91,193648,卖盘
931,13:20:43,21.28,-0.02,10,21280,卖盘
932,13:20:38,21.3,0.02,3,6390,买盘
933,13:20:33,21.28,-0.02,115,244720,卖盘
934,13:20:28,21.3,--,70,149100,卖盘
935,13:20:18,21.3,--,5,10650,卖盘
936,13:20:13,21.3,0.01,35,74550,买盘
937,13:19:58,21.29,--,48,102192,卖盘
938,13:19:53,21.29,--,5,10645,卖盘
939,13:19:48,21.29,--,7,14903,卖盘
940,13:19:43,21.29,--,1,2129,卖盘
941,13:19:38,21.29,0.01,3,6387,买盘
942,13:19:33,21.28,-0.01,46,99994,卖盘
943,13:19:28,21.29,--,3,6387,买盘
944,13:19:23,21.29,--,26,55354,买盘
945,13:19:18,21.29,0.01,1,2129,买盘
946,13:19:13,21.28,0.02,17,36176,买盘
947,13:19:02,21.26,-0.01,13,27638,卖盘
948,13:18:58,21.27,--,34,72318,买盘
949,13:18:53,21.27,0.01,9,19143,买盘
950,13:18:43,21.26,--,20,42520,卖盘
951,13:18:38,21.26,--,9,19134,卖盘
952,13:18:28,21.26,--,21,44646,卖盘
953,13:18:23,21.26,--,1,2126,卖盘
954,13:18:17,21.26,-0.02,13,27638,卖盘
955,13:18:08,21.28,0.02,44,93632,买盘
956,13:17:58,21.26,--,9,19134,卖盘
957,13:17:53,21.26,--,14,29764,卖盘
958,13:17:43,21.26,--,16,34016,卖盘
959,13:17:32,21.26,-0.03,8,17008,卖盘
960,13:17:28,21.29,0.03,38,80902,买盘
961,13:17:23,21.26,-0.04,21,44646,卖盘
962,13:17:13,21.3,--,16,34165,卖盘
963,13:17:08,21.3,--,10,21300,卖盘
964,13:16:58,21.3,--,5,10650,卖盘
965,13:16:53,21.3,-0.02,143,304590,卖盘
966,13:16:43,21.32,--,203,432796,卖盘
967,13:16:38,21.32,--,7,14924,卖盘
968,13:16:32,21.32,-0.01,8,17056,卖盘
969,13:16:28,21.33,--,16,34128,买盘
970,13:16:13,21.33,-0.02,58,123713,卖盘
971,13:16:02,21.35,0.02,15,32025,买盘
972,13:15:52,21.33,--,16,34128,卖盘
973,13:15:43,21.33,0.01,30,63989,买盘
974,13:15:37,21.32,--,15,31980,卖盘
975,13:15:32,21.32,--,1,2132,卖盘
976,13:15:27,21.32,0.01,24,51168,买盘
977,13:15:22,21.31,-0.01,32,68192,卖盘
978,13:15:17,21.32,0.01,1,2132,买盘
979,13:15:12,21.31,-0.01,18,38358,卖盘
980,13:15:07,21.32,0.01,1,2132,买盘
981,13:14:57,21.31,-0.02,45,95895,卖盘
982,13:14:52,21.33,--,86,183437,买盘
983,13:14:42,21.33,0.01,133,283689,买盘
984,13:14:37,21.32,--,0,0,卖盘
985,13:14:32,21.32,0.01,40,85280,卖盘
986,13:14:27,21.31,-0.04,2,4262,卖盘
987,13:14:22,21.35,-0.01,12,25620,买盘
988,13:14:17,21.36,--,0,0,买盘
989,13:14:12,21.36,0.05,14,29904,买盘
990,13:14:07,21.31,--,11,23441,卖盘
991,13:14:02,21.31,-0.05,1,2131,卖盘
992,13:13:57,21.36,-0.01,26,55536,中性盘
993,13:13:52,21.37,0.03,14,29918,买盘
994,13:13:42,21.34,-0.01,21,44814,中性盘
995,13:13:37,21.35,-0.05,20,42700,卖盘
996,13:13:32,21.4,--,2,4280,卖盘
997,13:13:27,21.4,-0.02,25,53500,中性盘
998,13:13:22,21.42,0.07,188,402696,买盘
999,13:13:17,21.35,-0.05,12,25620,卖盘
1000,13:13:12,21.4,-0.03,191,408761,卖盘
1001,13:13:07,21.43,-0.01,16,34288,中性盘
1002,13:13:02,21.44,--,47,100768,买盘
1003,13:12:57,21.44,0.04,18,38592,买盘
1004,13:12:52,21.4,-0.05,40,85600,卖盘
1005,13:12:47,21.45,--,10,21450,卖盘
1006,13:12:42,21.45,0.04,34,72930,买盘
1007,13:12:37,21.41,-0.01,115,246215,卖盘
1008,13:12:27,21.42,-0.03,35,74970,卖盘
1009,13:12:22,21.45,-0.01,233,499785,中性盘
1010,13:12:17,21.46,--,20,42920,买盘
1011,13:12:12,21.46,--,33,70818,买盘
1012,13:12:07,21.46,-0.02,380,815480,卖盘
1013,13:12:02,21.48,--,110,236280,买盘
1014,13:11:57,21.48,0.08,581,1247988,买盘
1015,13:11:52,21.4,-0.01,22,47080,卖盘
1016,13:11:47,21.41,0.01,1,2141,买盘
1017,13:11:42,21.4,--,11,23540,卖盘
1018,13:11:37,21.4,0.04,378,811038,买盘
1019,13:11:26,21.36,--,5,10680,卖盘
1020,13:11:22,21.36,0.01,54,115344,买盘
1021,13:11:17,21.35,0.04,107,228637,买盘
1022,13:11:11,21.31,-0.04,10,21310,卖盘
1023,13:11:07,21.35,--,0,0,买盘
1024,13:11:02,21.35,0.01,287,612745,买盘
1025,13:10:56,21.34,--,20,42680,买盘
1026,13:10:52,21.34,0.03,300,640200,买盘
1027,13:10:47,21.31,--,9,19179,卖盘
1028,13:10:37,21.31,0.01,130,277030,买盘
1029,13:10:32,21.3,--,22,46860,卖盘
1030,13:10:22,21.3,0.04,244,521764,买盘
1031,13:10:17,21.26,--,16,34016,卖盘
1032,13:10:11,21.26,--,1,2126,卖盘
1033,13:10:07,21.26,--,6,12756,卖盘
1034,13:10:02,21.26,0.01,10,21260,买盘
1035,13:09:56,21.25,-0.01,6,12750,卖盘
1036,13:09:52,21.26,--,6,12756,买盘
1037,13:09:47,21.26,--,6,12756,买盘
1038,13:09:41,21.26,--,5,10630,买盘
1039,13:09:37,21.26,0.01,6,12756,买盘
1040,13:09:32,21.25,--,0,0,卖盘
1041,13:09:22,21.25,--,7,14875,卖盘
1042,13:09:11,21.25,-0.01,25,53125,卖盘
1043,13:09:07,21.26,--,19,40394,卖盘
1044,13:09:02,21.26,--,7,14882,卖盘
1045,13:08:52,21.26,0.01,15,31890,卖盘
1046,13:08:46,21.25,--,0,0,卖盘
1047,13:08:36,21.25,--,6,12750,卖盘
1048,13:08:31,21.25,-0.03,11,23375,卖盘
1049,13:08:26,21.28,0.02,25,53200,买盘
1050,13:08:21,21.26,0.02,54,114804,买盘
1051,13:08:16,21.24,0.01,7,14867,卖盘
1052,13:08:11,21.23,--,0,0,卖盘
1053,13:08:06,21.23,--,6,12738,卖盘
1054,13:08:01,21.23,0.01,6,12738,买盘
1055,13:07:56,21.22,-0.01,5,10610,卖盘
1056,13:07:51,21.23,0.01,5,10615,买盘
1057,13:07:46,21.22,--,5,10610,卖盘
1058,13:07:41,21.22,-0.01,70,148540,卖盘
1059,13:07:36,21.23,0.01,2,4246,中性盘
1060,13:07:31,21.22,--,37,78514,卖盘
1061,13:07:21,21.22,--,11,23342,卖盘
1062,13:07:16,21.22,--,0,0,卖盘
1063,13:07:11,21.22,-0.04,11,23342,卖盘
1064,13:07:06,21.26,--,23,48898,卖盘
1065,13:07:01,21.26,0.03,14,29764,买盘
1066,13:06:51,21.23,--,6,12738,卖盘
1067,13:06:46,21.23,--,5,10615,卖盘
1068,13:06:36,21.23,-0.03,44,93412,卖盘
1069,13:06:31,21.26,--,10,21260,卖盘
1070,13:06:26,21.26,--,6,12756,卖盘
1071,13:06:21,21.26,--,6,12756,卖盘
1072,13:06:16,21.26,-0.02,11,23386,卖盘
1073,13:06:06,21.28,--,6,12768,卖盘
1074,13:05:56,21.28,--,6,12768,卖盘
1075,13:05:51,21.28,-0.02,7,14896,卖盘
1076,13:05:46,21.3,--,17,37360,卖盘
1077,13:05:41,21.3,-0.02,5,10650,卖盘
1078,13:05:36,21.32,0.02,135,287820,买盘
1079,13:05:31,21.3,--,6,12780,卖盘
1080,13:05:21,21.3,--,5,10650,卖盘
1081,13:05:16,21.3,-0.01,111,236430,卖盘
1082,13:05:11,21.31,--,12,25572,买盘
1083,13:05:06,21.31,0.01,1,2131,买盘
1084,13:05:01,21.3,-0.01,113,240690,卖盘
1085,13:04:51,21.31,0.01,20,42620,买盘
1086,13:04:46,21.3,--,21,44730,卖盘
1087,13:04:36,21.3,-0.01,6,12780,卖盘
1088,13:04:31,21.31,0.01,5,10655,买盘
1089,13:04:26,21.3,-0.03,7,14910,卖盘
1090,13:04:21,21.33,0.03,8,17064,买盘
1091,13:04:16,21.3,-0.03,9,19170,卖盘
1092,13:04:11,21.33,-0.01,90,192951,中性盘
1093,13:04:05,21.34,0.03,328,699952,买盘
1094,13:04:01,21.31,-0.02,5,10655,卖盘
1095,13:03:56,21.33,0.02,20,42660,买盘
1096,13:03:41,21.31,-0.02,6,12786,卖盘
1097,13:03:31,21.33,0.01,124,264492,买盘
1098,13:03:26,21.32,0.01,5,10660,中性盘
1099,13:03:20,21.31,--,7,14917,卖盘
1100,13:03:11,21.31,--,10,21310,卖盘
1101,13:03:05,21.31,0.01,1,2131,卖盘
1102,13:02:56,21.3,--,0,0,卖盘
1103,13:02:50,21.3,--,0,0,卖盘
1104,13:02:46,21.3,--,14,29820,卖盘
1105,13:02:41,21.3,--,7,14910,卖盘
1106,13:02:35,21.3,--,206,438780,卖盘
1107,13:02:31,21.3,--,4,8520,卖盘
1108,13:02:25,21.3,0.04,42,89460,买盘
1109,13:02:00,21.26,--,0,0,卖盘
1110,13:01:50,21.26,--,0,0,卖盘
1111,13:01:45,21.26,--,0,0,卖盘
1112,13:01:35,21.26,-0.04,14,29764,卖盘
1113,13:01:30,21.3,0.01,11,23430,买盘
1114,13:01:20,21.29,0.01,1,2129,买盘
1115,13:01:15,21.28,--,2,4256,买盘
1116,13:01:00,21.28,0.03,2,4256,买盘
1117,13:00:40,21.25,0.01,6,12750,卖盘
1118,13:00:25,21.24,--,126,269620,买盘
1119,13:00:20,21.24,--,2,4248,买盘
1120,13:00:15,21.24,--,69,146556,买盘
1121,13:00:10,21.24,-0.07,703,1493299,卖盘
1122,13:00:05,21.31,0.03,506,1080289,买盘
1123,11:30:00,21.28,--,0,0,卖盘
1124,11:29:59,21.28,--,0,0,卖盘
1125,11:29:59,21.28,-0.01,6,12768,卖盘
1126,11:29:56,21.29,0.01,2,4258,买盘
1127,11:29:45,21.28,--,4,8512,买盘
1128,11:29:35,21.28,-0.02,7,14896,买盘
1129,11:29:30,21.3,--,0,0,买盘
1130,11:29:20,21.3,--,1,2130,买盘
1131,11:29:15,21.3,0.07,101,215130,买盘
1132,11:29:10,21.23,--,10,21230,卖盘
1133,11:29:05,21.23,0.01,3,6369,买盘
1134,11:29:00,21.22,--,1,2122,卖盘
1135,11:28:56,21.22,--,2,4244,卖盘
1136,11:28:50,21.22,0.01,5,10610,买盘
1137,11:28:45,21.21,-0.01,4,8484,卖盘
1138,11:28:35,21.22,-0.08,7,14854,卖盘
1139,11:28:25,21.3,0.07,52,110760,买盘
1140,11:28:20,21.23,-0.03,86,182578,卖盘
1141,11:28:15,21.26,0.03,2,4252,中性盘
1142,11:28:10,21.23,--,35,74305,卖盘
1143,11:28:00,21.23,-0.07,5,10615,卖盘
1144,11:27:55,21.3,--,5,10650,买盘
1145,11:27:50,21.3,--,13,27690,买盘
1146,11:27:45,21.3,0.04,101,215130,买盘
1147,11:27:40,21.26,-0.04,11,23386,卖盘
1148,11:27:35,21.3,0.04,26,55380,买盘
1149,11:27:25,21.26,-0.04,43,91418,卖盘
1150,11:27:20,21.3,0.04,64,136320,买盘
1151,11:27:15,21.26,-0.04,6,12756,卖盘
1152,11:27:10,21.3,0.01,12,25560,买盘
1153,11:27:05,21.29,-0.01,18,38322,卖盘
1154,11:27:00,21.3,--,3,6390,买盘
1155,11:26:55,21.3,0.01,21,44730,买盘
1156,11:26:50,21.29,--,12,25548,卖盘
1157,11:26:40,21.29,0.04,25,53225,买盘
1158,11:26:35,21.25,--,161,342125,卖盘
1159,11:26:25,21.25,--,18,38250,买盘
1160,11:26:20,21.25,0.02,11,23375,买盘
1161,11:26:10,21.23,-0.01,5,10615,卖盘
1162,11:26:05,21.24,0.01,45,95580,买盘
1163,11:26:00,21.23,-0.01,5,10615,卖盘
1164,11:25:50,21.24,--,48,101951,卖盘
1165,11:25:45,21.24,-0.06,10,21240,卖盘
1166,11:25:40,21.3,0.06,80,170400,买盘
1167,11:25:35,21.24,-0.01,13,27611,卖盘
1168,11:25:30,21.25,0.02,2,4250,中性盘
1169,11:25:25,21.23,-0.01,6,12738,卖盘
1170,11:25:20,21.24,--,3,6371,卖盘
1171,11:25:14,21.24,--,8,16992,卖盘
1172,11:25:10,21.24,--,15,31859,卖盘
1173,11:25:05,21.24,--,117,248507,卖盘
1174,11:25:00,21.24,--,3,6371,卖盘
1175,11:24:55,21.24,--,7,14867,卖盘
1176,11:24:50,21.24,--,10,21240,卖盘
1177,11:24:44,21.24,-0.04,22,46728,卖盘
1178,11:24:40,21.28,0.04,85,180880,买盘
1179,11:24:35,21.24,0.01,6,12743,买盘
1180,11:24:29,21.23,-0.01,4,8492,卖盘
1181,11:24:25,21.24,-0.04,9,19116,卖盘
1182,11:24:20,21.28,0.04,23,48944,买盘
1183,11:24:14,21.24,--,5,10620,卖盘
1184,11:24:10,21.24,--,7,14867,卖盘
1185,11:24:05,21.24,-0.04,17,36108,中性盘
1186,11:23:55,21.28,0.05,16,34048,中性盘
1187,11:23:50,21.23,-0.06,22,46706,卖盘
1188,11:23:40,21.29,-0.01,144,306576,卖盘
1189,11:23:35,21.3,--,22,46860,卖盘
1190,11:23:29,21.3,-0.01,10,21300,卖盘
1191,11:23:24,21.31,--,3,6393,买盘
1192,11:23:20,21.31,0.02,36,76716,买盘
1193,11:23:14,21.29,-0.02,9,19161,卖盘
1194,11:23:05,21.31,--,120,255719,买盘
1195,11:22:59,21.31,--,136,289816,卖盘
1196,11:22:54,21.31,--,9,19179,卖盘
1197,11:22:50,21.31,-0.02,13,27703,卖盘
1198,11:22:44,21.33,0.03,102,217565,买盘
1199,11:22:39,21.3,0.01,10,21300,买盘
1200,11:22:35,21.29,-0.04,11,23419,卖盘
1201,11:22:29,21.33,0.03,22,46925,买盘
1202,11:22:24,21.3,-0.04,1,2130,中性盘
1203,11:22:20,21.34,0.03,173,369182,买盘
1204,11:22:14,21.31,-0.02,71,151301,卖盘
1205,11:22:09,21.33,0.02,49,104516,中性盘
1206,11:22:05,21.31,-0.02,161,343091,卖盘
1207,11:21:59,21.33,--,29,61856,买盘
1208,11:21:54,21.33,0.02,90,191969,买盘
1209,11:21:50,21.31,0.01,105,223755,买盘
1210,11:21:44,21.3,--,307,653910,卖盘
1211,11:21:34,21.3,--,18,38340,卖盘
1212,11:21:29,21.3,0.08,157,334410,买盘
1213,11:21:24,21.22,--,4,8488,卖盘
1214,11:21:20,21.22,-0.06,25,53050,卖盘
1215,11:21:14,21.28,0.08,665,1416184,买盘
1216,11:21:05,21.2,-0.02,5,10600,卖盘
1217,11:20:59,21.22,--,41,87002,买盘
1218,11:20:54,21.22,--,55,116710,买盘
1219,11:20:49,21.22,--,40,84880,卖盘
1220,11:20:44,21.22,-0.07,89,188858,卖盘
1221,11:20:39,21.29,--,0,0,买盘
1222,11:20:34,21.29,0.01,27,57483,买盘
1223,11:20:29,21.28,-0.01,4,8512,卖盘
1224,11:20:24,21.29,--,12,25548,买盘
1225,11:20:19,21.29,-0.02,97,206513,卖盘
1226,11:20:14,21.31,--,28,59668,卖盘
1227,11:20:09,21.31,--,2,4262,卖盘
1228,11:20:04,21.31,0.01,122,259981,买盘
1229,11:19:59,21.3,--,51,108630,卖盘
1230,11:19:54,21.3,--,10,21300,卖盘
1231,11:19:49,21.3,0.02,12,25560,卖盘
1232,11:19:44,21.28,-0.01,127,270256,卖盘
1233,11:19:39,21.29,--,41,87289,卖盘
1234,11:19:34,21.29,0.03,32,68128,中性盘
1235,11:19:28,21.26,-0.03,227,482602,卖盘
1236,11:19:24,21.29,0.06,60,127740,买盘
1237,11:19:19,21.23,--,344,730312,卖盘
1238,11:19:14,21.23,0.01,11,23353,中性盘
1239,11:19:04,21.22,0.02,522,1107684,买盘
1240,11:18:59,21.2,--,30,63600,买盘
1241,11:18:54,21.2,--,0,0,买盘
1242,11:18:49,21.2,0.09,551,1168120,买盘
1243,11:18:44,21.11,--,6,12666,卖盘
1244,11:18:38,21.11,--,21,44331,买盘
1245,11:18:34,21.11,0.09,827,1745797,买盘
1246,11:18:29,21.02,0.02,13,27326,买盘
1247,11:18:24,21.0,-0.02,7,14700,卖盘
1248,11:18:19,21.02,0.02,6,12612,买盘
1249,11:18:09,21.0,-0.02,1,2100,中性盘
1250,11:18:04,21.02,0.02,20,42040,买盘
1251,11:17:59,21.0,--,0,0,卖盘
1252,11:17:53,21.0,0.04,246,516600,买盘
1253,11:17:49,20.96,--,0,0,卖盘
1254,11:17:44,20.96,--,85,178160,卖盘
1255,11:17:34,20.96,--,11,23056,卖盘
1256,11:17:19,20.96,--,5,10480,卖盘
1257,11:17:08,20.96,--,5,10480,卖盘
1258,11:17:04,20.96,0.01,45,94320,买盘
1259,11:16:59,20.95,-0.01,5,10475,卖盘
1260,11:16:49,20.96,-0.03,12,25152,卖盘
1261,11:16:44,20.99,0.03,80,167920,买盘
1262,11:16:38,20.96,--,10,20960,卖盘
1263,11:16:34,20.96,--,0,0,卖盘
1264,11:16:29,20.96,--,5,10480,卖盘
1265,11:16:23,20.96,-0.03,1,2096,卖盘
1266,11:16:19,20.99,0.03,1,2099,买盘
1267,11:16:14,20.96,-0.04,5,10480,卖盘
1268,11:16:03,21.0,0.01,49,102900,买盘
1269,11:15:53,20.99,-0.03,5,10495,卖盘
1270,11:15:44,21.02,0.02,95,199690,买盘
1271,11:15:38,21.0,--,58,121800,卖盘
1272,11:15:34,21.0,--,9,18900,卖盘
1273,11:15:29,21.0,--,16,33600,卖盘
1274,11:15:23,21.0,--,5,10500,卖盘
1275,11:15:14,21.0,--,160,336000,卖盘
1276,11:15:08,21.0,-0.02,5,10500,卖盘
1277,11:14:58,21.02,0.02,26,54652,买盘
1278,11:14:48,21.0,0.02,317,665700,买盘
1279,11:14:44,20.98,-0.01,95,199310,卖盘
1280,11:14:38,20.99,0.01,19,39881,买盘
1281,11:14:29,20.98,--,15,31470,卖盘
1282,11:14:23,20.98,--,25,52450,卖盘
1283,11:14:14,20.98,--,4,8392,卖盘
1284,11:14:08,20.98,--,15,31470,卖盘
1285,11:14:03,20.98,0.04,215,451468,买盘
1286,11:13:53,20.94,--,38,79572,卖盘
1287,11:13:43,20.94,--,300,628200,卖盘
1288,11:13:38,20.94,--,5,10470,卖盘
1289,11:13:29,20.94,--,14,29316,卖盘
1290,11:13:18,20.94,-0.03,5,10470,卖盘
1291,11:13:13,20.97,0.01,107,224379,买盘
1292,11:13:08,20.96,--,5,10480,卖盘
1293,11:13:03,20.96,--,20,41920,卖盘
1294,11:12:58,20.96,--,10,20960,卖盘
1295,11:12:53,20.96,0.02,10,20960,卖盘
1296,11:12:48,20.94,--,0,0,卖盘
1297,11:12:43,20.94,--,85,177990,卖盘
1298,11:12:38,20.94,--,5,10470,卖盘
1299,11:12:33,20.94,--,5,10470,卖盘
1300,11:12:23,20.94,--,10,20940,卖盘
1301,11:12:18,20.94,--,53,110982,卖盘
1302,11:12:13,20.94,--,10,20940,卖盘
1303,11:12:08,20.94,--,0,0,卖盘
1304,11:11:58,20.94,0.01,159,332946,买盘
1305,11:11:53,20.93,--,12,25116,卖盘
1306,11:11:47,20.93,-0.01,10,20930,卖盘
1307,11:11:43,20.94,0.01,110,230340,买盘
1308,11:11:38,20.93,--,5,10465,卖盘
1309,11:11:28,20.93,--,5,10465,卖盘
1310,11:11:22,20.93,--,2,4186,卖盘
1311,11:11:18,20.93,-0.02,178,372554,卖盘
1312,11:11:13,20.95,0.01,6,12570,买盘
1313,11:11:08,20.94,--,11,23034,买盘
1314,11:10:58,20.94,--,236,494184,卖盘
1315,11:10:53,20.94,-0.01,10,20940,卖盘
1316,11:10:46,20.95,--,10,20950,卖盘
1317,11:10:43,20.95,0.01,85,178075,卖盘
1318,11:10:38,20.94,--,0,0,卖盘
1319,11:10:32,20.94,--,5,10470,卖盘
1320,11:10:28,20.94,--,285,596790,买盘
1321,11:10:08,20.94,--,12,25128,卖盘
1322,11:09:58,20.94,--,36,75384,卖盘
1323,11:09:53,20.94,--,25,52350,卖盘
1324,11:09:47,20.94,--,5,10470,卖盘
1325,11:09:43,20.94,0.03,23,48162,买盘
1326,11:09:38,20.91,--,10,20910,买盘
1327,11:09:32,20.91,0.01,31,64821,买盘
1328,11:09:23,20.9,-0.02,238,497419,卖盘
1329,11:09:17,20.92,--,3,6276,买盘
1330,11:09:13,20.92,0.01,11,23012,买盘
1331,11:09:08,20.91,0.01,12,25092,买盘
1332,11:08:58,20.9,-0.01,38,79420,卖盘
1333,11:08:53,20.91,-0.01,55,115005,中性盘
1334,11:08:43,20.92,--,123,257316,买盘
1335,11:08:38,20.92,0.02,5,10460,买盘
1336,11:08:28,20.9,-0.02,2,4180,卖盘
1337,11:08:22,20.92,-0.05,16,33472,卖盘
1338,11:08:13,20.97,0.05,10,20970,买盘
1339,11:08:02,20.92,--,9,18828,卖盘
1340,11:07:53,20.92,-0.06,8,16736,卖盘
1341,11:07:42,20.98,0.05,80,167840,买盘
1342,11:07:38,20.93,--,2,4186,卖盘
1343,11:07:32,20.93,-0.02,3,6279,卖盘
1344,11:07:23,20.95,-0.02,52,108940,卖盘
1345,11:07:16,20.97,0.04,27,56619,买盘
1346,11:07:12,20.93,-0.04,2,4186,卖盘
1347,11:07:01,20.97,--,10,20970,买盘
1348,11:06:42,20.97,0.02,80,167760,买盘
1349,11:06:27,20.95,--,4,8380,卖盘
1350,11:06:17,20.95,0.01,1,2095,卖盘
1351,11:06:02,20.94,--,15,31410,买盘
1352,11:05:57,20.94,--,1,2094,卖盘
1353,11:05:52,20.94,-0.03,1,2094,卖盘
1354,11:05:42,20.97,0.02,81,169857,买盘
1355,11:05:31,20.95,0.01,8,16760,买盘
1356,11:05:27,20.94,-0.01,1,2094,卖盘
1357,11:05:22,20.95,--,67,140365,卖盘
1358,11:05:16,20.95,-0.02,15,31425,卖盘
1359,11:04:40,20.97,0.02,80,167760,买盘
1360,11:04:22,20.95,-0.01,3,6285,卖盘
1361,11:04:16,20.96,0.01,5,10480,中性盘
1362,11:04:07,20.95,--,5,10475,卖盘
1363,11:03:52,20.95,-0.02,5,10475,卖盘
1364,11:03:40,20.97,0.02,80,167760,买盘
1365,11:03:32,20.95,-0.01,5,10475,买盘
1366,11:03:22,20.96,0.04,1,2096,买盘
1367,11:03:10,20.92,--,0,0,卖盘
1368,11:03:01,20.92,-0.05,5,10460,卖盘
1369,11:02:41,20.97,0.05,342,717174,买盘
1370,11:02:31,20.92,--,3,6276,买盘
1371,11:02:25,20.92,--,10,20920,买盘
1372,11:02:07,20.92,--,25,52300,卖盘
1373,11:02:01,20.92,--,0,0,卖盘
1374,11:01:52,20.92,--,10,20920,卖盘
1375,11:01:46,20.92,-0.05,23,48116,卖盘
1376,11:01:40,20.97,0.05,82,171954,买盘
1377,11:01:31,20.92,--,0,0,卖盘
1378,11:01:25,20.92,--,1,2092,卖盘
1379,11:01:21,20.92,-0.05,7,14644,卖盘
1380,11:01:16,20.97,--,11,23067,买盘
1381,11:01:07,20.97,--,30,62910,买盘
1382,11:01:01,20.97,--,61,127917,卖盘
1383,11:00:40,20.97,0.07,19,39843,买盘
1384,11:00:36,20.9,--,26,54339,卖盘
1385,11:00:25,20.9,--,941,1966689,买盘
1386,11:00:16,20.9,0.02,348,727320,买盘
1387,11:00:10,20.88,--,0,0,卖盘
1388,11:00:06,20.88,--,8,16704,卖盘
1389,11:00:01,20.88,0.03,102,212976,中性盘
1390,10:59:55,20.85,--,9,18765,卖盘
1391,10:59:46,20.85,-0.05,8,16680,卖盘
1392,10:59:40,20.9,0.05,80,167200,买盘
1393,10:59:36,20.85,--,9,18765,卖盘
1394,10:59:25,20.85,0.02,8,16680,卖盘
1395,10:59:21,20.83,--,0,0,卖盘
1396,10:59:16,20.83,--,8,16664,卖盘
1397,10:59:10,20.83,--,0,0,卖盘
1398,10:59:06,20.83,--,8,16664,卖盘
1399,10:59:01,20.83,--,0,0,卖盘
1400,10:58:55,20.83,--,8,16664,卖盘
1401,10:58:51,20.83,--,5,10415,卖盘
1402,10:58:46,20.83,-0.07,10,20830,卖盘
1403,10:58:40,20.9,0.08,88,183920,买盘
1404,10:58:36,20.82,--,0,0,卖盘
1405,10:58:31,20.82,-0.05,555,1155510,卖盘
1406,10:58:25,20.87,-0.03,8,16716,卖盘
1407,10:58:21,20.9,0.03,1,2090,买盘
1408,10:58:16,20.87,0.01,8,16696,卖盘
1409,10:58:10,20.86,--,0,0,卖盘
1410,10:58:05,20.86,-0.01,8,16688,卖盘
1411,10:57:55,20.87,-0.03,8,16696,卖盘
1412,10:57:51,20.9,0.04,4,8360,买盘
1413,10:57:46,20.86,-0.04,8,16688,卖盘
1414,10:57:40,20.9,--,124,259159,买盘
1415,10:57:34,20.9,--,29,60609,买盘
1416,10:57:31,20.9,0.02,500,1044999,买盘
1417,10:57:25,20.88,-0.02,8,16704,卖盘
1418,10:57:16,20.9,-0.01,455,950949,卖盘
1419,10:57:10,20.91,--,0,0,卖盘
1420,10:57:04,20.91,--,8,16728,卖盘
1421,10:56:55,20.91,0.01,8,16728,中性盘
1422,10:56:46,20.9,-0.08,8,16720,卖盘
1423,10:56:40,20.98,0.08,82,172036,买盘
1424,10:56:34,20.9,-0.03,8,16720,卖盘
1425,10:56:25,20.93,-0.03,8,16744,卖盘
1426,10:56:19,20.96,--,1,2096,买盘
1427,10:56:16,20.96,0.06,18,37728,买盘
1428,10:56:04,20.9,--,8,16720,卖盘
1429,10:56:01,20.9,-0.02,500,1044999,卖盘
1430,10:55:55,20.92,-0.01,8,16736,卖盘
1431,10:55:49,20.93,-0.03,31,64883,卖盘
1432,10:55:46,20.96,-0.02,12,25152,卖盘
1433,10:55:40,20.98,0.02,83,174134,买盘
1434,10:55:34,20.96,-0.01,8,16768,卖盘
1435,10:55:25,20.97,0.01,12,25164,买盘
1436,10:55:16,20.96,-0.01,8,16768,卖盘
1437,10:55:04,20.97,--,13,28309,卖盘
1438,10:54:55,20.97,-0.01,50,104850,卖盘
1439,10:54:49,20.98,--,4,8392,卖盘
1440,10:54:46,20.98,-0.02,4,8392,卖盘
1441,10:54:40,21.0,0.02,89,186900,买盘
1442,10:54:19,20.98,0.01,1,2098,买盘
1443,10:54:16,20.97,--,0,1048,买盘
1444,10:54:10,20.97,0.01,23,48231,买盘
1445,10:54:04,20.96,-0.02,1,2096,卖盘
1446,10:54:01,20.98,--,0,0,买盘
1447,10:53:46,20.98,--,0,0,买盘
1448,10:53:40,20.98,0.01,96,201408,买盘
1449,10:53:31,20.97,--,4,8388,买盘
1450,10:53:16,20.97,0.02,1,2097,买盘
1451,10:53:10,20.95,--,5,10475,卖盘
1452,10:53:04,20.95,-0.02,4,8380,卖盘
1453,10:53:00,20.97,--,18,37746,卖盘
1454,10:52:55,20.97,--,2,4194,卖盘
1455,10:52:49,20.97,--,9,18873,卖盘
1456,10:52:46,20.97,--,5,10485,卖盘
1457,10:52:40,20.97,0.02,63,132111,买盘
1458,10:52:34,20.95,--,151,316345,买盘
1459,10:52:19,20.95,--,17,35615,买盘
1460,10:52:10,20.95,-0.03,3,6285,买盘
1461,10:52:04,20.98,--,0,0,买盘
1462,10:51:45,20.98,--,0,0,买盘
1463,10:51:40,20.98,--,282,591636,买盘
1464,10:51:34,20.98,0.02,78,163644,买盘
1465,10:51:25,20.96,0.01,11,23056,买盘
1466,10:51:19,20.95,-0.03,7,14665,中性盘
1467,10:51:10,20.98,--,20,41960,买盘
1468,10:51:04,20.98,-0.01,14,29372,卖盘
1469,10:50:55,20.99,--,3,6296,买盘
1470,10:50:45,20.99,--,3,6296,买盘
1471,10:50:40,20.99,-0.01,224,470175,卖盘
1472,10:50:34,21.0,--,81,170100,卖盘
1473,10:50:25,21.0,--,3,6300,卖盘
1474,10:50:19,21.0,--,236,495600,卖盘
1475,10:50:10,21.0,-0.02,10,21000,卖盘
1476,10:50:04,21.02,0.02,11,23122,中性盘
1477,10:49:58,21.0,-0.03,3,6300,卖盘
1478,10:49:43,21.03,-0.02,23,48369,卖盘
1479,10:49:40,21.05,0.01,96,202080,买盘
1480,10:49:25,21.04,0.01,60,126240,买盘
1481,10:49:19,21.03,-0.01,2,4206,中性盘
1482,10:49:13,21.04,--,22,46288,卖盘
1483,10:49:09,21.04,-0.01,449,944696,中性盘
1484,10:49:04,21.05,0.01,50,105250,买盘
1485,10:48:58,21.04,--,10,21040,买盘
1486,10:48:54,21.04,--,3,6312,买盘
1487,10:48:49,21.04,--,51,107304,卖盘
1488,10:48:39,21.04,-0.01,94,197776,卖盘
1489,10:48:34,21.05,0.01,50,105250,买盘
1490,10:48:24,21.04,-0.01,24,50496,买盘
1491,10:48:19,21.05,0.02,8,16840,买盘
1492,10:48:13,21.03,--,2,4206,买盘
1493,10:48:10,21.03,0.03,13,27339,中性盘
1494,10:48:04,21.0,-0.04,117,245700,卖盘
1495,10:47:58,21.04,0.04,16,33664,买盘
1496,10:47:54,21.0,--,4,8400,卖盘
1497,10:47:49,21.0,-0.04,45,94500,卖盘
1498,10:47:39,21.04,0.03,432,908928,买盘
1499,10:47:34,21.01,0.01,1,2101,中性盘
1500,10:47:28,21.0,--,2,4200,卖盘
1501,10:47:25,21.0,--,142,298200,卖盘
1502,10:47:19,21.0,-0.06,121,254100,卖盘
1503,10:47:09,21.06,0.05,44,92664,买盘
1504,10:47:04,21.01,-0.05,163,342463,卖盘
1505,10:46:58,21.06,0.01,57,120041,买盘
1506,10:46:54,21.05,--,138,290490,卖盘
1507,10:46:49,21.05,-0.01,30,63150,卖盘
1508,10:46:43,21.06,--,0,0,卖盘
1509,10:46:39,21.06,--,166,349596,卖盘
1510,10:46:34,21.06,-0.04,54,113724,卖盘
1511,10:46:28,21.1,--,1,2110,买盘
1512,10:46:24,21.1,0.01,56,118160,买盘
1513,10:46:19,21.09,-0.01,6,12654,中性盘
1514,10:46:13,21.1,--,15,31650,卖盘
1515,10:46:09,21.1,0.04,102,215220,买盘
1516,10:46:04,21.06,-0.03,14,29484,卖盘
1517,10:45:58,21.09,0.04,45,94905,买盘
1518,10:45:49,21.05,--,33,69465,卖盘
1519,10:45:43,21.05,0.05,738,1553490,买盘
1520,10:45:39,21.0,0.03,360,756000,买盘
1521,10:45:34,20.97,--,7,14679,卖盘
1522,10:45:28,20.97,--,11,23067,卖盘
1523,10:45:24,20.97,--,12,25164,买盘
1524,10:45:19,20.97,--,27,56619,买盘
1525,10:45:13,20.97,0.02,19,39843,买盘
1526,10:45:09,20.95,-0.04,15,31425,卖盘
1527,10:45:04,20.99,0.06,50,104949,买盘
1528,10:44:58,20.93,--,5,10465,卖盘
1529,10:44:54,20.93,-0.06,10,20930,卖盘
1530,10:44:49,20.99,0.06,1520,3190479,买盘
1531,10:44:43,20.93,--,11,23023,买盘
1532,10:44:39,20.93,0.03,20,41860,买盘
1533,10:44:34,20.9,--,1,2090,卖盘
1534,10:44:24,20.9,0.04,273,570570,买盘
1535,10:44:19,20.86,--,12,25032,卖盘
1536,10:44:04,20.86,0.04,96,200256,买盘
1537,10:43:58,20.82,-0.04,30,62460,卖盘
1538,10:43:54,20.86,--,10,20860,买盘
1539,10:43:43,20.86,0.06,80,166880,买盘
1540,10:43:37,20.8,--,3,6240,买盘
1541,10:43:22,20.8,--,1,2080,买盘
1542,10:43:19,20.8,-0.06,1,2080,中性盘
1543,10:43:13,20.86,--,4,8344,买盘
1544,10:42:58,20.86,0.06,300,625800,买盘
1545,10:42:52,20.8,--,3,6240,买盘
1546,10:42:49,20.8,--,5,10400,卖盘
1547,10:42:43,20.8,--,82,170560,卖盘
1548,10:42:37,20.8,-0.05,10,20800,卖盘
1549,10:42:28,20.85,--,1,2085,买盘
1550,10:42:03,20.85,0.07,2,4170,买盘
1551,10:41:58,20.78,--,2,4156,卖盘
1552,10:41:43,20.78,-0.05,82,170396,卖盘
1553,10:41:18,20.83,-0.02,1,2083,买盘
1554,10:41:13,20.85,--,0,0,买盘
1555,10:41:03,20.85,--,0,0,买盘
1556,10:40:43,20.85,0.05,83,173055,买盘
1557,10:40:28,20.8,-0.05,5,10400,买盘
1558,10:39:43,20.85,0.07,80,166800,买盘
1559,10:39:33,20.78,-0.02,7,14546,卖盘
1560,10:39:28,20.8,--,1,2080,买盘
1561,10:39:18,20.8,--,1,2080,买盘
1562,10:39:13,20.8,--,0,0,中性盘
1563,10:38:58,20.8,-0.05,10,20800,卖盘
1564,10:38:52,20.85,--,0,0,买盘
1565,10:38:43,20.85,0.08,80,166800,买盘
1566,10:38:33,20.77,--,0,0,卖盘
1567,10:38:22,20.77,-0.06,37,76849,卖盘
1568,10:38:18,20.83,0.03,9,18747,买盘
1569,10:38:07,20.8,--,30,62400,卖盘
1570,10:37:48,20.8,-0.04,4,8320,卖盘
1571,10:37:43,20.84,--,80,166720,买盘
1572,10:37:37,20.84,--,0,0,买盘
1573,10:37:07,20.84,-0.01,41,85444,卖盘
1574,10:37:01,20.85,0.01,2,4170,买盘
1575,10:36:58,20.84,-0.02,14,29176,买盘
1576,10:36:46,20.86,--,0,0,买盘
1577,10:36:43,20.86,0.06,80,166880,买盘
1578,10:36:28,20.8,-0.05,140,291200,卖盘
1579,10:36:22,20.85,--,1,2085,买盘
1580,10:36:16,20.85,0.05,12,25020,买盘
1581,10:36:01,20.8,-0.05,10,20800,卖盘
1582,10:35:52,20.85,0.05,5,10425,买盘
1583,10:35:46,20.8,-0.05,495,1029600,卖盘
1584,10:35:43,20.85,-0.02,110,229350,卖盘
1585,10:35:31,20.87,0.02,2,4174,买盘
1586,10:35:28,20.85,--,0,0,卖盘
1587,10:35:12,20.85,0.01,4,8340,卖盘
1588,10:35:07,20.84,-0.04,2,4168,卖盘
1589,10:34:46,20.88,-0.01,1,2088,卖盘
1590,10:34:42,20.89,0.01,80,167120,买盘
1591,10:34:37,20.88,--,16,33408,买盘
1592,10:34:31,20.88,--,2,4176,买盘
1593,10:34:22,20.88,--,2,4176,买盘
1594,10:33:57,20.88,--,0,0,买盘
1595,10:33:46,20.88,--,29,60552,卖盘
1596,10:33:42,20.88,0.04,51,106488,买盘
1597,10:33:37,20.84,0.03,17,35428,买盘
1598,10:33:22,20.81,--,20,41620,卖盘
1599,10:33:16,20.81,0.01,23,47863,买盘
1600,10:33:12,20.8,--,10,20800,卖盘
1601,10:33:07,20.8,-0.01,20,41600,卖盘
1602,10:32:57,20.81,--,12,24972,买盘
1603,10:32:52,20.81,-0.01,15,31214,卖盘
1604,10:32:46,20.82,-0.06,10,20820,中性盘
1605,10:32:42,20.88,0.08,80,167040,买盘
1606,10:32:31,20.8,--,0,0,卖盘
1607,10:32:27,20.8,-0.05,10,20800,卖盘
1608,10:32:22,20.85,0.05,1,2085,买盘
1609,10:32:12,20.8,--,20,41600,卖盘
1610,10:32:01,20.8,--,0,0,卖盘
1611,10:31:57,20.8,--,9,18720,买盘
1612,10:31:52,20.8,-0.06,36,74880,卖盘
1613,10:31:42,20.86,0.07,80,166880,买盘
1614,10:31:37,20.79,--,0,0,卖盘
1615,10:31:31,20.79,--,0,0,卖盘
1616,10:31:27,20.79,-0.07,1,2079,卖盘
1617,10:31:22,20.86,--,0,0,买盘
1618,10:31:12,20.86,--,0,0,买盘
1619,10:31:07,20.86,-0.02,3,6258,卖盘
1620,10:31:01,20.88,0.12,11,22968,买盘
1621,10:30:52,20.76,--,10,20760,卖盘
1622,10:30:46,20.76,-0.12,6,12456,卖盘
1623,10:30:42,20.88,0.12,80,167040,买盘
1624,10:30:37,20.76,-0.11,2,4152,卖盘
1625,10:30:27,20.87,--,0,0,买盘
1626,10:30:22,20.87,--,11,22957,买盘
1627,10:30:07,20.87,0.05,14,29218,买盘
1628,10:30:01,20.82,--,0,0,买盘
1629,10:29:55,20.82,--,0,0,买盘
1630,10:29:52,20.82,-0.06,73,151986,卖盘
1631,10:29:46,20.88,--,0,0,买盘
1632,10:29:40,20.88,0.06,80,167040,买盘
1633,10:29:37,20.82,--,14,29148,卖盘
1634,10:29:22,20.82,--,5,10410,卖盘
1635,10:29:01,20.82,--,5,10410,卖盘
1636,10:28:52,20.82,--,6,12492,卖盘
1637,10:28:46,20.82,-0.05,2,4164,卖盘
1638,10:28:40,20.87,0.05,80,166960,买盘
1639,10:28:31,20.82,-0.01,25,52050,卖盘
1640,10:28:22,20.83,0.11,48,99983,买盘
1641,10:28:16,20.72,-0.11,10,20720,卖盘
1642,10:28:07,20.83,--,0,0,买盘
1643,10:28:01,20.83,--,0,0,买盘
1644,10:27:55,20.83,--,3,6248,买盘
1645,10:27:51,20.83,-0.04,1,2083,买盘
1646,10:27:46,20.87,-0.01,1,2087,中性盘
1647,10:27:40,20.88,0.01,80,167040,买盘
1648,10:27:36,20.87,-0.02,1,2087,卖盘
1649,10:27:31,20.89,--,0,0,买盘
1650,10:27:25,20.89,--,0,0,买盘
1651,10:27:21,20.89,0.24,25,52225,买盘
1652,10:27:16,20.65,--,0,0,卖盘
1653,10:27:10,20.65,--,0,0,中性盘
1654,10:27:06,20.65,-0.24,15,30974,卖盘
1655,10:26:55,20.89,--,375,783375,买盘
1656,10:26:51,20.89,--,1,2089,买盘
1657,10:26:40,20.89,--,87,181743,卖盘
1658,10:26:36,20.89,-0.01,131,273659,卖盘
1659,10:26:21,20.9,--,11,22990,中性盘
1660,10:26:16,20.9,-0.01,42,87780,卖盘
1661,10:26:06,20.91,--,0,0,卖盘
1662,10:26:01,20.91,-0.05,6,12546,中性盘
1663,10:25:55,20.96,0.05,90,188640,买盘
1664,10:25:51,20.91,-0.05,10,20910,买盘
1665,10:25:46,20.96,--,64,134144,买盘
1666,10:25:40,20.96,0.05,96,201216,买盘
1667,10:25:36,20.91,-0.06,10,20910,卖盘
1668,10:25:31,20.97,0.06,18,37746,买盘
1669,10:25:25,20.91,--,1,2091,卖盘
1670,10:25:21,20.91,-0.06,28,58548,卖盘
1671,10:25:16,20.97,0.07,48,100656,买盘
1672,10:25:10,20.9,-0.09,2,4180,卖盘
1673,10:25:06,20.99,0.02,270,566730,买盘
1674,10:25:01,20.97,--,78,163566,卖盘
1675,10:24:55,20.97,--,397,832509,卖盘
1676,10:24:51,20.97,--,607,1272879,卖盘
1677,10:24:40,20.97,0.57,11,23067,买盘
1678,10:24:36,20.4,-0.55,1500,3060000,卖盘
1679,10:24:31,20.95,--,20,41900,卖盘
1680,10:24:25,20.95,0.14,380,796100,买盘
1681,10:24:21,20.81,-0.08,34,70754,卖盘
1682,10:24:16,20.89,0.03,49,102361,买盘
1683,10:24:10,20.86,0.06,4,8344,买盘
1684,10:24:06,20.8,-0.09,1800,3744000,卖盘
1685,10:24:01,20.89,0.04,2180,4554020,买盘
1686,10:23:51,20.85,-0.01,6,12510,中性盘
1687,10:23:40,20.86,0.04,80,166880,买盘
1688,10:23:36,20.82,-0.03,5,10410,买盘
1689,10:23:31,20.85,--,0,0,买盘
1690,10:23:25,20.85,0.02,200,417000,买盘
1691,10:23:21,20.83,-0.01,1,2083,中性盘
1692,10:23:16,20.84,0.03,2,4168,买盘
1693,10:23:10,20.81,--,4,8324,卖盘
1694,10:23:06,20.81,--,301,626381,卖盘
1695,10:23:01,20.81,0.01,3,6243,中性盘
1696,10:22:51,20.8,--,5,10400,卖盘
1697,10:22:46,20.8,-0.02,13,27040,卖盘
1698,10:22:40,20.82,0.02,82,170724,买盘
1699,10:22:36,20.8,-0.02,5,10400,卖盘
1700,10:22:25,20.82,--,0,0,买盘
1701,10:22:21,20.82,0.02,20,41640,买盘
1702,10:22:16,20.8,--,2,4160,卖盘
1703,10:22:01,20.8,-0.02,7,14560,买盘
1704,10:21:46,20.82,--,0,0,买盘
1705,10:21:40,20.82,0.02,90,187380,买盘
1706,10:21:31,20.8,-0.02,5,10400,卖盘
1707,10:21:19,20.82,--,1,2082,买盘
1708,10:21:10,20.82,--,11,22902,卖盘
1709,10:21:01,20.82,--,1,2082,卖盘
1710,10:20:46,20.82,--,3,6246,卖盘
1711,10:20:40,20.82,0.01,76,158232,买盘
1712,10:20:34,20.81,0.01,5,10405,买盘
1713,10:20:31,20.8,-0.02,4,8320,卖盘
1714,10:20:15,20.82,0.04,1,2082,买盘
1715,10:20:10,20.78,--,10,20780,卖盘
1716,10:20:00,20.78,--,4,8312,卖盘
1717,10:19:55,20.78,-0.06,5,10390,卖盘
1718,10:19:40,20.84,0.02,83,172972,买盘
1719,10:19:34,20.82,0.04,16,33312,买盘
1720,10:19:31,20.78,0.01,1,2078,卖盘
1721,10:19:25,20.77,--,5,10385,卖盘
1722,10:19:19,20.77,--,2,4154,卖盘
1723,10:19:00,20.77,--,0,0,卖盘
1724,10:18:45,20.77,-0.07,3,6231,卖盘
1725,10:18:40,20.84,0.01,470,979480,买盘
1726,10:18:30,20.83,--,20,41660,卖盘
1727,10:18:25,20.83,0.02,20,41660,中性盘
1728,10:18:19,20.81,--,17,35377,卖盘
1729,10:18:15,20.81,-0.03,137,285097,卖盘
1730,10:18:10,20.84,0.01,21,43764,买盘
1731,10:18:04,20.83,--,10,20830,卖盘
1732,10:18:00,20.83,-0.01,43,89568,卖盘
1733,10:17:55,20.84,0.01,1,2084,买盘
1734,10:17:45,20.83,-0.02,39,81237,卖盘
1735,10:17:40,20.85,0.02,80,166800,买盘
1736,10:17:30,20.83,-0.01,2,4166,卖盘
1737,10:17:25,20.84,--,11,22924,买盘
1738,10:17:19,20.84,0.01,1,2084,买盘
1739,10:17:15,20.83,0.02,25,52074,买盘
1740,10:17:10,20.81,0.01,21,43701,买盘
1741,10:17:00,20.8,--,13,27040,买盘
1742,10:16:55,20.8,--,1,2080,卖盘
1743,10:16:49,20.8,--,101,210080,买盘
1744,10:16:40,20.8,--,92,191360,买盘
1745,10:16:34,20.8,--,7,14560,卖盘
1746,10:16:30,20.8,-0.01,1,2080,卖盘
1747,10:16:25,20.81,--,12,24972,买盘
1748,10:16:00,20.81,--,49,101969,卖盘
1749,10:15:55,20.81,--,0,0,卖盘
1750,10:15:49,20.81,--,10,20810,卖盘
1751,10:15:40,20.81,0.01,21,43701,买盘
1752,10:15:34,20.8,0.02,3,6240,买盘
1753,10:15:30,20.78,--,3,6234,卖盘
1754,10:15:25,20.78,-0.02,5,10390,卖盘
1755,10:15:19,20.8,--,2,4160,买盘
1756,10:15:15,20.8,--,5,10400,买盘
1757,10:15:04,20.8,-0.04,32,66560,卖盘
1758,10:15:00,20.84,-0.01,4,8336,中性盘
1759,10:14:55,20.85,0.05,19,39615,买盘
1760,10:14:45,20.8,-0.05,10,20800,卖盘
1761,10:14:39,20.85,0.01,91,189735,买盘
1762,10:14:34,20.84,0.04,2,4168,买盘
1763,10:14:25,20.8,-0.04,3,6240,卖盘
1764,10:14:19,20.84,0.04,1,2084,买盘
1765,10:14:14,20.8,--,5,10400,卖盘
1766,10:14:10,20.8,--,2,4160,卖盘
1767,10:14:04,20.8,--,32,66560,买盘
1768,10:13:58,20.8,--,135,280800,买盘
1769,10:13:49,20.8,0.03,50,104000,买盘
1770,10:13:43,20.77,-0.03,40,83080,卖盘
1771,10:13:40,20.8,-0.05,80,166400,买盘
1772,10:13:19,20.85,0.05,163,339855,买盘
1773,10:13:13,20.8,--,3,6240,卖盘
1774,10:13:09,20.8,--,300,624000,卖盘
1775,10:13:04,20.8,--,2,4160,卖盘
1776,10:12:54,20.8,-0.03,11,22880,卖盘
1777,10:12:39,20.83,--,80,166640,买盘
1778,10:12:34,20.83,0.03,10,20830,买盘
1779,10:12:28,20.8,-0.03,7,14560,中性盘
1780,10:12:24,20.83,--,1,2083,买盘
1781,10:12:19,20.83,--,3,6248,买盘
1782,10:12:13,20.83,--,8,16664,卖盘
1783,10:12:09,20.83,-0.01,5,10415,卖盘
1784,10:12:04,20.84,--,72,150048,买盘
1785,10:11:58,20.84,--,10,20840,买盘
1786,10:11:54,20.84,0.01,1,2084,买盘
1787,10:11:49,20.83,-0.01,6,12497,中性盘
1788,10:11:39,20.84,0.01,85,177140,买盘
1789,10:11:34,20.83,-0.02,4,8332,中性盘
1790,10:11:24,20.85,0.15,15,31275,买盘
1791,10:11:19,20.7,-0.15,2,4140,卖盘
1792,10:11:13,20.85,0.01,205,427425,买盘
1793,10:11:09,20.84,--,52,108368,买盘
1794,10:11:04,20.84,--,7,14588,买盘
1795,10:10:54,20.84,-0.01,600,1250400,卖盘
1796,10:10:49,20.85,--,1,2085,买盘
1797,10:10:39,20.85,--,111,231435,卖盘
1798,10:10:34,20.85,--,29,60465,卖盘
1799,10:10:24,20.85,-0.01,6,12510,卖盘
1800,10:10:19,20.86,0.01,49,102214,买盘
1801,10:10:09,20.85,0.01,90,187650,买盘
1802,10:10:04,20.84,-0.01,21,43764,卖盘
1803,10:09:54,20.85,--,0,0,买盘
1804,10:09:49,20.85,0.07,16,33360,买盘
1805,10:09:43,20.78,-0.07,30,62340,卖盘
1806,10:09:39,20.85,0.07,80,166800,买盘
1807,10:09:28,20.78,--,0,0,卖盘
1808,10:09:24,20.78,-0.07,99,205722,卖盘
1809,10:09:19,20.85,-0.02,32,66720,卖盘
1810,10:09:13,20.87,0.02,9,18783,买盘
1811,10:09:09,20.85,0.05,93,193905,中性盘
1812,10:09:04,20.8,-0.05,100,208000,卖盘
1813,10:08:58,20.85,-0.01,15,31275,卖盘
1814,10:08:54,20.86,0.01,84,175224,买盘
1815,10:08:49,20.85,--,15,31275,买盘
1816,10:08:43,20.85,--,1,2085,买盘
1817,10:08:39,20.85,0.02,101,210585,买盘
1818,10:08:33,20.83,0.02,108,224963,买盘
1819,10:08:28,20.81,--,2,4162,卖盘
1820,10:08:24,20.81,0.03,81,168581,买盘
1821,10:08:18,20.78,-0.02,62,128836,卖盘
1822,10:08:13,20.8,0.02,36,74880,买盘
1823,10:08:09,20.78,-0.01,6,12468,卖盘
1824,10:08:03,20.79,0.01,115,239085,买盘
1825,10:07:54,20.78,--,15,31170,卖盘
1826,10:07:48,20.78,--,22,45716,买盘
1827,10:07:39,20.78,0.03,82,170396,买盘
1828,10:07:33,20.75,-0.02,5,10375,卖盘
1829,10:07:28,20.77,--,8,16616,卖盘
1830,10:07:24,20.77,0.03,278,577406,买盘
1831,10:07:18,20.74,-0.01,2,4148,中性盘
1832,10:07:13,20.75,--,2,4150,买盘
1833,10:07:09,20.75,--,191,396325,买盘
1834,10:07:03,20.75,--,6,12450,买盘
1835,10:06:58,20.75,--,12,24900,买盘
1836,10:06:54,20.75,0.02,104,215800,买盘
1837,10:06:48,20.73,--,17,35241,卖盘
1838,10:06:43,20.73,--,24,49752,卖盘
1839,10:06:39,20.73,0.06,82,169986,买盘
1840,10:06:33,20.67,-0.03,1,2067,卖盘
1841,10:06:28,20.7,0.01,26,53820,买盘
1842,10:06:18,20.69,--,3,6207,买盘
1843,10:06:13,20.69,0.04,44,91036,买盘
1844,10:06:03,20.65,--,10,20650,卖盘
1845,10:05:58,20.65,--,8,16520,卖盘
1846,10:05:48,20.65,--,5,10325,卖盘
1847,10:05:43,20.65,0.05,94,194110,买盘
1848,10:05:37,20.6,--,0,0,卖盘
1849,10:05:28,20.6,-0.03,15,30900,卖盘
1850,10:05:18,20.63,--,62,127906,买盘
1851,10:05:03,20.63,--,0,0,买盘
1852,10:04:58,20.63,0.03,3,6189,买盘
1853,10:04:48,20.6,-0.03,288,593280,卖盘
1854,10:04:28,20.63,--,5,10315,买盘
1855,10:04:18,20.63,--,11,22693,买盘
1856,10:04:07,20.63,0.01,8,16504,买盘
1857,10:04:03,20.62,0.01,10,20620,卖盘
1858,10:03:58,20.61,--,10,20610,卖盘
1859,10:03:48,20.61,--,2,4122,卖盘
1860,10:03:28,20.61,0.01,36,74196,买盘
1861,10:03:22,20.6,0.01,35,72100,买盘
1862,10:03:18,20.59,-0.01,7,14413,卖盘
1863,10:03:13,20.6,--,21,43260,买盘
1864,10:02:58,20.6,--,9,18540,卖盘
1865,10:02:43,20.6,0.01,10,20600,买盘
1866,10:02:33,20.59,-0.01,19,39121,卖盘
1867,10:02:28,20.6,0.01,6,12360,买盘
1868,10:02:18,20.59,-0.01,32,65888,卖盘
1869,10:02:13,20.6,0.01,2,4120,买盘
1870,10:02:07,20.59,--,0,0,卖盘
1871,10:02:03,20.59,--,20,41180,卖盘
1872,10:01:43,20.59,--,4,8236,买盘
1873,10:01:33,20.59,0.01,9,18531,买盘
1874,10:01:27,20.58,--,0,0,卖盘
1875,10:01:22,20.58,-0.02,111,228437,卖盘
1876,10:01:18,20.6,0.01,1,2060,买盘
1877,10:01:12,20.59,0.01,1,2059,买盘
1878,10:01:07,20.58,--,1,2058,卖盘
1879,10:00:57,20.58,-0.01,1,2058,卖盘
1880,10:00:48,20.59,--,2,4118,买盘
1881,10:00:42,20.59,0.01,2,4118,买盘
1882,10:00:33,20.58,--,0,0,卖盘
1883,10:00:27,20.58,-0.02,24,49391,卖盘
1884,10:00:17,20.6,--,3,6180,卖盘
1885,10:00:12,20.6,--,22,45320,卖盘
1886,10:00:07,20.6,--,13,26780,卖盘
1887,10:00:02,20.6,--,0,0,卖盘
1888,09:59:57,20.6,-0.02,100,206000,卖盘
1889,09:59:42,20.62,-0.01,31,63922,卖盘
1890,09:59:33,20.63,--,4,8252,买盘
1891,09:59:27,20.63,0.01,12,24756,中性盘
1892,09:59:22,20.62,-0.03,9,18558,卖盘
1893,09:59:16,20.65,--,2,4130,买盘
1894,09:59:12,20.65,--,3,6195,买盘
1895,09:59:07,20.65,-0.01,5,10325,买盘
1896,09:59:01,20.66,--,0,0,买盘
1897,09:58:52,20.66,--,3,6198,买盘
1898,09:58:42,20.66,0.05,1,2066,买盘
1899,09:58:37,20.61,--,1,2061,买盘
1900,09:58:31,20.61,0.01,1,2061,中性盘
1901,09:58:27,20.6,-0.06,100,206000,卖盘
1902,09:58:22,20.66,0.05,51,105366,买盘
1903,09:58:16,20.61,--,27,55647,卖盘
1904,09:58:07,20.61,-0.05,15,30915,卖盘
1905,09:58:01,20.66,0.05,30,61980,买盘
1906,09:57:57,20.61,--,0,0,卖盘
1907,09:57:52,20.61,-0.01,97,199917,卖盘
1908,09:57:46,20.62,-0.04,10,20620,卖盘
1909,09:57:37,20.66,--,30,61980,买盘
1910,09:57:27,20.66,--,7,14462,买盘
1911,09:57:22,20.66,--,2,4132,买盘
1912,09:57:12,20.66,--,6,12396,买盘
1913,09:57:07,20.66,0.05,3,6198,买盘
1914,09:57:01,20.61,-0.05,2,4122,卖盘
1915,09:56:57,20.66,0.06,10,20660,卖盘
1916,09:56:46,20.6,--,0,0,卖盘
1917,09:56:42,20.6,--,5,10300,卖盘
1918,09:56:37,20.6,-0.08,8,16480,卖盘
1919,09:56:31,20.68,0.08,6,12408,买盘
1920,09:56:27,20.6,-0.06,225,463500,卖盘
1921,09:56:22,20.66,0.03,18,37188,卖盘
1922,09:56:16,20.63,0.02,2,4126,买盘
1923,09:56:12,20.61,-0.03,129,265869,卖盘
1924,09:56:01,20.64,--,5,10320,卖盘
1925,09:55:52,20.64,-0.02,4,8256,卖盘
1926,09:55:42,20.66,0.02,5,10330,买盘
1927,09:55:31,20.64,-0.02,50,103200,卖盘
1928,09:55:26,20.66,-0.01,7,14462,卖盘
1929,09:55:22,20.67,-0.02,6,12402,买盘
1930,09:55:11,20.69,0.02,80,165520,买盘
1931,09:55:07,20.67,--,42,86814,卖盘
1932,09:55:01,20.67,--,98,202566,卖盘
1933,09:54:51,20.67,0.01,41,84747,卖盘
1934,09:54:46,20.66,-0.02,120,247920,卖盘
1935,09:54:41,20.68,0.02,4,8272,买盘
1936,09:54:31,20.66,0.02,185,382210,买盘
1937,09:54:21,20.64,0.03,10,20640,买盘
1938,09:54:16,20.61,--,50,103050,卖盘
1939,09:54:06,20.61,0.03,24,49464,买盘
1940,09:53:56,20.58,--,21,43218,买盘
1941,09:53:51,20.58,--,1,2058,买盘
1942,09:53:46,20.58,--,9,18522,买盘
1943,09:53:41,20.58,--,20,41160,买盘
1944,09:53:36,20.58,0.01,2,4116,买盘
1945,09:53:26,20.57,-0.01,12,24684,卖盘
1946,09:53:21,20.58,--,1,2058,买盘
1947,09:53:11,20.58,0.02,29,59681,买盘
1948,09:53:06,20.56,-0.02,7,14392,买盘
1949,09:53:01,20.58,0.07,500,1028999,买盘
1950,09:52:56,20.51,-0.06,12,24612,卖盘
1951,09:52:51,20.57,0.05,101,207757,买盘
1952,09:52:46,20.52,-0.04,13,26676,卖盘
1953,09:52:41,20.56,--,9,18504,卖盘
1954,09:52:36,20.56,--,12,24672,买盘
1955,09:52:31,20.56,--,0,0,买盘
1956,09:52:26,20.56,0.06,20,41120,买盘
1957,09:52:21,20.5,-0.06,30,61500,卖盘
1958,09:52:11,20.56,0.04,1,2056,买盘
1959,09:52:06,20.52,-0.04,4,8208,卖盘
1960,09:52:01,20.56,-0.01,1,2056,买盘
1961,09:51:56,20.57,--,10,20570,买盘
1962,09:51:51,20.57,-0.01,2,4114,卖盘
1963,09:51:36,20.58,0.09,42,86436,买盘
1964,09:51:31,20.49,-0.08,14,28685,卖盘
1965,09:51:26,20.57,0.09,2,4114,买盘
1966,09:51:21,20.48,--,0,0,卖盘
1967,09:51:16,20.48,--,0,0,卖盘
1968,09:51:10,20.48,-0.04,121,247808,卖盘
1969,09:51:06,20.52,--,65,133380,卖盘
1970,09:51:01,20.52,0.02,18,36936,卖盘
1971,09:50:46,20.5,--,0,0,卖盘
1972,09:50:40,20.5,--,0,0,卖盘
1973,09:50:36,20.5,--,311,637550,卖盘
1974,09:50:31,20.5,--,12,24600,卖盘
1975,09:50:25,20.5,-0.01,31,63550,卖盘
1976,09:50:21,20.51,0.01,19,38969,买盘
1977,09:50:16,20.5,--,10,20500,卖盘
1978,09:50:06,20.5,--,3,6150,买盘
1979,09:50:01,20.5,--,61,125050,买盘
1980,09:49:55,20.5,--,3,6150,买盘
1981,09:49:51,20.5,--,26,53300,卖盘
1982,09:49:46,20.5,-0.02,42,86100,卖盘
1983,09:49:40,20.52,--,10,20520,买盘
1984,09:49:36,20.52,--,0,0,买盘
1985,09:49:31,20.52,--,89,182628,买盘
1986,09:49:25,20.52,0.01,5,10260,买盘
1987,09:49:21,20.51,--,52,106652,买盘
1988,09:49:16,20.51,--,67,137417,买盘
1989,09:49:10,20.51,--,15,30765,卖盘
1990,09:49:06,20.51,--,15,30765,卖盘
1991,09:49:01,20.51,-0.01,25,51275,卖盘
1992,09:48:55,20.52,0.01,21,43092,买盘
1993,09:48:51,20.51,-0.01,14,28714,卖盘
1994,09:48:46,20.52,--,71,145692,买盘
1995,09:48:31,20.52,--,19,38988,卖盘
1996,09:48:25,20.52,-0.06,1,2052,卖盘
1997,09:48:20,20.58,-0.02,69,142002,买盘
1998,09:48:16,20.6,--,0,0,买盘
1999,09:48:01,20.6,--,0,0,买盘
2000,09:47:50,20.6,--,0,0,买盘
2001,09:47:45,20.6,0.1,10,20600,买盘
2002,09:47:40,20.5,-0.14,200,410000,卖盘
2003,09:47:35,20.64,--,10,20640,买盘
2004,09:47:30,20.64,--,5,10320,买盘
2005,09:47:25,20.64,--,51,105264,卖盘
2006,09:47:15,20.64,--,98,202272,卖盘
2007,09:47:10,20.64,--,20,41280,买盘
2008,09:47:05,20.64,--,3,6192,买盘
2009,09:47:00,20.64,0.14,2,4128,买盘
2010,09:46:50,20.5,0.04,387,793350,买盘
2011,09:46:35,20.46,0.01,7,14322,买盘
2012,09:46:30,20.45,-0.01,32,65440,卖盘
2013,09:46:25,20.46,--,5,10230,买盘
2014,09:46:20,20.46,0.01,1,2046,买盘
2015,09:46:05,20.45,--,15,30675,卖盘
2016,09:45:50,20.45,0.03,29,61227,买盘
2017,09:45:35,20.42,0.02,13,26546,卖盘
2018,09:45:30,20.4,-0.03,349,711960,卖盘
2019,09:45:25,20.43,0.03,14,28602,买盘
2020,09:45:20,20.4,--,10,20400,卖盘
2021,09:45:15,20.4,--,36,73440,卖盘
2022,09:45:05,20.4,--,0,0,卖盘
2023,09:45:00,20.4,0.01,298,607920,买盘
2024,09:44:55,20.39,-0.01,19,40759,卖盘
2025,09:44:50,20.4,--,36,73440,买盘
2026,09:44:45,20.4,--,141,287640,买盘
2027,09:44:40,20.4,0.01,4,8159,买盘
2028,09:44:35,20.39,-0.01,13,26507,卖盘
2029,09:44:30,20.4,0.05,45,91800,买盘
2030,09:44:25,20.35,--,38,77330,买盘
2031,09:44:20,20.35,-0.02,136,276760,卖盘
2032,09:44:10,20.37,0.02,165,336105,卖盘
2033,09:44:04,20.35,--,45,91575,买盘
2034,09:44:00,20.35,--,47,95645,买盘
2035,09:43:55,20.35,-0.05,708,1440780,卖盘
2036,09:43:45,20.4,-0.07,260,530400,卖盘
2037,09:43:40,20.47,--,5,10235,买盘
2038,09:43:34,20.47,0.02,5,10235,买盘
2039,09:43:30,20.45,0.05,2,4090,买盘
2040,09:43:25,20.4,-0.05,50,102000,卖盘
2041,09:43:19,20.45,-0.03,2,4090,卖盘
2042,09:43:15,20.48,--,24,49152,买盘
2043,09:43:10,20.48,0.03,60,122880,买盘
2044,09:43:04,20.45,0.05,9,18405,中性盘
2045,09:43:00,20.4,-0.09,605,1234200,卖盘
2046,09:42:40,20.49,0.01,30,61469,买盘
2047,09:42:34,20.48,-0.01,14,28672,卖盘
2048,09:42:30,20.49,--,2,4098,买盘
2049,09:42:25,20.49,--,21,43029,买盘
2050,09:42:19,20.49,--,1,2049,买盘
2051,09:42:15,20.49,--,30,61469,买盘
2052,09:42:10,20.49,--,306,626994,卖盘
2053,09:42:00,20.49,--,195,399554,买盘
2054,09:41:55,20.49,--,2,4098,买盘
2055,09:41:49,20.49,--,0,0,买盘
2056,09:41:45,20.49,0.04,4,8196,买盘
2057,09:41:39,20.45,-0.04,111,226995,卖盘
2058,09:41:34,20.49,0.01,100,204899,买盘
2059,09:41:29,20.48,--,17,34816,中性盘
2060,09:41:25,20.48,0.03,10,20480,买盘
2061,09:41:19,20.45,-0.03,9,18405,卖盘
2062,09:41:14,20.48,-0.01,1,2048,卖盘
2063,09:41:09,20.49,0.04,50,102449,买盘
2064,09:41:04,20.45,-0.03,5,10225,卖盘
2065,09:40:59,20.48,0.03,30,61440,中性盘
2066,09:40:54,20.45,-0.04,25,51125,卖盘
2067,09:40:49,20.49,--,34,69666,买盘
2068,09:40:44,20.49,--,3,6146,买盘
2069,09:40:39,20.49,0.06,8,16392,买盘
2070,09:40:34,20.43,-0.07,5,10215,中性盘
2071,09:40:29,20.5,0.01,220,451000,买盘
2072,09:40:24,20.49,-0.01,26,53273,卖盘
2073,09:40:14,20.5,0.1,21,43050,买盘
2074,09:40:09,20.4,-0.01,110,224399,卖盘
2075,09:40:04,20.41,-0.08,40,81640,卖盘
2076,09:39:59,20.49,--,7,14342,买盘
2077,09:39:49,20.49,--,0,0,买盘
2078,09:39:44,20.49,0.09,108,221291,买盘
2079,09:39:39,20.4,--,411,838439,买盘
2080,09:39:34,20.4,0.01,23,46920,买盘
2081,09:39:29,20.39,-0.01,22,44858,卖盘
2082,09:39:24,20.4,--,149,303960,买盘
2083,09:39:19,20.4,-0.1,621,1266840,卖盘
2084,09:39:14,20.5,--,24,49200,买盘
2085,09:39:04,20.5,-0.11,1079,2211950,卖盘
2086,09:38:59,20.61,--,27,55647,卖盘
2087,09:38:44,20.61,--,10,20610,卖盘
2088,09:38:39,20.61,0.08,58,119538,买盘
2089,09:38:34,20.53,0.01,7,14371,买盘
2090,09:38:29,20.52,-0.04,30,61560,卖盘
2091,09:38:24,20.56,0.01,131,269336,买盘
2092,09:38:19,20.55,--,50,102750,买盘
2093,09:38:14,20.55,-0.02,71,145905,卖盘
2094,09:38:09,20.57,-0.04,30,61710,卖盘
2095,09:37:59,20.61,-0.02,21,43281,买盘
2096,09:37:54,20.63,0.01,346,713798,买盘
2097,09:37:49,20.62,0.01,2,4124,中性盘
2098,09:37:44,20.61,-0.02,88,181368,卖盘
2099,09:37:39,20.63,--,5,10315,买盘
2100,09:37:34,20.63,--,0,0,买盘
2101,09:37:29,20.63,-0.05,83,171229,卖盘
2102,09:37:24,20.68,0.07,99,204732,买盘
2103,09:37:19,20.61,-0.02,205,422505,卖盘
2104,09:37:14,20.63,--,1,2063,买盘
2105,09:36:59,20.63,0.06,88,181544,中性盘
2106,09:36:49,20.57,0.07,10,20570,中性盘
2107,09:36:44,20.5,--,2,4100,卖盘
2108,09:36:39,20.5,--,87,178350,买盘
2109,09:36:34,20.5,--,5,10250,买盘
2110,09:36:28,20.5,--,5,10250,买盘
2111,09:36:24,20.5,-0.15,637,1305850,卖盘
2112,09:36:19,20.65,0.03,20,41300,买盘
2113,09:36:13,20.62,--,1,2062,卖盘
2114,09:36:09,20.62,0.01,27,55674,买盘
2115,09:36:04,20.61,--,18,37098,买盘
2116,09:35:54,20.61,--,5,10305,买盘
2117,09:35:49,20.61,0.05,10,20610,买盘
2118,09:35:43,20.56,--,21,43176,买盘
2119,09:35:39,20.56,-0.06,79,162424,卖盘
2120,09:35:34,20.62,--,147,303114,买盘
2121,09:35:28,20.62,-0.03,121,249502,卖盘
2122,09:35:24,20.65,-0.04,16,33040,卖盘
2123,09:35:19,20.69,--,96,198624,买盘
2124,09:35:13,20.69,-0.01,10,20690,卖盘
2125,09:35:09,20.7,--,11,22770,买盘
2126,09:35:04,20.7,--,0,0,买盘
2127,09:34:54,20.7,-0.03,153,316710,卖盘
2128,09:34:49,20.73,-0.02,1,2073,卖盘
2129,09:34:43,20.75,0.02,5,10375,买盘
2130,09:34:39,20.73,--,24,49752,卖盘
2131,09:34:33,20.73,-0.03,30,62190,中性盘
2132,09:34:24,20.76,0.01,24,49824,买盘
2133,09:34:18,20.75,-0.01,15,31125,卖盘
2134,09:34:13,20.76,--,5,10380,买盘
2135,09:34:08,20.76,0.03,18,37368,买盘
2136,09:34:03,20.73,-0.03,44,91212,卖盘
2137,09:33:58,20.76,--,6,12456,卖盘
2138,09:33:53,20.76,--,70,145320,买盘
2139,09:33:48,20.76,--,5,10380,买盘
2140,09:33:43,20.76,0.06,132,274032,买盘
2141,09:33:38,20.7,-0.02,175,362250,卖盘
2142,09:33:33,20.72,--,30,62160,买盘
2143,09:33:28,20.72,0.02,14,29008,买盘
2144,09:33:23,20.7,--,428,885960,买盘
2145,09:33:18,20.7,--,142,293940,卖盘
2146,09:33:13,20.7,--,1,2070,卖盘
2147,09:33:08,20.7,--,2,4140,卖盘
2148,09:33:03,20.7,0.18,861,1782270,买盘
2149,09:32:58,20.52,--,0,0,中性盘
2150,09:32:53,20.52,-0.08,11,22572,买盘
2151,09:32:48,20.6,0.02,33,67980,买盘
2152,09:32:43,20.58,--,2,4116,买盘
2153,09:32:38,20.58,0.13,3,6173,买盘
2154,09:32:33,20.45,--,92,188140,买盘
2155,09:32:28,20.45,--,7,14315,买盘
2156,09:32:23,20.45,-0.13,130,265850,卖盘
2157,09:32:18,20.58,0.07,25,51449,买盘
2158,09:32:13,20.51,--,35,71785,买盘
2159,09:32:08,20.51,0.01,7,14357,买盘
2160,09:32:03,20.5,--,75,153750,卖盘
2161,09:31:53,20.5,-0.02,150,307500,卖盘
2162,09:31:48,20.52,-0.06,45,92340,卖盘
2163,09:31:43,20.58,--,1,2058,卖盘
2164,09:31:38,20.58,--,36,74088,买盘
2165,09:31:33,20.58,--,53,109073,买盘
2166,09:31:28,20.58,--,20,41160,买盘
2167,09:31:18,20.58,-0.02,52,107015,卖盘
2168,09:31:08,20.6,--,100,206000,买盘
2169,09:31:03,20.6,--,12,24720,买盘
2170,09:30:58,20.6,-0.09,219,451140,卖盘
2171,09:30:53,20.69,0.05,48,99312,买盘
2172,09:30:48,20.64,-0.01,21,43344,卖盘
2173,09:30:43,20.65,-0.04,3,6195,买盘
2174,09:30:38,20.69,--,0,0,买盘
2175,09:30:33,20.69,--,3,6207,买盘
2176,09:30:28,20.69,0.05,168,347592,买盘
2177,09:30:23,20.64,-0.06,73,150672,卖盘
2178,09:30:18,20.7,--,91,188370,买盘
2179,09:30:13,20.7,--,13,26910,卖盘
2180,09:30:08,20.7,--,123,254610,卖盘
2181,09:30:03,20.7,0.06,84,173880,买盘
2182,09:28:51,20.64,--,0,0,卖盘
2183,09:25:07,20.64,20.64,423,873072,买盘
