,time,price,change,volume,amount,type
0,15:00:00,9.71,--,0,0,买盘
1,15:00:00,9.71,--,9,8739,买盘
2,14:59:58,9.71,--,336,327178,卖盘
3,14:59:54,9.71,-0.01,33,32043,卖盘
4,14:59:48,9.72,0.01,20,19440,买盘
5,14:59:43,9.71,-0.01,213,206823,卖盘
6,14:59:39,9.72,0.01,5,4860,买盘
7,14:59:28,9.71,-0.01,34,33014,卖盘
8,14:59:24,9.72,0.01,10,9720,买盘
9,14:59:18,9.71,-0.01,9,8739,卖盘
10,14:59:13,9.72,--,14,13608,买盘
11,14:59:09,9.72,--,115,111780,买盘
12,14:58:58,9.72,--,10,9720,买盘
13,14:58:54,9.72,--,23,22356,买盘
14,14:58:48,9.72,--,187,181764,买盘
15,14:58:43,9.72,--,101,98172,买盘
16,14:58:39,9.72,0.01,50,48600,买盘
17,14:58:33,9.71,--,2,1942,卖盘
18,14:58:28,9.71,--,18,17478,卖盘
19,14:58:08,9.71,--,448,435008,卖盘
20,14:57:53,9.71,-0.01,2,1942,卖盘
21,14:57:48,9.72,0.01,5,4860,买盘
22,14:57:43,9.71,--,31,30101,卖盘
23,14:57:38,9.71,-0.01,4,3884,卖盘
24,14:57:28,9.72,--,14,13608,买盘
25,14:57:23,9.72,0.01,54,52488,买盘
26,14:57:18,9.71,-0.01,30,29130,卖盘
27,14:57:08,9.72,0.01,9,8748,买盘
28,14:56:58,9.71,-0.01,44,42724,卖盘
29,14:56:53,9.72,0.01,1,972,买盘
30,14:56:48,9.71,--,3,2913,卖盘
31,14:56:43,9.71,--,192,186432,卖盘
32,14:56:38,9.71,-0.01,100,97100,卖盘
33,14:56:28,9.72,0.01,11,10692,买盘
34,14:56:13,9.71,-0.01,55,53405,卖盘
35,14:56:08,9.72,0.01,13,12636,买盘
36,14:56:03,9.71,--,3,2913,卖盘
37,14:55:58,9.71,--,6,5826,卖盘
38,14:55:53,9.71,-0.01,2,1942,卖盘
39,14:55:43,9.72,0.01,87,84564,买盘
40,14:55:38,9.71,--,24,23304,卖盘
41,14:55:28,9.71,--,21,20391,卖盘
42,14:55:23,9.71,--,57,55347,卖盘
43,14:55:03,9.71,--,30,29130,卖盘
44,14:54:57,9.71,--,69,67047,卖盘
45,14:54:53,9.71,-0.01,10,9710,中性盘
46,14:54:48,9.72,0.01,1202,1168344,买盘
47,14:54:42,9.71,0.01,3,2913,买盘
48,14:54:37,9.7,-0.01,15,14549,卖盘
49,14:54:33,9.71,0.01,140,135940,买盘
50,14:54:27,9.7,-0.01,3,2910,卖盘
51,14:54:22,9.71,--,20,19420,买盘
52,14:54:18,9.71,0.01,10,9710,买盘
53,14:54:07,9.7,--,40,38800,卖盘
54,14:54:03,9.7,-0.01,3,2910,卖盘
55,14:53:52,9.71,--,1,971,买盘
56,14:53:48,9.71,--,5,4855,买盘
57,14:53:33,9.71,--,3,2913,卖盘
58,14:53:27,9.71,--,16,15536,卖盘
59,14:53:18,9.71,0.01,73,70883,买盘
60,14:53:12,9.7,-0.01,340,329800,卖盘
61,14:53:03,9.71,--,300,291300,买盘
62,14:52:57,9.71,0.01,311,301981,买盘
63,14:52:52,9.7,-0.01,11,10670,卖盘
64,14:52:42,9.71,0.01,5,4855,买盘
65,14:52:33,9.7,--,102,98940,卖盘
66,14:52:22,9.7,--,70,67900,卖盘
67,14:52:12,9.7,--,14,13579,卖盘
68,14:52:07,9.7,--,4,3879,卖盘
69,14:52:03,9.7,--,12,11872,买盘
70,14:51:57,9.7,--,31,30069,买盘
71,14:51:52,9.7,0.01,2,1939,买盘
72,14:51:47,9.69,-0.01,13,12597,卖盘
73,14:51:37,9.7,--,417,404489,买盘
74,14:51:27,9.7,--,29,28129,买盘
75,14:51:12,9.7,0.01,27,26189,买盘
76,14:51:07,9.69,-0.01,42,40698,卖盘
77,14:50:52,9.7,0.01,322,312340,买盘
78,14:50:47,9.69,--,9,8721,卖盘
79,14:50:22,9.69,--,103,99807,卖盘
80,14:50:17,9.69,--,65,62985,卖盘
81,14:50:12,9.69,--,10,9690,卖盘
82,14:49:52,9.69,0.01,5,4845,卖盘
83,14:49:47,9.68,--,0,0,卖盘
84,14:49:42,9.68,-0.01,63,60993,卖盘
85,14:49:37,9.69,--,36,34884,买盘
86,14:49:32,9.69,--,20,19380,买盘
87,14:49:22,9.69,--,22,21318,买盘
88,14:49:17,9.69,-0.01,180,175379,卖盘
89,14:49:02,9.7,0.01,44,42680,买盘
90,14:48:57,9.69,--,4,3876,卖盘
91,14:48:52,9.69,-0.01,5,4845,卖盘
92,14:48:47,9.7,0.01,3,2910,买盘
93,14:48:42,9.69,--,28,27132,卖盘
94,14:48:37,9.69,--,10,9690,卖盘
95,14:48:32,9.69,--,74,71715,买盘
96,14:48:27,9.69,--,9,8721,买盘
97,14:48:17,9.69,--,1,969,买盘
98,14:48:06,9.69,--,143,138567,买盘
99,14:48:02,9.69,--,28,27132,卖盘
100,14:47:57,9.69,--,1,969,卖盘
101,14:47:47,9.69,--,10,9690,卖盘
102,14:47:42,9.69,--,15,14535,卖盘
103,14:47:32,9.69,--,87,84303,买盘
104,14:47:21,9.69,--,7,6783,买盘
105,14:47:12,9.69,-0.01,146,141474,卖盘
106,14:47:06,9.7,--,36,34920,买盘
107,14:47:01,9.7,0.01,20,19400,买盘
108,14:46:57,9.69,-0.01,102,98838,买盘
109,14:46:46,9.7,--,0,0,买盘
110,14:46:42,9.7,0.01,79,76630,买盘
111,14:46:36,9.69,--,199,192831,卖盘
112,14:46:31,9.69,--,8,7752,卖盘
113,14:46:27,9.69,--,6,5814,卖盘
114,14:46:16,9.69,--,260,251940,卖盘
115,14:46:12,9.69,0.01,233,225777,买盘
116,14:46:06,9.68,-0.01,30,29040,卖盘
117,14:46:01,9.69,0.01,30,29070,买盘
118,14:45:56,9.68,--,2,1936,卖盘
119,14:45:51,9.68,--,18,17424,卖盘
120,14:45:42,9.68,-0.01,30,29040,卖盘
121,14:45:31,9.69,--,120,116280,买盘
122,14:45:16,9.69,--,6,5814,买盘
123,14:45:12,9.69,--,2,1938,买盘
124,14:45:01,9.69,--,2,1938,买盘
125,14:44:41,9.69,--,100,96900,买盘
126,14:44:36,9.69,0.01,186,181193,买盘
127,14:44:31,9.68,-0.01,60,58080,卖盘
128,14:44:16,9.69,--,70,67830,买盘
129,14:44:11,9.69,0.01,48,46512,买盘
130,14:44:06,9.68,--,6,5808,卖盘
131,14:44:01,9.68,--,30,29040,卖盘
132,14:43:56,9.68,--,154,149072,卖盘
133,14:43:51,9.68,--,6,5808,卖盘
134,14:43:36,9.68,-0.01,42,40656,卖盘
135,14:43:26,9.69,--,47,45543,卖盘
136,14:43:16,9.69,-0.01,1,969,卖盘
137,14:43:11,9.7,0.01,2,1939,买盘
138,14:43:06,9.69,--,35,33915,卖盘
139,14:42:56,9.69,-0.01,100,96900,卖盘
140,14:42:36,9.7,0.01,10,9700,买盘
141,14:42:21,9.69,-0.01,155,150195,卖盘
142,14:42:11,9.7,0.01,1,969,买盘
143,14:41:41,9.69,-0.01,10,9690,卖盘
144,14:41:26,9.7,0.01,10,9700,买盘
145,14:41:21,9.69,-0.01,10,9690,卖盘
146,14:41:11,9.7,--,2,1939,买盘
147,14:40:36,9.7,--,1,969,买盘
148,14:40:30,9.7,--,55,53349,买盘
149,14:40:15,9.7,0.01,2,1939,买盘
150,14:40:10,9.69,--,1,969,卖盘
151,14:39:55,9.69,-0.01,2,1938,卖盘
152,14:39:36,9.7,--,30,29099,买盘
153,14:39:30,9.7,0.01,10,9700,买盘
154,14:39:25,9.69,-0.01,2,1938,卖盘
155,14:39:15,9.7,--,18,17460,买盘
156,14:39:10,9.7,--,1,1707,卖盘
157,14:39:00,9.7,--,8,7992,买盘
158,14:38:55,9.7,--,40,38800,买盘
159,14:38:20,9.7,0.01,2,1939,买盘
160,14:38:15,9.69,-0.01,91,88179,卖盘
161,14:37:40,9.7,--,16,15519,买盘
162,14:37:25,9.7,--,92,89977,卖盘
163,14:37:05,9.7,--,21,20525,卖盘
164,14:37:00,9.7,--,13,12609,卖盘
165,14:36:50,9.7,-0.01,11,10670,卖盘
166,14:36:45,9.71,0.01,10,9710,买盘
167,14:36:40,9.7,-0.01,35,33950,卖盘
168,14:36:35,9.71,--,200,194200,买盘
169,14:36:20,9.71,0.01,102,99042,买盘
170,14:36:10,9.7,--,17,16490,卖盘
171,14:36:05,9.7,-0.01,0,378,卖盘
172,14:35:55,9.71,0.01,103,100100,买盘
173,14:35:40,9.7,-0.01,13,12609,卖盘
174,14:35:20,9.71,--,2,1942,买盘
175,14:35:15,9.71,0.01,50,48550,买盘
176,14:35:10,9.7,-0.01,21,20370,卖盘
177,14:35:05,9.71,0.01,4,3884,买盘
178,14:34:50,9.7,--,6,5820,卖盘
179,14:34:45,9.7,-0.01,11,10670,卖盘
180,14:34:30,9.71,0.01,1,971,买盘
181,14:34:20,9.7,-0.01,1,969,卖盘
182,14:33:59,9.71,0.01,7,6797,买盘
183,14:33:45,9.7,-0.01,0,562,卖盘
184,14:33:30,9.71,0.01,22,21362,买盘
185,14:33:09,9.7,-0.01,3,2929,卖盘
186,14:32:59,9.71,--,7,6797,买盘
187,14:32:34,9.71,--,0,0,买盘
188,14:32:29,9.71,--,2,1942,买盘
189,14:32:24,9.71,0.02,11,10681,买盘
190,14:32:09,9.69,--,0,0,中性盘
191,14:32:04,9.69,--,29,28101,买盘
192,14:31:59,9.69,--,10,9690,买盘
193,14:31:45,9.69,--,10,9690,买盘
194,14:31:34,9.69,-0.01,367,356572,卖盘
195,14:31:29,9.7,--,60,58219,买盘
196,14:31:19,9.7,--,2,1939,买盘
197,14:31:15,9.7,--,11,10670,买盘
198,14:31:09,9.7,--,22,21340,买盘
199,14:31:04,9.7,--,3,2910,买盘
200,14:30:59,9.7,0.01,20,19400,买盘
201,14:30:38,9.69,-0.01,52,50388,卖盘
202,14:30:34,9.7,0.01,2,1939,买盘
203,14:30:14,9.69,-0.01,20,19380,卖盘
204,14:30:09,9.7,0.01,3,2910,买盘
205,14:29:44,9.69,-0.01,3,2907,卖盘
206,14:29:39,9.7,--,1,969,买盘
207,14:29:14,9.7,--,203,196910,买盘
208,14:28:59,9.7,--,6,5820,买盘
209,14:28:32,9.7,--,2,1939,买盘
210,14:28:08,9.7,--,4,3879,买盘
211,14:27:59,9.7,0.02,11,10670,买盘
212,14:27:44,9.68,-0.01,1,968,卖盘
213,14:27:38,9.69,--,2,1938,买盘
214,14:27:29,9.69,--,20,19380,卖盘
215,14:27:17,9.69,-0.01,21,20349,卖盘
216,14:27:14,9.7,--,3,2910,买盘
217,14:27:09,9.7,--,10,9700,买盘
218,14:27:02,9.7,--,11,10670,买盘
219,14:26:54,9.7,--,0,0,买盘
220,14:26:44,9.7,--,7,6789,买盘
221,14:26:38,9.7,0.01,11,10670,买盘
222,14:26:32,9.69,-0.01,6,6763,卖盘
223,14:26:29,9.7,--,10,9700,买盘
224,14:26:23,9.7,--,8,7759,买盘
225,14:26:14,9.7,--,3,2910,买盘
226,14:25:38,9.7,--,2,1939,买盘
227,14:25:28,9.7,0.01,9,8730,买盘
228,14:25:18,9.69,-0.01,9,8721,卖盘
229,14:25:13,9.7,--,4,3879,买盘
230,14:25:08,9.7,0.01,11,10670,买盘
231,14:24:58,9.69,-0.01,110,106706,卖盘
232,14:24:43,9.7,--,24,23280,买盘
233,14:24:28,9.7,--,1,1775,卖盘
234,14:24:23,9.7,--,79,76794,买盘
235,14:24:17,9.7,0.01,3,2910,买盘
236,14:24:13,9.69,-0.01,193,187017,卖盘
237,14:23:58,9.7,--,133,129009,买盘
238,14:23:43,9.7,--,2,2900,买盘
239,14:23:38,9.7,--,20,19400,买盘
240,14:23:23,9.7,0.01,3,2910,买盘
241,14:23:17,9.69,--,8,7752,卖盘
242,14:23:08,9.69,--,121,117249,卖盘
243,14:22:58,9.69,--,1,969,卖盘
244,14:22:47,9.69,--,0,910,卖盘
245,14:22:43,9.69,--,16,16443,卖盘
246,14:22:28,9.69,-0.01,5,4845,卖盘
247,14:22:23,9.7,--,4,3879,买盘
248,14:22:12,9.7,--,20,19400,买盘
249,14:22:08,9.7,--,5,4850,买盘
250,14:22:02,9.7,--,1,969,买盘
251,14:21:53,9.7,--,0,0,买盘
252,14:21:26,9.7,0.02,63,61109,买盘
253,14:21:23,9.68,--,8,7744,卖盘
254,14:21:17,9.68,--,8,7744,买盘
255,14:21:11,9.68,--,7,6776,卖盘
256,14:21:08,9.68,--,4,3872,买盘
257,14:21:02,9.68,--,23,22264,买盘
258,14:20:56,9.68,0.01,10,9680,买盘
259,14:20:53,9.67,--,20,19340,卖盘
260,14:20:47,9.67,-0.01,4,3868,卖盘
261,14:20:38,9.68,--,157,151976,买盘
262,14:20:32,9.68,--,1,968,买盘
263,14:20:26,9.68,--,3,2904,买盘
264,14:20:23,9.68,--,199,193570,卖盘
265,14:20:17,9.68,--,10,9680,卖盘
266,14:20:11,9.68,-0.01,10,10618,卖盘
267,14:20:08,9.69,0.01,15,14535,买盘
268,14:20:02,9.68,--,30,29040,卖盘
269,14:19:53,9.68,--,7,6776,卖盘
270,14:19:47,9.68,--,5,4840,卖盘
271,14:19:41,9.68,-0.01,5,4840,卖盘
272,14:19:26,9.69,0.01,3,2907,买盘
273,14:19:23,9.68,--,43,41624,卖盘
274,14:19:11,9.68,-0.01,3,3804,卖盘
275,14:19:02,9.69,--,3,2907,买盘
276,14:18:37,9.69,0.01,6,5814,买盘
277,14:18:32,9.68,--,5,4840,卖盘
278,14:18:17,9.68,-0.01,3,3804,卖盘
279,14:18:11,9.69,-0.01,6,5814,买盘
280,14:18:02,9.7,--,0,0,买盘
281,14:17:56,9.7,0.02,1,969,买盘
282,14:17:52,9.68,-0.02,20,19466,卖盘
283,14:17:47,9.7,--,12,11640,买盘
284,14:17:32,9.7,--,90,87300,买盘
285,14:17:26,9.7,--,0,0,买盘
286,14:17:22,9.7,--,43,41710,买盘
287,14:17:17,9.7,--,0,0,买盘
288,14:17:11,9.7,0.01,74,71780,买盘
289,14:17:07,9.69,0.01,66,63954,买盘
290,14:17:02,9.68,--,12,11625,卖盘
291,14:16:56,9.68,-0.01,9,8770,卖盘
292,14:16:52,9.69,0.01,1,969,买盘
293,14:16:47,9.68,0.01,4,3891,买盘
294,14:16:41,9.67,-0.01,6,5802,卖盘
295,14:16:37,9.68,--,2,2884,卖盘
296,14:16:32,9.68,--,6,5827,卖盘
297,14:16:22,9.68,--,12,11616,卖盘
298,14:16:17,9.68,--,5,4840,买盘
299,14:16:11,9.68,--,5,4840,买盘
300,14:15:52,9.68,--,30,29040,买盘
301,14:15:41,9.68,--,42,40656,买盘
302,14:15:37,9.68,--,6,5808,买盘
303,14:15:26,9.68,0.01,2,1936,买盘
304,14:15:20,9.67,--,70,67690,卖盘
305,14:15:11,9.67,--,10,9670,卖盘
306,14:15:05,9.67,--,40,38680,卖盘
307,14:15:01,9.67,-0.01,10,9670,卖盘
308,14:14:56,9.68,0.01,50,48400,买盘
309,14:14:35,9.67,-0.01,14,13538,卖盘
310,14:14:31,9.68,--,3,2904,买盘
311,14:14:20,9.68,--,11,10648,买盘
312,14:14:17,9.68,0.01,10,9680,买盘
313,14:13:56,9.67,--,21,20529,买盘
314,14:13:50,9.67,--,9,8703,买盘
315,14:13:41,9.67,--,24,23208,买盘
316,14:13:35,9.67,0.01,3,2901,买盘
317,14:13:31,9.66,-0.01,3,3274,卖盘
318,14:13:26,9.67,--,11,10637,买盘
319,14:13:20,9.67,0.01,45,43515,买盘
320,14:12:41,9.66,-0.01,4,3864,卖盘
321,14:12:35,9.67,--,4,3868,买盘
322,14:12:26,9.67,--,12,11604,买盘
323,14:12:16,9.67,--,73,70591,卖盘
324,14:11:56,9.67,--,83,80261,卖盘
325,14:11:46,9.67,-0.01,5,4835,卖盘
326,14:11:41,9.68,--,3,2904,买盘
327,14:11:31,9.68,--,10,9680,买盘
328,14:10:41,9.68,--,25,24200,买盘
329,14:10:31,9.68,0.01,11,10648,买盘
330,14:09:56,9.67,-0.01,30,29010,卖盘
331,14:09:40,9.68,--,13,12584,买盘
332,14:09:35,9.68,0.01,11,10648,买盘
333,14:09:16,9.67,-0.01,5,4835,卖盘
334,14:08:44,9.68,--,4,3872,买盘
335,14:08:35,9.68,0.01,11,10648,买盘
336,14:08:20,9.67,--,20,19340,卖盘
337,14:07:55,9.67,-0.01,389,376163,卖盘
338,14:07:44,9.68,--,3,2904,买盘
339,14:07:35,9.68,--,11,10648,买盘
340,14:07:25,9.68,0.01,3,2904,买盘
341,14:07:20,9.67,-0.01,5,4835,卖盘
342,14:07:10,9.68,0.01,5,4840,买盘
343,14:06:55,9.67,-0.01,3,2978,卖盘
344,14:06:40,9.68,0.01,43,41624,买盘
345,14:06:25,9.67,--,22,21341,卖盘
346,14:06:20,9.67,--,19,18373,买盘
347,14:06:14,9.67,-0.01,20,19340,卖盘
348,14:06:10,9.68,0.01,4,3872,买盘
349,14:06:05,9.67,--,13,12571,卖盘
350,14:05:50,9.67,0.01,4,3868,买盘
351,14:05:35,9.66,-0.01,21,20286,卖盘
352,14:05:25,9.67,--,3,2901,买盘
353,14:05:05,9.67,--,7,6769,卖盘
354,14:04:55,9.67,--,11,10637,卖盘
355,14:04:50,9.67,0.01,207,200169,买盘
356,14:04:44,9.66,-0.01,0,96,卖盘
357,14:04:40,9.67,--,87,84129,买盘
358,14:04:35,9.67,--,35,33845,买盘
359,14:04:25,9.67,0.01,3,2901,买盘
360,14:03:59,9.66,-0.01,13,12558,卖盘
361,14:03:55,9.67,0.01,1,967,买盘
362,14:03:40,9.66,-0.01,96,92736,卖盘
363,14:03:35,9.67,0.01,29,28043,买盘
364,14:03:25,9.66,-0.01,3,2898,卖盘
365,14:03:20,9.67,--,15,14505,买盘
366,14:02:59,9.67,--,242,234014,买盘
367,14:02:55,9.67,--,3,2901,买盘
368,14:02:50,9.67,--,16,15472,买盘
369,14:02:44,9.67,0.01,10,9670,买盘
370,14:02:40,9.66,--,235,227010,卖盘
371,14:02:35,9.66,--,4,3864,卖盘
372,14:02:20,9.66,--,5,4830,卖盘
373,14:02:14,9.66,--,1,966,卖盘
374,14:02:05,9.66,--,5,4830,卖盘
375,14:01:59,9.66,--,62,59892,卖盘
376,14:01:50,9.66,-0.01,21,20286,卖盘
377,14:01:44,9.67,0.01,21,20307,买盘
378,14:01:34,9.66,--,30,28980,卖盘
379,14:01:29,9.66,--,43,41653,卖盘
380,14:01:23,9.66,--,30,28980,卖盘
381,14:01:19,9.66,--,591,570906,卖盘
382,14:01:14,9.66,--,20,19320,卖盘
383,14:01:04,9.66,--,193,186438,卖盘
384,14:00:59,9.66,-0.01,102,98532,卖盘
385,14:00:44,9.67,--,239,231180,卖盘
386,14:00:38,9.67,--,100,96700,卖盘
387,14:00:34,9.67,--,131,126677,卖盘
388,14:00:29,9.67,--,167,161779,卖盘
389,14:00:23,9.67,--,92,88964,卖盘
390,14:00:19,9.67,--,31,29977,卖盘
391,14:00:14,9.67,--,4,4061,卖盘
392,14:00:04,9.67,--,54,52218,卖盘
393,13:59:59,9.67,--,4,3868,卖盘
394,13:59:44,9.67,--,71,68657,卖盘
395,13:59:29,9.67,--,3,2901,卖盘
396,13:59:14,9.67,--,2,2069,卖盘
397,13:59:08,9.67,--,49,47383,卖盘
398,13:59:04,9.67,--,3,2901,卖盘
399,13:58:59,9.67,-0.01,3,2901,卖盘
400,13:58:53,9.68,0.01,62,60016,买盘
401,13:58:49,9.67,--,4,3868,卖盘
402,13:58:44,9.67,--,9,8703,卖盘
403,13:58:14,9.67,--,87,84129,卖盘
404,13:57:53,9.67,--,30,29010,卖盘
405,13:57:44,9.67,--,85,82195,卖盘
406,13:57:14,9.67,--,231,223377,卖盘
407,13:57:04,9.67,--,33,32191,买盘
408,13:56:53,9.67,--,268,259668,卖盘
409,13:56:08,9.67,--,25,24175,卖盘
410,13:55:59,9.67,--,0,96,卖盘
411,13:55:48,9.67,--,1,967,卖盘
412,13:55:38,9.67,--,50,48350,卖盘
413,13:55:23,9.67,-0.01,10,9911,卖盘
414,13:55:17,9.68,0.01,30,29040,买盘
415,13:54:44,9.67,--,24,23208,卖盘
416,13:54:23,9.67,-0.01,200,193400,卖盘
417,13:54:17,9.68,0.01,9,8712,买盘
418,13:54:02,9.67,--,6,5802,卖盘
419,13:53:47,9.67,--,100,96700,卖盘
420,13:53:28,9.67,-0.01,30,29126,卖盘
421,13:53:17,9.68,0.01,20,19360,买盘
422,13:53:13,9.67,-0.01,5,4835,卖盘
423,13:53:08,9.68,0.01,15,14520,买盘
424,13:52:53,9.67,--,8,7736,卖盘
425,13:52:38,9.67,-0.01,10,9670,卖盘
426,13:52:08,9.68,--,20,19360,买盘
427,13:51:43,9.68,--,2,1936,买盘
428,13:51:28,9.68,--,1,968,买盘
429,13:51:08,9.68,--,5,4840,买盘
430,13:51:02,9.68,--,4,3872,买盘
431,13:50:58,9.68,0.01,2,1936,买盘
432,13:50:53,9.67,-0.01,2,1934,卖盘
433,13:50:43,9.68,0.01,34,32912,买盘
434,13:50:38,9.67,--,15,14505,卖盘
435,13:50:32,9.67,-0.01,6,5802,卖盘
436,13:50:28,9.68,--,10,9680,买盘
437,13:49:47,9.68,0.01,6,5808,买盘
438,13:49:43,9.67,--,3,2901,卖盘
439,13:49:28,9.67,--,95,91865,卖盘
440,13:49:13,9.67,-0.01,7,6769,卖盘
441,13:49:08,9.68,--,1,968,买盘
442,13:48:43,9.68,0.01,4,3872,买盘
443,13:48:11,9.67,--,13,12571,卖盘
444,13:48:02,9.67,--,15,14505,卖盘
445,13:47:47,9.67,-0.01,20,19340,买盘
446,13:47:17,9.68,--,0,0,买盘
447,13:47:11,9.68,0.01,835,808280,买盘
448,13:46:32,9.67,--,100,96700,卖盘
449,13:46:07,9.67,-0.01,52,50284,卖盘
450,13:45:52,9.68,--,5,4840,买盘
451,13:45:47,9.68,0.01,5,4840,买盘
452,13:45:22,9.67,-0.01,200,193400,卖盘
453,13:45:02,9.68,--,10,9680,买盘
454,13:44:52,9.68,0.01,13,12584,买盘
455,13:44:11,9.67,-0.01,420,406140,卖盘
456,13:43:52,9.68,--,31,30008,买盘
457,13:43:07,9.68,--,0,726,卖盘
458,13:42:52,9.68,--,5,4840,卖盘
459,13:42:32,9.68,--,2,1936,卖盘
460,13:42:07,9.68,0.01,363,351626,买盘
461,13:42:02,9.67,-0.01,5,4835,卖盘
462,13:41:56,9.68,0.01,76,73568,买盘
463,13:41:41,9.67,-0.01,5,4835,卖盘
464,13:41:37,9.68,--,800,774400,买盘
465,13:41:26,9.68,0.01,3,2904,买盘
466,13:41:22,9.67,--,3,2901,卖盘
467,13:41:11,9.67,--,62,59954,卖盘
468,13:41:02,9.67,--,82,79294,卖盘
469,13:40:56,9.67,0.01,47,45449,买盘
470,13:40:47,9.66,-0.01,20,19320,卖盘
471,13:40:41,9.67,--,19,18373,买盘
472,13:40:26,9.67,0.01,36,34812,买盘
473,13:40:20,9.66,-0.01,64,61824,卖盘
474,13:40:11,9.67,--,23,22241,买盘
475,13:40:05,9.67,0.01,200,193400,买盘
476,13:39:56,9.66,-0.01,4,3864,卖盘
477,13:39:41,9.67,--,95,91865,卖盘
478,13:39:35,9.67,--,14,13538,卖盘
479,13:39:31,9.67,--,3,2901,卖盘
480,13:39:16,9.67,--,74,71558,卖盘
481,13:39:01,9.67,--,58,56086,卖盘
482,13:38:56,9.67,--,1,967,卖盘
483,13:38:50,9.67,--,8,7736,卖盘
484,13:38:46,9.67,--,30,29010,卖盘
485,13:38:41,9.67,--,411,397437,卖盘
486,13:38:31,9.67,--,430,415810,卖盘
487,13:38:20,9.67,-0.01,4,3868,卖盘
488,13:38:16,9.68,-0.01,284,274912,卖盘
489,13:38:01,9.69,--,10,9690,买盘
490,13:37:50,9.69,-0.01,8,7752,卖盘
491,13:37:46,9.7,0.01,42,40740,买盘
492,13:37:26,9.69,-0.01,12,11628,卖盘
493,13:37:20,9.7,0.02,10,9700,买盘
494,13:36:41,9.68,--,0,0,卖盘
495,13:36:26,9.68,--,7,6776,卖盘
496,13:35:56,9.68,--,2,1936,卖盘
497,13:35:35,9.68,--,12,11616,卖盘
498,13:35:10,9.68,--,0,0,卖盘
499,13:34:50,9.68,--,3,2904,卖盘
500,13:34:35,9.68,--,5,4840,卖盘
501,13:34:25,9.68,--,3,2904,卖盘
502,13:34:20,9.68,--,1,968,卖盘
503,13:34:05,9.68,--,18,17424,卖盘
504,13:33:50,9.68,--,59,57112,买盘
505,13:33:35,9.68,--,10,9680,买盘
506,13:33:31,9.68,-0.01,603,583704,卖盘
507,13:32:50,9.69,--,2,1938,买盘
508,13:32:29,9.69,--,254,246126,卖盘
509,13:32:10,9.69,-0.01,9,8721,卖盘
510,13:32:05,9.7,--,8,7759,买盘
511,13:31:35,9.7,--,20,19400,买盘
512,13:31:25,9.7,--,39,38780,卖盘
513,13:30:59,9.7,-0.01,8,7759,卖盘
514,13:30:55,9.71,0.01,1,971,买盘
515,13:30:50,9.7,-0.01,89,86330,卖盘
516,13:30:25,9.71,--,70,67970,买盘
517,13:30:14,9.71,--,10,9710,买盘
518,13:29:44,9.71,--,1,971,买盘
519,13:29:40,9.71,--,9,8739,买盘
520,13:29:29,9.71,--,94,91274,买盘
521,13:29:05,9.71,--,19,18449,买盘
522,13:28:59,9.71,--,12,11652,买盘
523,13:28:50,9.71,0.01,1,971,买盘
524,13:28:29,9.7,--,10,9700,卖盘
525,13:27:59,9.7,--,30,29099,卖盘
526,13:27:29,9.7,-0.01,2,1939,卖盘
527,13:27:19,9.71,0.01,22,21362,买盘
528,13:26:44,9.7,--,20,19400,卖盘
529,13:26:24,9.7,--,2,1959,买盘
530,13:26:14,9.7,--,3,2910,买盘
531,13:25:44,9.7,--,4,4840,卖盘
532,13:25:34,9.7,--,3,2910,卖盘
533,13:25:29,9.7,-0.01,6,5820,卖盘
534,13:25:14,9.71,0.01,3,2913,买盘
535,13:24:59,9.7,--,1,969,卖盘
536,13:24:44,9.7,-0.01,24,23280,卖盘
537,13:24:38,9.71,0.01,2,1942,买盘
538,13:24:19,9.7,-0.01,0,9,卖盘
539,13:24:04,9.71,0.01,50,48550,买盘
540,13:23:53,9.7,0.01,20,19400,买盘
541,13:23:44,9.69,-0.01,98,94962,卖盘
542,13:23:38,9.7,--,1,969,买盘
543,13:23:29,9.7,-0.01,29,28129,买盘
544,13:23:04,9.71,0.01,27,26857,买盘
545,13:22:59,9.7,-0.01,3,2910,卖盘
546,13:22:49,9.71,--,9,8739,买盘
547,13:22:23,9.71,0.01,38,36898,买盘
548,13:22:19,9.7,--,4,4209,卖盘
549,13:22:13,9.7,--,18,17460,卖盘
550,13:22:03,9.7,--,20,19400,卖盘
551,13:21:58,9.7,-0.01,27,26189,卖盘
552,13:21:28,9.71,--,7,6797,买盘
553,13:20:53,9.71,0.01,1,971,买盘
554,13:20:28,9.7,--,2,1939,卖盘
555,13:20:03,9.7,0.01,29,28129,买盘
556,13:19:33,9.69,--,50,48450,卖盘
557,13:19:28,9.69,--,0,0,卖盘
558,13:19:18,9.69,--,2,1938,卖盘
559,13:19:08,9.69,--,19,18411,买盘
560,13:19:03,9.69,--,23,22287,买盘
561,13:18:53,9.69,--,110,106590,买盘
562,13:18:48,9.69,--,20,19380,买盘
563,13:18:43,9.69,-0.02,433,419577,卖盘
564,13:18:38,9.71,0.01,9,8739,买盘
565,13:18:08,9.7,--,30,29099,卖盘
566,13:17:58,9.7,-0.01,100,97000,卖盘
567,13:17:43,9.71,-0.01,131,127201,卖盘
568,13:16:53,9.72,--,1,972,买盘
569,13:16:43,9.72,0.01,120,116640,买盘
570,13:16:38,9.71,--,70,67970,卖盘
571,13:16:23,9.71,--,4,3884,卖盘
572,13:16:17,9.71,--,5,4855,卖盘
573,13:15:32,9.71,--,3,2913,卖盘
574,13:15:13,9.71,-0.01,1,971,卖盘
575,13:15:07,9.72,0.01,8,7776,买盘
576,13:14:57,9.71,--,10,9710,卖盘
577,13:14:52,9.71,--,3,2913,卖盘
578,13:14:07,9.71,--,1,971,卖盘
579,13:13:42,9.71,-0.01,110,106810,卖盘
580,13:13:27,9.72,0.01,8,7776,买盘
581,13:13:17,9.71,-0.01,60,58260,卖盘
582,13:12:57,9.72,--,2,1944,买盘
583,13:12:47,9.72,--,10,9720,买盘
584,13:12:37,9.72,--,8,7776,买盘
585,13:12:17,9.72,--,25,24300,买盘
586,13:12:02,9.72,--,16,15552,买盘
587,13:11:57,9.72,--,5,4860,买盘
588,13:11:52,9.72,0.01,213,207036,买盘
589,13:11:42,9.71,--,1,971,卖盘
590,13:11:22,9.71,--,109,105839,卖盘
591,13:11:07,9.71,-0.01,8,7768,卖盘
592,13:10:52,9.72,--,20,19440,买盘
593,13:10:11,9.72,--,40,38880,买盘
594,13:09:32,9.72,0.01,63,61236,买盘
595,13:09:22,9.71,-0.01,132,128172,卖盘
596,13:09:07,9.72,--,34,33048,买盘
597,13:08:52,9.72,0.01,61,59292,买盘
598,13:08:32,9.71,--,21,20391,买盘
599,13:08:16,9.71,--,12,11652,买盘
600,13:08:11,9.71,--,27,26217,卖盘
601,13:07:31,9.71,--,239,232069,买盘
602,13:07:16,9.71,0.01,1,971,买盘
603,13:06:31,9.7,--,2,1939,卖盘
604,13:06:11,9.7,-0.01,22,21340,卖盘
605,13:06:06,9.71,--,3,2913,买盘
606,13:05:26,9.71,--,7,6797,卖盘
607,13:05:06,9.71,--,160,155360,卖盘
608,13:05:01,9.71,-0.01,1,971,卖盘
609,13:04:56,9.72,--,2,1944,买盘
610,13:04:06,9.72,--,2,1944,买盘
611,13:04:01,9.72,--,2,1944,买盘
612,13:03:56,9.72,--,3,2916,买盘
613,13:03:26,9.72,--,0,0,买盘
614,13:03:11,9.72,0.01,43,41796,买盘
615,13:03:05,9.71,--,1,971,买盘
616,13:02:56,9.71,--,63,61173,买盘
617,13:02:16,9.71,--,1,971,买盘
618,13:02:11,9.71,--,62,60202,卖盘
619,13:02:01,9.71,--,10,9710,卖盘
620,13:01:50,9.71,--,101,98071,卖盘
621,13:01:31,9.71,-0.02,48,46608,卖盘
622,13:01:25,9.73,-0.01,8,7784,买盘
623,13:01:05,9.74,0.02,479,466546,买盘
624,13:00:45,9.72,0.01,2,1944,买盘
625,13:00:20,9.71,0.01,38,36898,买盘
626,13:00:10,9.7,--,18,17460,卖盘
627,13:00:05,9.7,0.01,291,282270,买盘
628,11:30:00,9.69,--,0,0,卖盘
629,11:29:59,9.69,--,0,0,卖盘
630,11:29:56,9.69,--,3,2907,买盘
631,11:29:35,9.69,0.01,1,969,买盘
632,11:29:20,9.68,-0.01,5,4840,卖盘
633,11:29:15,9.69,0.01,257,249033,买盘
634,11:29:00,9.68,-0.01,300,290400,卖盘
635,11:28:56,9.69,0.01,1,969,买盘
636,11:28:41,9.68,--,1,968,卖盘
637,11:28:30,9.68,-0.01,1,968,卖盘
638,11:28:20,9.69,0.01,5,4845,买盘
639,11:28:11,9.68,-0.01,19,18392,卖盘
640,11:27:40,9.69,--,81,78489,卖盘
641,11:27:35,9.69,--,2,1938,卖盘
642,11:26:50,9.69,-0.01,3,2907,卖盘
643,11:26:40,9.7,0.01,5,4850,买盘
644,11:26:10,9.69,--,2,1938,卖盘
645,11:26:00,9.69,0.01,13,12597,买盘
646,11:25:45,9.68,-0.01,1,968,卖盘
647,11:25:35,9.69,--,1,969,买盘
648,11:25:25,9.69,0.01,7,6783,卖盘
649,11:25:20,9.68,--,0,0,卖盘
650,11:25:15,9.68,-0.01,2,1936,卖盘
651,11:25:10,9.69,--,100,96900,卖盘
652,11:24:45,9.69,-0.01,3,2907,卖盘
653,11:24:40,9.7,0.01,3,2910,买盘
654,11:23:55,9.69,--,1,969,卖盘
655,11:23:44,9.69,-0.01,2,1938,卖盘
656,11:23:35,9.7,0.01,20,19400,买盘
657,11:23:05,9.69,--,1,969,卖盘
658,11:22:54,9.69,-0.01,5,4845,卖盘
659,11:22:50,9.7,0.01,12,12202,买盘
660,11:22:39,9.69,--,15,14535,卖盘
661,11:22:29,9.69,--,15,14535,卖盘
662,11:22:20,9.69,--,2,1938,卖盘
663,11:22:14,9.69,--,94,91086,买盘
664,11:22:09,9.69,0.01,100,96900,买盘
665,11:21:50,9.68,--,3,2904,卖盘
666,11:21:44,9.68,-0.01,2,1936,卖盘
667,11:21:35,9.69,--,12,11628,买盘
668,11:21:20,9.69,0.01,31,30039,买盘
669,11:21:09,9.68,-0.01,1,968,卖盘
670,11:21:05,9.69,--,34,32946,买盘
671,11:20:59,9.69,0.01,1,969,买盘
672,11:20:54,9.68,-0.01,3,2904,卖盘
673,11:20:39,9.69,0.01,5,4845,买盘
674,11:20:04,9.68,--,2,1936,卖盘
675,11:19:49,9.68,--,15,14520,卖盘
676,11:19:24,9.68,--,50,48400,卖盘
677,11:19:19,9.68,--,1,968,卖盘
678,11:18:38,9.68,--,3,2904,卖盘
679,11:17:44,9.68,-0.01,2,1936,卖盘
680,11:17:34,9.69,0.01,8,7752,买盘
681,11:17:19,9.68,--,15,14520,卖盘
682,11:17:08,9.68,--,2,1936,卖盘
683,11:17:04,9.68,--,52,50336,卖盘
684,11:16:59,9.68,--,100,96800,卖盘
685,11:16:44,9.68,-0.01,2,1936,卖盘
686,11:16:29,9.69,0.01,5,4845,买盘
687,11:16:14,9.68,--,7,6776,卖盘
688,11:16:04,9.68,--,7,6776,卖盘
689,11:15:59,9.68,--,80,77440,卖盘
690,11:15:38,9.68,--,2,1936,卖盘
691,11:15:14,9.68,-0.01,1,968,卖盘
692,11:15:04,9.69,--,21,20755,卖盘
693,11:14:59,9.69,--,19,18411,卖盘
694,11:14:48,9.69,--,1,969,卖盘
695,11:14:44,9.69,--,21,20911,买盘
696,11:14:33,9.69,0.01,476,461244,买盘
697,11:14:03,9.68,--,1,968,卖盘
698,11:13:59,9.68,--,54,52272,卖盘
699,11:13:53,9.68,--,3,2904,买盘
700,11:13:48,9.68,0.01,2,1936,买盘
701,11:13:43,9.67,-0.02,1,967,卖盘
702,11:13:38,9.69,--,0,0,买盘
703,11:13:33,9.69,0.02,7,6783,买盘
704,11:13:14,9.67,0.01,2,1934,卖盘
705,11:13:03,9.66,--,0,0,卖盘
706,11:12:53,9.66,--,2,1932,卖盘
707,11:12:43,9.66,-0.03,1451,1401666,卖盘
708,11:12:28,9.69,--,20,19380,卖盘
709,11:12:13,9.69,--,2,1938,卖盘
710,11:12:03,9.69,--,30,29070,卖盘
711,11:11:43,9.69,0.01,20,19380,买盘
712,11:11:38,9.68,--,1,968,卖盘
713,11:11:33,9.68,-0.01,21,20328,卖盘
714,11:11:28,9.69,0.01,2,1938,买盘
715,11:11:18,9.68,-0.01,1,968,卖盘
716,11:11:13,9.69,--,26,25194,买盘
717,11:11:08,9.69,0.01,1,969,买盘
718,11:11:03,9.68,-0.01,1,968,卖盘
719,11:10:58,9.69,--,5,4845,买盘
720,11:10:53,9.69,--,657,636633,卖盘
721,11:10:48,9.69,--,11,10659,卖盘
722,11:10:43,9.69,--,1,969,卖盘
723,11:10:38,9.69,--,37,35853,卖盘
724,11:10:32,9.69,--,291,281979,卖盘
725,11:10:28,9.69,-0.01,8,7752,卖盘
726,11:10:17,9.7,0.01,1,969,买盘
727,11:10:08,9.69,--,42,40698,卖盘
728,11:09:58,9.69,--,10,9690,卖盘
729,11:09:53,9.69,-0.01,1,969,卖盘
730,11:09:43,9.7,0.01,135,130949,买盘
731,11:09:17,9.69,--,2,1938,卖盘
732,11:09:13,9.69,--,18,17442,卖盘
733,11:09:08,9.69,--,20,19380,卖盘
734,11:08:53,9.69,--,44,42636,卖盘
735,11:08:43,9.69,--,112,108528,卖盘
736,11:08:38,9.69,-0.01,1,969,卖盘
737,11:08:28,9.7,--,56,54319,卖盘
738,11:08:23,9.7,--,102,98940,卖盘
739,11:08:17,9.7,--,1,969,卖盘
740,11:08:08,9.7,--,34,32980,卖盘
741,11:08:02,9.7,--,160,155200,卖盘
742,11:07:58,9.7,--,32,31039,卖盘
743,11:07:53,9.7,--,57,55289,卖盘
744,11:07:46,9.7,-0.01,2,1939,卖盘
745,11:07:43,9.71,0.01,304,295184,买盘
746,11:07:38,9.7,--,86,83420,卖盘
747,11:07:32,9.7,--,25,24250,卖盘
748,11:07:27,9.7,--,102,98940,卖盘
749,11:07:23,9.7,--,914,886579,卖盘
750,11:07:16,9.7,--,50,48500,卖盘
751,11:07:12,9.7,--,167,161990,卖盘
752,11:07:08,9.7,--,2,1939,卖盘
753,11:07:02,9.7,--,33,32009,卖盘
754,11:06:57,9.7,--,10,9700,卖盘
755,11:06:47,9.7,--,10,9700,卖盘
756,11:06:42,9.7,--,50,48500,卖盘
757,11:06:32,9.7,--,1,969,卖盘
758,11:06:22,9.7,--,2,1939,卖盘
759,11:06:12,9.7,--,1,969,卖盘
760,11:06:02,9.7,-0.01,208,201759,卖盘
761,11:05:57,9.71,--,20,19420,买盘
762,11:05:47,9.71,--,7,6797,买盘
763,11:05:42,9.71,-0.01,209,203812,卖盘
764,11:05:37,9.72,0.01,4,3888,买盘
765,11:05:31,9.71,--,22,21362,卖盘
766,11:05:12,9.71,-0.01,1,971,卖盘
767,11:05:07,9.72,0.01,30,29160,买盘
768,11:04:57,9.71,--,103,100013,卖盘
769,11:04:46,9.71,-0.01,20,19420,卖盘
770,11:04:07,9.72,--,6,5832,买盘
771,11:03:56,9.72,--,104,101088,买盘
772,11:03:22,9.72,0.01,2,1944,买盘
773,11:03:16,9.71,-0.01,4,3884,卖盘
774,11:03:07,9.72,--,5,4860,买盘
775,11:02:22,9.72,0.01,10,9720,买盘
776,11:02:16,9.71,--,1,971,卖盘
777,11:02:07,9.71,--,10,9710,卖盘
778,11:01:55,9.71,--,31,30198,买盘
779,11:01:46,9.71,--,52,50492,买盘
780,11:01:40,9.71,--,198,193131,卖盘
781,11:01:37,9.71,--,5,4855,卖盘
782,11:01:16,9.71,-0.01,10,9710,卖盘
783,11:01:10,9.72,0.01,30,29160,买盘
784,11:01:07,9.71,-0.01,5,4855,卖盘
785,11:01:01,9.72,0.01,5,4860,买盘
786,11:00:46,9.71,--,1,971,卖盘
787,11:00:36,9.71,--,1,971,卖盘
788,11:00:21,9.71,0.01,28,27285,买盘
789,11:00:16,9.7,-0.01,2,1939,卖盘
790,11:00:01,9.71,--,81,79524,卖盘
791,10:59:55,9.71,-0.01,1,971,卖盘
792,10:59:51,9.72,0.01,2,1944,买盘
793,10:59:31,9.71,--,2,1942,卖盘
794,10:59:21,9.71,--,9,8739,卖盘
795,10:59:16,9.71,--,10,9710,卖盘
796,10:58:51,9.71,--,10,9710,卖盘
797,10:58:46,9.71,--,9,8739,卖盘
798,10:58:36,9.71,--,1,971,卖盘
799,10:58:10,9.71,--,15,14565,卖盘
800,10:58:06,9.71,--,2,1942,卖盘
801,10:58:01,9.71,0.01,120,116617,买盘
802,10:57:31,9.7,--,53,51409,卖盘
803,10:56:46,9.7,--,20,19400,卖盘
804,10:56:40,9.7,--,20,19400,卖盘
805,10:56:34,9.7,-0.01,2,1939,卖盘
806,10:56:31,9.71,0.01,52,50492,买盘
807,10:56:25,9.7,--,9,8730,卖盘
808,10:56:19,9.7,--,3,2910,卖盘
809,10:56:16,9.7,--,83,80510,卖盘
810,10:56:10,9.7,--,10,9700,卖盘
811,10:56:01,9.7,--,3,2910,卖盘
812,10:55:49,9.7,--,65,63049,卖盘
813,10:55:19,9.7,--,1,969,卖盘
814,10:55:16,9.7,-0.01,100,97000,卖盘
815,10:55:10,9.71,0.01,11,10681,买盘
816,10:55:04,9.7,--,3,2910,卖盘
817,10:55:01,9.7,-0.01,1,969,卖盘
818,10:54:49,9.71,0.01,20,19420,买盘
819,10:54:46,9.7,-0.01,1,969,卖盘
820,10:54:34,9.71,--,20,19420,买盘
821,10:54:25,9.71,--,17,16507,买盘
822,10:54:16,9.71,0.01,1790,1738090,买盘
823,10:54:04,9.7,-0.01,1,969,卖盘
824,10:53:49,9.71,--,83,80593,买盘
825,10:53:46,9.71,0.01,2,1942,买盘
826,10:53:40,9.7,-0.01,12,11640,卖盘
827,10:53:31,9.71,--,10,9710,买盘
828,10:53:25,9.71,0.01,1,971,买盘
829,10:53:16,9.7,-0.01,389,378203,卖盘
830,10:53:04,9.71,--,111,107781,卖盘
831,10:53:01,9.71,-0.01,8,7768,卖盘
832,10:52:15,9.72,--,282,274104,卖盘
833,10:52:04,9.72,--,2,1944,卖盘
834,10:51:55,9.72,--,10,9720,卖盘
835,10:51:34,9.72,-0.01,2,1944,卖盘
836,10:51:25,9.73,0.01,20,19460,卖盘
837,10:51:15,9.72,--,0,0,卖盘
838,10:51:10,9.72,-0.01,195,189540,卖盘
839,10:51:04,9.73,-0.01,21,20433,卖盘
840,10:51:00,9.74,0.01,51,49674,买盘
841,10:50:55,9.73,-0.01,3,2919,卖盘
842,10:50:49,9.74,0.01,120,116880,买盘
843,10:50:45,9.73,0.02,23,22379,中性盘
844,10:50:40,9.71,-0.03,228,221388,卖盘
845,10:50:34,9.74,--,0,0,买盘
846,10:50:30,9.74,--,172,167528,卖盘
847,10:50:25,9.74,--,43,41882,卖盘
848,10:50:19,9.74,-0.01,20,19480,卖盘
849,10:50:15,9.75,0.01,78,76050,买盘
850,10:50:10,9.74,-0.01,280,272720,卖盘
851,10:50:04,9.75,--,0,0,买盘
852,10:49:58,9.75,0.03,786,766350,买盘
853,10:49:55,9.72,-0.02,1,972,卖盘
854,10:49:49,9.74,0.01,280,272720,买盘
855,10:49:43,9.73,--,100,97300,买盘
856,10:49:40,9.73,0.01,344,334712,买盘
857,10:49:34,9.72,-0.01,1,972,卖盘
858,10:49:25,9.73,--,94,91462,买盘
859,10:49:19,9.73,0.01,30,29190,买盘
860,10:49:04,9.72,-0.01,2,1944,卖盘
861,10:48:54,9.73,0.01,1,973,买盘
862,10:48:28,9.72,-0.01,2,1944,卖盘
863,10:48:19,9.73,0.01,52,50596,买盘
864,10:48:10,9.72,--,1,972,卖盘
865,10:48:04,9.72,0.01,10,9720,买盘
866,10:47:58,9.71,--,0,0,卖盘
867,10:47:49,9.71,-0.02,1,971,卖盘
868,10:47:40,9.73,0.02,1,973,买盘
869,10:47:28,9.71,-0.01,15,14565,卖盘
870,10:47:25,9.72,--,5,4860,买盘
871,10:47:19,9.72,-0.01,230,224522,卖盘
872,10:47:09,9.73,--,315,306495,买盘
873,10:46:54,9.73,--,5,4865,买盘
874,10:46:43,9.73,--,94,91462,卖盘
875,10:46:39,9.73,--,6,5838,卖盘
876,10:46:34,9.73,--,159,154707,卖盘
877,10:46:28,9.73,--,5,4865,卖盘
878,10:46:13,9.73,--,1,973,卖盘
879,10:46:09,9.73,--,20,19460,卖盘
880,10:46:04,9.73,0.01,614,597422,买盘
881,10:45:58,9.72,--,15,14580,卖盘
882,10:45:54,9.72,--,1,972,卖盘
883,10:45:49,9.72,--,60,58320,卖盘
884,10:45:43,9.72,--,62,60273,买盘
885,10:45:39,9.72,--,6,5832,买盘
886,10:45:34,9.72,--,17,16524,买盘
887,10:45:28,9.72,--,12,11664,买盘
888,10:45:09,9.72,--,4,4850,卖盘
889,10:44:54,9.72,0.01,5,4869,买盘
890,10:44:49,9.71,--,8,7768,卖盘
891,10:44:39,9.71,-0.01,200,194200,卖盘
892,10:44:34,9.72,--,15,14580,买盘
893,10:44:19,9.72,--,12,11664,买盘
894,10:44:13,9.72,--,20,19440,买盘
895,10:44:09,9.72,0.01,106,103032,买盘
896,10:43:54,9.71,--,3,2913,卖盘
897,10:43:39,9.71,--,2,1942,卖盘
898,10:43:34,9.71,--,523,507833,卖盘
899,10:43:23,9.71,--,150,145650,卖盘
900,10:43:19,9.71,--,200,194200,卖盘
901,10:43:08,9.71,--,16,15536,卖盘
902,10:43:04,9.71,--,4,3884,卖盘
903,10:42:58,9.71,-0.01,1,971,卖盘
904,10:42:49,9.72,--,118,114696,买盘
905,10:42:34,9.72,0.01,2,1944,买盘
906,10:42:28,9.71,-0.01,2,1942,卖盘
907,10:42:19,9.72,0.01,5,4860,买盘
908,10:42:03,9.71,-0.01,133,129143,卖盘
909,10:41:58,9.72,0.01,4,3888,买盘
910,10:41:52,9.71,--,20,19420,卖盘
911,10:41:43,9.71,-0.01,1,971,卖盘
912,10:41:37,9.72,0.01,55,53460,买盘
913,10:41:33,9.71,--,4,3884,卖盘
914,10:41:13,9.71,-0.01,12,11652,卖盘
915,10:41:03,9.72,--,5,4860,买盘
916,10:40:52,9.72,0.01,12,11664,买盘
917,10:40:37,9.71,-0.01,3,2913,卖盘
918,10:40:33,9.72,0.01,15,14580,买盘
919,10:40:22,9.71,--,62,60202,卖盘
920,10:40:13,9.71,-0.01,8,7768,卖盘
921,10:39:58,9.72,0.01,6,5832,买盘
922,10:39:43,9.71,-0.01,3,2913,卖盘
923,10:39:33,9.72,--,3,2916,买盘
924,10:39:18,9.72,0.01,7,6804,买盘
925,10:39:13,9.71,--,3,2913,卖盘
926,10:39:03,9.71,--,39,37869,卖盘
927,10:38:58,9.71,--,5,4855,卖盘
928,10:38:22,9.71,--,2,1942,卖盘
929,10:38:18,9.71,--,60,58260,卖盘
930,10:38:13,9.71,--,4,3884,卖盘
931,10:37:48,9.71,-0.01,1,971,卖盘
932,10:37:37,9.72,--,5,4860,买盘
933,10:37:03,9.72,0.01,2,1944,买盘
934,10:36:48,9.71,--,52,50492,卖盘
935,10:36:31,9.71,--,30,29130,卖盘
936,10:36:28,9.71,--,5,4855,卖盘
937,10:36:16,9.71,-0.01,3,2913,卖盘
938,10:36:07,9.72,--,15,14580,买盘
939,10:35:58,9.72,0.01,21,20412,买盘
940,10:35:31,9.71,-0.01,50,48550,卖盘
941,10:35:22,9.72,--,2,1944,买盘
942,10:35:13,9.72,--,2,1944,买盘
943,10:35:01,9.72,--,2,1944,买盘
944,10:34:57,9.72,--,10,9720,买盘
945,10:34:52,9.72,0.01,11,10692,买盘
946,10:34:42,9.71,-0.01,50,48550,卖盘
947,10:34:27,9.72,--,12,11664,买盘
948,10:33:57,9.72,0.01,4,3888,买盘
949,10:33:37,9.71,--,23,22333,卖盘
950,10:33:22,9.71,--,11,10681,卖盘
951,10:33:01,9.71,--,21,20391,卖盘
952,10:32:57,9.71,--,10,9710,卖盘
953,10:32:52,9.71,--,20,19420,卖盘
954,10:32:37,9.71,--,1,971,卖盘
955,10:32:22,9.71,--,227,220514,卖盘
956,10:32:01,9.71,--,38,36898,卖盘
957,10:31:52,9.71,--,10,9710,卖盘
958,10:31:42,9.71,--,202,196142,买盘
959,10:31:27,9.71,--,175,169925,买盘
960,10:30:52,9.71,--,20,19420,买盘
961,10:30:42,9.71,--,5,4855,买盘
962,10:30:37,9.71,--,7,6797,买盘
963,10:30:27,9.71,--,10,9710,买盘
964,10:30:22,9.71,0.01,37,35927,买盘
965,10:30:16,9.7,--,0,426,卖盘
966,10:29:37,9.7,--,1,969,卖盘
967,10:29:27,9.7,--,15,14549,卖盘
968,10:29:16,9.7,-0.01,26,25219,卖盘
969,10:29:10,9.71,--,75,72825,买盘
970,10:29:07,9.71,0.01,1,971,买盘
971,10:29:01,9.7,-0.01,10,9700,卖盘
972,10:28:52,9.71,--,38,36898,买盘
973,10:28:46,9.71,--,64,62144,买盘
974,10:28:16,9.71,--,10,9710,买盘
975,10:28:10,9.71,--,38,36898,卖盘
976,10:28:07,9.71,--,55,53405,卖盘
977,10:28:01,9.71,--,95,92245,卖盘
978,10:27:51,9.71,--,70,67970,卖盘
979,10:27:46,9.71,--,6,5826,卖盘
980,10:27:40,9.71,--,137,133027,卖盘
981,10:27:37,9.71,--,15,14565,卖盘
982,10:27:31,9.71,--,10,9710,卖盘
983,10:27:22,9.71,-0.01,58,56318,卖盘
984,10:27:06,9.72,--,126,123201,卖盘
985,10:27:01,9.72,--,236,229392,卖盘
986,10:26:51,9.72,--,77,74844,卖盘
987,10:26:46,9.72,--,60,58320,卖盘
988,10:26:36,9.72,--,114,110808,卖盘
989,10:26:31,9.72,--,14,13608,卖盘
990,10:26:25,9.72,--,5,4860,卖盘
991,10:26:21,9.72,-0.01,26,25272,卖盘
992,10:26:16,9.73,0.01,23,22379,买盘
993,10:26:06,9.72,--,13,12636,卖盘
994,10:25:51,9.72,--,362,352107,买盘
995,10:25:36,9.72,0.01,8,7776,买盘
996,10:25:31,9.71,-0.01,10,9710,买盘
997,10:25:25,9.72,--,0,0,买盘
998,10:25:16,9.72,0.01,57,55404,买盘
999,10:25:01,9.71,-0.01,10,9710,中性盘
1000,10:24:55,9.72,0.01,89,86508,买盘
1001,10:24:51,9.71,-0.01,1,971,卖盘
1002,10:24:46,9.72,--,75,72900,买盘
1003,10:24:36,9.72,--,8,7776,买盘
1004,10:24:21,9.72,0.01,6,5832,买盘
1005,10:24:16,9.71,-0.01,345,335723,卖盘
1006,10:24:10,9.72,0.01,15,14580,买盘
1007,10:23:51,9.71,-0.02,27,26217,卖盘
1008,10:23:46,9.73,0.01,4,3892,买盘
1009,10:23:40,9.72,--,20,19440,买盘
1010,10:23:36,9.72,--,66,64152,买盘
1011,10:23:31,9.72,--,0,0,中性盘
1012,10:23:21,9.72,--,32,31104,卖盘
1013,10:23:16,9.72,--,10,9720,卖盘
1014,10:23:10,9.72,0.01,34,33048,卖盘
1015,10:23:06,9.71,--,304,295426,卖盘
1016,10:23:01,9.71,-0.01,10,9710,卖盘
1017,10:22:51,9.72,--,174,169128,买盘
1018,10:22:46,9.72,0.01,4,3888,买盘
1019,10:22:31,9.71,-0.01,32,31072,卖盘
1020,10:22:25,9.72,0.01,140,136080,买盘
1021,10:22:21,9.71,--,45,43695,卖盘
1022,10:22:16,9.71,--,5,4855,卖盘
1023,10:22:10,9.71,-0.01,15,14565,卖盘
1024,10:22:01,9.72,--,41,39852,买盘
1025,10:21:46,9.72,--,6,5832,买盘
1026,10:21:40,9.72,0.01,30,29160,买盘
1027,10:21:25,9.71,--,56,54376,卖盘
1028,10:21:21,9.71,--,43,41753,卖盘
1029,10:21:16,9.71,--,173,167983,买盘
1030,10:21:10,9.71,0.01,20,19420,买盘
1031,10:20:46,9.7,-0.01,8,7759,卖盘
1032,10:20:40,9.71,0.01,1,971,买盘
1033,10:20:31,9.7,-0.01,136,131920,卖盘
1034,10:20:25,9.71,0.01,26,25246,买盘
1035,10:20:15,9.7,-0.01,48,46560,卖盘
1036,10:20:10,9.71,--,0,0,中性盘
1037,10:20:04,9.71,--,0,0,买盘
1038,10:20:01,9.71,0.01,10,9710,买盘
1039,10:19:46,9.7,--,94,91180,卖盘
1040,10:19:40,9.7,-0.02,48,46560,卖盘
1041,10:19:34,9.72,0.02,100,97200,买盘
1042,10:19:15,9.7,--,10,9700,卖盘
1043,10:19:10,9.7,--,11,10670,卖盘
1044,10:19:00,9.7,--,20,19400,卖盘
1045,10:18:55,9.7,--,139,134830,买盘
1046,10:18:46,9.7,--,14,13579,买盘
1047,10:18:40,9.7,--,3,2910,买盘
1048,10:18:34,9.7,-0.03,1247,1209590,卖盘
1049,10:18:30,9.73,0.01,16,15568,买盘
1050,10:18:25,9.72,-0.01,141,137052,卖盘
1051,10:18:19,9.73,0.01,10,9730,买盘
1052,10:18:15,9.72,--,13,12636,卖盘
1053,10:18:10,9.72,-0.01,115,111780,卖盘
1054,10:18:04,9.73,0.01,4,3892,买盘
1055,10:18:00,9.72,--,50,48600,卖盘
1056,10:17:55,9.72,-0.01,16,15552,卖盘
1057,10:17:45,9.73,0.01,14,13622,买盘
1058,10:17:40,9.72,--,62,60264,卖盘
1059,10:17:34,9.72,--,10,9720,卖盘
1060,10:17:30,9.72,-0.01,300,291600,卖盘
1061,10:17:25,9.73,--,10,9730,买盘
1062,10:17:19,9.73,--,11,10703,买盘
1063,10:17:15,9.73,--,175,170275,买盘
1064,10:17:10,9.73,--,44,42812,买盘
1065,10:17:04,9.73,0.01,106,103138,买盘
1066,10:17:00,9.72,--,19,18468,卖盘
1067,10:16:55,9.72,-0.01,13,12636,卖盘
1068,10:16:45,9.73,0.01,30,29190,买盘
1069,10:16:40,9.72,-0.01,4,3888,卖盘
1070,10:16:25,9.73,0.01,238,231574,买盘
1071,10:16:15,9.72,--,6,5832,买盘
1072,10:16:04,9.72,--,10,9720,买盘
1073,10:15:49,9.72,-0.01,20,19440,卖盘
1074,10:15:45,9.73,0.01,54,52542,买盘
1075,10:15:40,9.72,0.01,406,394632,买盘
1076,10:15:30,9.71,--,46,44666,卖盘
1077,10:15:25,9.71,--,98,95158,卖盘
1078,10:15:19,9.71,-0.01,1,971,卖盘
1079,10:15:15,9.72,0.01,14,13608,买盘
1080,10:15:10,9.71,--,5,4855,卖盘
1081,10:15:04,9.71,-0.01,20,19420,卖盘
1082,10:15:00,9.72,--,10,9720,买盘
1083,10:14:55,9.72,0.01,3,2916,买盘
1084,10:14:49,9.71,-0.01,102,99042,卖盘
1085,10:14:39,9.72,--,140,136080,卖盘
1086,10:14:34,9.72,0.01,51,49572,买盘
1087,10:14:25,9.71,-0.01,2,1942,卖盘
1088,10:14:19,9.72,--,9,8748,买盘
1089,10:14:10,9.72,-0.01,28,27216,卖盘
1090,10:14:00,9.73,--,0,0,买盘
1091,10:13:55,9.73,0.01,200,194600,买盘
1092,10:13:49,9.72,-0.01,1,972,买盘
1093,10:13:40,9.73,0.01,63,61299,买盘
1094,10:13:34,9.72,--,7,6804,买盘
1095,10:13:30,9.72,--,6,5832,买盘
1096,10:13:24,9.72,--,1,972,买盘
1097,10:13:19,9.72,--,18,17496,卖盘
1098,10:13:09,9.72,--,115,111780,卖盘
1099,10:13:04,9.72,--,13,12636,卖盘
1100,10:12:54,9.72,0.01,20,19440,卖盘
1101,10:12:49,9.71,-0.01,914,887494,卖盘
1102,10:12:43,9.72,--,20,19440,买盘
1103,10:12:39,9.72,--,3,2916,买盘
1104,10:12:28,9.72,--,67,65124,买盘
1105,10:12:24,9.72,--,10,9720,买盘
1106,10:12:19,9.72,--,21,20412,买盘
1107,10:12:13,9.72,--,10,9720,买盘
1108,10:12:09,9.72,--,45,43740,买盘
1109,10:12:04,9.72,--,54,52488,买盘
1110,10:11:58,9.72,--,4,3888,买盘
1111,10:11:54,9.72,--,6,5832,买盘
1112,10:11:49,9.72,--,20,19440,买盘
1113,10:11:43,9.72,--,3,2916,买盘
1114,10:11:39,9.72,0.01,11,10692,买盘
1115,10:11:34,9.71,--,107,103897,卖盘
1116,10:11:28,9.71,--,60,58260,卖盘
1117,10:11:24,9.71,-0.01,70,67970,卖盘
1118,10:11:19,9.72,0.01,50,48600,买盘
1119,10:11:04,9.71,--,168,163904,买盘
1120,10:10:58,9.71,0.01,54,52434,买盘
1121,10:10:39,9.7,--,5,4850,卖盘
1122,10:10:34,9.7,--,9,8730,买盘
1123,10:10:24,9.7,-0.01,30,29099,买盘
1124,10:10:19,9.71,--,107,103897,买盘
1125,10:10:13,9.71,--,0,0,买盘
1126,10:10:09,9.71,0.01,514,499288,买盘
1127,10:10:04,9.7,--,2,1939,卖盘
1128,10:09:58,9.7,--,20,19400,卖盘
1129,10:09:54,9.7,--,2,2716,买盘
1130,10:09:49,9.7,--,152,147614,卖盘
1131,10:09:39,9.7,--,26,26015,买盘
1132,10:09:34,9.7,--,86,83420,买盘
1133,10:09:28,9.7,0.01,15,14549,买盘
1134,10:09:24,9.69,-0.01,29,28101,卖盘
1135,10:09:19,9.7,--,40,38800,买盘
1136,10:09:13,9.7,--,20,19400,买盘
1137,10:09:09,9.7,--,447,433589,买盘
1138,10:09:04,9.7,--,300,291000,买盘
1139,10:08:58,9.7,--,100,97000,买盘
1140,10:08:49,9.7,0.01,313,303610,买盘
1141,10:08:34,9.69,--,8,7752,卖盘
1142,10:08:28,9.69,--,404,391476,买盘
1143,10:08:19,9.69,--,21,20349,买盘
1144,10:08:13,9.69,--,200,193800,买盘
1145,10:07:48,9.69,--,10,9690,买盘
1146,10:07:43,9.69,--,2,1938,买盘
1147,10:07:39,9.69,--,8,7752,买盘
1148,10:07:28,9.69,--,3,2907,买盘
1149,10:07:13,9.69,0.01,41,39729,买盘
1150,10:07:03,9.68,-0.01,31,30008,卖盘
1151,10:06:48,9.69,0.01,2,1938,买盘
1152,10:06:39,9.68,--,80,77440,卖盘
1153,10:06:33,9.68,-0.01,37,35816,卖盘
1154,10:06:28,9.69,0.01,20,19380,买盘
1155,10:06:24,9.68,--,30,29040,卖盘
1156,10:06:09,9.68,-0.01,9,8712,卖盘
1157,10:05:48,9.69,0.01,55,53295,买盘
1158,10:05:18,9.68,--,5,4840,卖盘
1159,10:05:13,9.68,--,6,5808,卖盘
1160,10:04:58,9.68,-0.01,101,97768,卖盘
1161,10:04:43,9.69,--,37,35853,卖盘
1162,10:04:28,9.69,--,15,14535,卖盘
1163,10:04:22,9.69,--,5,4845,卖盘
1164,10:04:18,9.69,--,49,47481,卖盘
1165,10:04:13,9.69,--,10,9690,卖盘
1166,10:04:07,9.69,--,10,9690,卖盘
1167,10:04:03,9.69,--,80,77520,买盘
1168,10:03:58,9.69,0.01,3,2907,买盘
1169,10:03:52,9.68,-0.01,110,106480,卖盘
1170,10:03:48,9.69,0.01,100,96900,买盘
1171,10:03:43,9.68,--,95,91960,卖盘
1172,10:03:33,9.68,--,10,9680,卖盘
1173,10:03:28,9.68,--,11,10648,卖盘
1174,10:03:13,9.68,-0.01,10,9680,卖盘
1175,10:03:07,9.69,0.01,10,9690,买盘
1176,10:03:03,9.68,--,148,143264,卖盘
1177,10:02:58,9.68,-0.01,171,165528,卖盘
1178,10:02:48,9.69,--,120,116280,买盘
1179,10:02:43,9.69,--,26,25194,买盘
1180,10:02:28,9.69,--,10,9690,买盘
1181,10:02:22,9.69,--,10,9690,买盘
1182,10:02:18,9.69,--,5,4845,买盘
1183,10:01:48,9.69,--,121,117249,买盘
1184,10:01:37,9.69,0.01,10,9690,买盘
1185,10:01:18,9.68,-0.02,18,17424,卖盘
1186,10:01:13,9.7,0.01,70,67900,买盘
1187,10:00:58,9.69,--,8,7752,卖盘
1188,10:00:52,9.69,--,11,10659,买盘
1189,10:00:42,9.69,--,6,5814,买盘
1190,10:00:37,9.69,--,109,105621,买盘
1191,10:00:33,9.69,--,1,969,买盘
1192,10:00:22,9.69,--,100,96900,买盘
1193,10:00:17,9.69,--,22,21318,买盘
1194,09:59:57,9.69,-0.01,64,62016,卖盘
1195,09:59:52,9.7,--,159,154230,买盘
1196,09:59:48,9.7,0.01,17,16490,买盘
1197,09:59:42,9.69,--,3,2907,卖盘
1198,09:59:37,9.69,-0.01,3,2907,卖盘
1199,09:59:27,9.7,--,17,16490,买盘
1200,09:59:22,9.7,0.01,24,23280,买盘
1201,09:58:57,9.69,-0.01,2,1938,卖盘
1202,09:58:52,9.7,0.01,25,24250,买盘
1203,09:58:42,9.69,-0.01,16,15504,卖盘
1204,09:58:37,9.7,0.01,180,174600,买盘
1205,09:58:07,9.69,0.01,405,392445,买盘
1206,09:57:52,9.68,--,0,0,卖盘
1207,09:57:46,9.68,--,134,129712,卖盘
1208,09:57:42,9.68,-0.01,6,5808,卖盘
1209,09:57:37,9.69,--,40,38760,中性盘
1210,09:57:31,9.69,--,3,2907,买盘
1211,09:57:27,9.69,--,51,49419,买盘
1212,09:57:22,9.69,--,3,2907,买盘
1213,09:57:12,9.69,--,90,87210,卖盘
1214,09:57:07,9.69,--,80,77520,买盘
1215,09:56:57,9.69,--,16,15504,买盘
1216,09:56:42,9.69,-0.01,207,200583,卖盘
1217,09:56:37,9.7,--,23,22310,买盘
1218,09:56:31,9.7,0.01,20,19400,买盘
1219,09:56:22,9.69,-0.01,319,309111,卖盘
1220,09:56:16,9.7,--,5,4850,买盘
1221,09:56:12,9.7,0.01,12,11640,买盘
1222,09:56:07,9.69,-0.01,4,3876,卖盘
1223,09:55:57,9.7,0.01,19,18430,买盘
1224,09:55:52,9.69,-0.01,19,18411,卖盘
1225,09:55:27,9.7,0.01,17,16490,买盘
1226,09:55:22,9.69,--,23,22287,买盘
1227,09:55:16,9.69,0.01,10,9690,买盘
1228,09:55:12,9.68,-0.01,197,190696,卖盘
1229,09:55:07,9.69,--,10,9690,卖盘
1230,09:55:01,9.69,--,46,44574,买盘
1231,09:54:56,9.69,0.01,4,3876,中性盘
1232,09:54:52,9.68,-0.01,66,63888,卖盘
1233,09:54:46,9.69,0.01,4,3876,买盘
1234,09:54:37,9.68,--,199,192632,卖盘
1235,09:54:31,9.68,-0.01,10,9680,卖盘
1236,09:54:22,9.69,--,4,3876,买盘
1237,09:54:06,9.69,0.02,22,21318,买盘
1238,09:53:51,9.67,-0.01,190,183730,卖盘
1239,09:53:46,9.68,-0.01,49,48303,卖盘
1240,09:53:41,9.69,--,4,3876,买盘
1241,09:53:36,9.69,0.01,10,9690,买盘
1242,09:53:31,9.68,-0.01,128,123904,卖盘
1243,09:53:26,9.69,--,4,3876,买盘
1244,09:53:16,9.69,--,15,14535,买盘
1245,09:53:11,9.69,--,17,16473,买盘
1246,09:53:06,9.69,--,207,200583,买盘
1247,09:53:01,9.69,--,43,41667,买盘
1248,09:52:51,9.69,--,5,4845,买盘
1249,09:52:46,9.69,--,1,969,买盘
1250,09:52:41,9.69,--,5,4845,卖盘
1251,09:52:26,9.69,0.01,5,4845,买盘
1252,09:52:21,9.68,-0.02,126,121968,卖盘
1253,09:52:16,9.7,0.01,54,52554,买盘
1254,09:52:06,9.69,--,61,59109,卖盘
1255,09:52:01,9.69,--,156,151164,卖盘
1256,09:51:51,9.69,--,293,284711,买盘
1257,09:51:46,9.69,--,1,969,买盘
1258,09:51:36,9.69,--,141,136803,卖盘
1259,09:51:31,9.69,--,27,26163,卖盘
1260,09:51:26,9.69,-0.01,10,9690,卖盘
1261,09:51:21,9.7,0.01,309,300525,买盘
1262,09:51:16,9.69,--,185,179265,买盘
1263,09:51:01,9.69,--,5,4845,买盘
1264,09:50:51,9.69,--,10,9690,买盘
1265,09:50:41,9.69,0.01,20,19380,买盘
1266,09:50:36,9.68,-0.01,60,58080,卖盘
1267,09:50:31,9.69,0.01,17,16473,买盘
1268,09:50:25,9.68,-0.01,9,8712,卖盘
1269,09:50:21,9.69,--,1,969,买盘
1270,09:50:16,9.69,0.01,113,109497,买盘
1271,09:49:51,9.68,--,249,241516,买盘
1272,09:49:46,9.68,--,32,30976,买盘
1273,09:49:40,9.68,0.01,20,19360,买盘
1274,09:49:36,9.67,-0.01,111,107337,卖盘
1275,09:49:31,9.68,--,41,39688,买盘
1276,09:49:25,9.68,--,64,61952,买盘
1277,09:49:21,9.68,0.01,2,1936,买盘
1278,09:49:16,9.67,--,34,32878,卖盘
1279,09:48:51,9.67,--,7,6769,卖盘
1280,09:48:46,9.67,--,117,113139,买盘
1281,09:48:40,9.67,--,4,3868,买盘
1282,09:48:36,9.67,--,81,78327,买盘
1283,09:48:31,9.67,0.01,60,58020,买盘
1284,09:48:25,9.66,-0.01,19,18354,卖盘
1285,09:48:21,9.67,--,14,13538,买盘
1286,09:48:05,9.67,0.01,82,79294,卖盘
1287,09:48:01,9.66,--,0,0,卖盘
1288,09:47:55,9.66,-0.01,200,193200,卖盘
1289,09:47:46,9.67,0.01,652,630484,买盘
1290,09:47:40,9.66,-0.01,200,193200,卖盘
1291,09:47:35,9.67,0.01,339,327813,买盘
1292,09:47:20,9.66,--,30,28980,卖盘
1293,09:47:15,9.66,--,6,5796,卖盘
1294,09:47:10,9.66,--,94,90804,买盘
1295,09:47:05,9.66,--,29,28014,买盘
1296,09:47:00,9.66,--,30,28980,买盘
1297,09:46:55,9.66,0.01,74,71484,买盘
1298,09:46:45,9.65,-0.01,825,796125,卖盘
1299,09:46:40,9.66,--,4,3864,买盘
1300,09:46:35,9.66,--,30,28980,买盘
1301,09:46:30,9.66,0.01,54,52164,买盘
1302,09:46:25,9.65,-0.01,18,17370,卖盘
1303,09:46:20,9.66,--,50,48300,买盘
1304,09:46:10,9.66,--,33,31878,买盘
1305,09:46:00,9.66,--,61,58926,买盘
1306,09:45:50,9.66,--,12,11592,买盘
1307,09:45:40,9.66,--,94,90804,买盘
1308,09:45:25,9.66,--,16,15456,买盘
1309,09:45:20,9.66,--,10,9660,买盘
1310,09:45:10,9.66,--,169,163254,卖盘
1311,09:45:05,9.66,-0.01,4,3864,卖盘
1312,09:45:00,9.67,0.01,10,9670,买盘
1313,09:44:55,9.66,--,1,966,卖盘
1314,09:44:40,9.66,-0.01,20,19320,卖盘
1315,09:44:35,9.67,0.01,2,1934,买盘
1316,09:44:20,9.66,--,10,9660,卖盘
1317,09:44:15,9.66,-0.01,2,1932,卖盘
1318,09:44:10,9.67,0.01,9,8703,买盘
1319,09:44:05,9.66,--,47,45402,买盘
1320,09:44:00,9.66,--,35,33810,买盘
1321,09:43:55,9.66,--,2,1932,买盘
1322,09:43:50,9.66,--,194,187404,卖盘
1323,09:43:40,9.66,--,27,26082,卖盘
1324,09:43:35,9.66,0.01,2,1932,卖盘
1325,09:43:30,9.65,-0.02,104,100360,卖盘
1326,09:43:20,9.67,0.01,110,106370,买盘
1327,09:43:10,9.66,--,23,22218,卖盘
1328,09:42:45,9.66,-0.01,41,39606,卖盘
1329,09:42:34,9.67,0.01,1,967,买盘
1330,09:42:30,9.66,-0.01,13,12558,买盘
1331,09:42:25,9.67,--,0,0,买盘
1332,09:42:10,9.67,0.02,10,9670,买盘
1333,09:42:04,9.65,-0.01,92,88780,卖盘
1334,09:41:55,9.66,-0.01,2,1932,卖盘
1335,09:41:45,9.67,0.01,5,4835,买盘
1336,09:41:40,9.66,-0.01,93,89838,卖盘
1337,09:41:30,9.67,--,50,48350,买盘
1338,09:41:25,9.67,0.01,81,78327,买盘
1339,09:41:19,9.66,--,3,2898,卖盘
1340,09:41:15,9.66,--,30,28980,卖盘
1341,09:41:10,9.66,-0.02,76,73416,卖盘
1342,09:40:55,9.68,0.01,330,319924,买盘
1343,09:40:49,9.67,--,156,150852,卖盘
1344,09:40:29,9.67,-0.01,113,109271,卖盘
1345,09:40:24,9.68,0.01,460,445280,买盘
1346,09:40:19,9.67,-0.01,40,38680,卖盘
1347,09:40:14,9.68,0.01,52,50336,买盘
1348,09:40:09,9.67,-0.01,10,9670,卖盘
1349,09:39:59,9.68,--,56,54208,买盘
1350,09:39:49,9.68,--,10,9680,买盘
1351,09:39:34,9.68,0.01,34,32912,买盘
1352,09:39:24,9.67,--,8,7736,卖盘
1353,09:39:19,9.67,-0.01,31,29977,卖盘
1354,09:39:14,9.68,0.01,9,8712,买盘
1355,09:39:09,9.67,--,3,2901,卖盘
1356,09:38:59,9.67,-0.01,142,137314,卖盘
1357,09:38:54,9.68,0.01,7,6776,买盘
1358,09:38:39,9.67,-0.01,218,211289,卖盘
1359,09:38:24,9.68,--,12,11616,买盘
1360,09:38:19,9.68,--,77,74536,买盘
1361,09:38:14,9.68,--,1,968,买盘
1362,09:38:09,9.68,0.01,9,8712,买盘
1363,09:38:04,9.67,-0.02,2,1934,卖盘
1364,09:37:49,9.69,--,0,0,买盘
1365,09:37:44,9.69,0.01,3,2907,买盘
1366,09:37:39,9.68,-0.01,41,40355,卖盘
1367,09:37:34,9.69,0.01,4,3876,买盘
1368,09:37:29,9.68,--,9,8712,卖盘
1369,09:37:24,9.68,--,189,182952,卖盘
1370,09:37:19,9.68,--,48,46464,卖盘
1371,09:37:04,9.68,-0.01,15,14520,卖盘
1372,09:36:49,9.69,0.01,360,348840,买盘
1373,09:36:44,9.68,-0.01,1,968,卖盘
1374,09:36:39,9.69,--,24,23256,买盘
1375,09:36:29,9.69,--,5,4845,买盘
1376,09:36:24,9.69,--,2,1938,买盘
1377,09:36:19,9.69,-0.01,35,33915,卖盘
1378,09:36:09,9.7,0.01,11,10670,买盘
1379,09:36:04,9.69,--,299,289731,买盘
1380,09:35:59,9.69,0.01,4,3876,买盘
1381,09:35:54,9.68,-0.01,23,22264,卖盘
1382,09:35:49,9.69,--,25,24225,买盘
1383,09:35:43,9.69,--,2,1938,买盘
1384,09:35:39,9.69,0.01,127,123363,买盘
1385,09:35:28,9.68,--,131,126808,卖盘
1386,09:35:24,9.68,-0.01,26,25168,卖盘
1387,09:35:19,9.69,0.01,100,96900,买盘
1388,09:35:13,9.68,--,26,25168,卖盘
1389,09:34:58,9.68,0.01,54,52272,买盘
1390,09:34:54,9.67,-0.01,60,58020,卖盘
1391,09:34:49,9.68,-0.01,18,17424,中性盘
1392,09:34:43,9.69,0.01,45,43605,买盘
1393,09:34:34,9.68,0.01,5,4840,中性盘
1394,09:34:28,9.67,-0.01,97,93799,卖盘
1395,09:34:19,9.68,-0.01,124,120032,卖盘
1396,09:34:13,9.69,0.01,3,2907,买盘
1397,09:34:04,9.68,--,108,104544,卖盘
1398,09:33:58,9.68,--,27,26136,卖盘
1399,09:33:54,9.68,--,81,78408,买盘
1400,09:33:48,9.68,--,107,103576,买盘
1401,09:33:43,9.68,--,62,60016,买盘
1402,09:33:39,9.68,--,60,58080,买盘
1403,09:33:28,9.68,--,95,91960,买盘
1404,09:33:18,9.68,--,60,58080,买盘
1405,09:33:13,9.68,--,27,26136,买盘
1406,09:33:08,9.68,0.01,2,1936,买盘
1407,09:32:58,9.67,--,52,50574,买盘
1408,09:32:53,9.67,0.01,11,10637,买盘
1409,09:32:48,9.66,-0.01,34,32844,卖盘
1410,09:32:43,9.67,--,11,10637,买盘
1411,09:32:38,9.67,0.01,18,17406,买盘
1412,09:32:33,9.66,-0.01,99,95634,买盘
1413,09:32:28,9.67,0.01,106,102502,买盘
1414,09:32:23,9.66,--,98,94668,买盘
1415,09:32:13,9.66,--,86,83076,买盘
1416,09:32:03,9.66,--,1,966,买盘
1417,09:31:58,9.66,-0.01,205,198706,卖盘
1418,09:31:53,9.67,0.01,1,967,买盘
1419,09:31:43,9.66,-0.01,286,276565,卖盘
1420,09:31:33,9.67,--,5,4835,买盘
1421,09:31:28,9.67,-0.01,47,45449,卖盘
1422,09:31:18,9.68,--,10,9680,买盘
1423,09:31:13,9.68,--,15,14520,买盘
1424,09:31:08,9.68,-0.01,64,61952,买盘
1425,09:31:03,9.69,--,69,66861,买盘
1426,09:30:58,9.69,--,10,9690,买盘
1427,09:30:53,9.69,--,7,6783,买盘
1428,09:30:48,9.69,--,50,48450,买盘
1429,09:30:43,9.69,--,262,253878,买盘
1430,09:30:33,9.69,--,159,154071,卖盘
1431,09:30:28,9.69,--,35,33915,卖盘
1432,09:30:23,9.69,-0.01,53,51357,卖盘
1433,09:30:18,9.7,0.01,107,103789,买盘
1434,09:30:08,9.69,0.03,41,39729,买盘
1435,09:30:03,9.66,--,674,651084,买盘
1436,09:28:57,9.66,--,0,0,买盘
1437,09:25:07,9.66,9.66,292,282072,买盘
