,time,price,change,volume,amount,type
0,15:00:00,5.26,--,0,0,卖盘
1,15:00:00,5.26,-0.01,5,2630,卖盘
2,14:59:58,5.27,--,138,72726,买盘
3,14:59:54,5.27,--,104,54807,买盘
4,14:59:48,5.27,0.01,60,31619,买盘
5,14:59:43,5.26,-0.01,275,144650,卖盘
6,14:59:39,5.27,--,100,52699,买盘
7,14:59:33,5.27,--,350,184449,买盘
8,14:59:28,5.27,0.01,550,289850,买盘
9,14:59:24,5.26,--,31,16306,卖盘
10,14:59:18,5.26,-0.01,869,457562,卖盘
11,14:59:13,5.27,--,40,21080,买盘
12,14:59:03,5.27,--,302,159154,买盘
13,14:58:58,5.27,--,61,32146,买盘
14,14:58:54,5.27,0.01,17,8959,买盘
15,14:58:48,5.26,--,133,69958,卖盘
16,14:58:43,5.26,--,70,36820,卖盘
17,14:58:33,5.26,-0.01,20,10520,卖盘
18,14:58:28,5.27,--,250,131750,买盘
19,14:58:24,5.27,--,11,5796,买盘
20,14:58:18,5.27,--,47,24768,买盘
21,14:58:03,5.27,0.01,90,47429,买盘
22,14:57:58,5.26,-0.01,10,5260,卖盘
23,14:57:53,5.27,0.01,142,74834,买盘
24,14:57:48,5.26,-0.01,100,52600,卖盘
25,14:57:43,5.27,--,115,60604,买盘
26,14:57:28,5.27,0.01,20,10540,买盘
27,14:57:23,5.26,-0.01,2,1052,卖盘
28,14:57:18,5.27,--,4,2108,买盘
29,14:57:13,5.27,0.01,11,5796,买盘
30,14:57:03,5.26,-0.01,22,11572,卖盘
31,14:56:58,5.27,--,238,125425,买盘
32,14:56:53,5.27,0.01,26,13701,买盘
33,14:56:48,5.26,--,10,5260,卖盘
34,14:56:43,5.26,-0.01,4,2104,卖盘
35,14:56:38,5.27,--,15,7904,买盘
36,14:56:33,5.27,0.01,128,67456,买盘
37,14:56:28,5.26,--,139,73114,卖盘
38,14:56:23,5.26,--,2,1052,卖盘
39,14:56:13,5.26,-0.01,45,23670,卖盘
40,14:56:08,5.27,0.01,126,66402,买盘
41,14:56:03,5.26,-0.01,8,4208,卖盘
42,14:55:58,5.27,--,7,3688,买盘
43,14:55:48,5.27,--,211,111196,买盘
44,14:55:43,5.27,0.01,20,10540,买盘
45,14:55:38,5.26,--,494,259844,卖盘
46,14:55:33,5.26,--,300,157800,卖盘
47,14:55:28,5.26,--,130,68380,卖盘
48,14:55:18,5.26,-0.01,14,7364,卖盘
49,14:55:08,5.27,0.01,126,66402,买盘
50,14:55:03,5.26,--,9,4734,卖盘
51,14:54:57,5.26,--,35,18410,卖盘
52,14:54:48,5.26,--,250,131500,卖盘
53,14:54:37,5.26,-0.01,2,1052,卖盘
54,14:54:33,5.27,--,47,24768,买盘
55,14:54:27,5.27,0.01,134,70618,买盘
56,14:54:18,5.26,-0.01,608,319808,卖盘
57,14:54:07,5.27,--,127,66929,买盘
58,14:53:57,5.27,--,15,7904,买盘
59,14:53:48,5.27,--,125,65875,买盘
60,14:53:42,5.27,0.01,12,6323,买盘
61,14:53:37,5.26,--,1,526,卖盘
62,14:53:27,5.26,-0.01,128,67328,卖盘
63,14:53:18,5.27,0.01,36,18972,买盘
64,14:53:12,5.26,-0.01,20,10520,卖盘
65,14:53:07,5.27,--,223,117520,买盘
66,14:53:03,5.27,--,124,65347,买盘
67,14:52:57,5.27,0.01,735,387344,买盘
68,14:52:52,5.26,--,134,70484,卖盘
69,14:52:37,5.26,-0.01,25,13150,卖盘
70,14:52:27,5.27,0.01,176,92751,买盘
71,14:52:18,5.26,-0.01,43,22618,卖盘
72,14:52:07,5.27,0.01,1020,537540,买盘
73,14:52:03,5.26,-0.01,44,23144,卖盘
74,14:51:57,5.27,0.01,90,47429,买盘
75,14:51:52,5.26,0.01,10,5260,买盘
76,14:51:37,5.25,-0.01,214,112350,卖盘
77,14:51:33,5.26,0.01,461,242486,买盘
78,14:51:27,5.25,--,18,9450,卖盘
79,14:51:22,5.25,-0.01,4,2100,卖盘
80,14:51:12,5.26,0.01,17,8942,买盘
81,14:51:07,5.25,--,938,492576,卖盘
82,14:51:02,5.25,--,2,1050,卖盘
83,14:50:57,5.25,-0.01,21,11403,卖盘
84,14:50:52,5.26,0.01,56,29456,买盘
85,14:50:47,5.25,-0.01,30,15750,卖盘
86,14:50:42,5.26,--,178,93628,买盘
87,14:50:37,5.26,--,73,38398,买盘
88,14:50:32,5.26,--,1,526,买盘
89,14:50:27,5.26,--,7,3682,买盘
90,14:50:22,5.26,--,38,19988,买盘
91,14:50:12,5.26,--,1,526,买盘
92,14:50:07,5.26,--,226,119144,卖盘
93,14:49:57,5.26,-0.01,3,1578,卖盘
94,14:49:47,5.27,--,75,39525,买盘
95,14:49:42,5.27,0.01,1,527,买盘
96,14:49:37,5.26,--,1255,660524,卖盘
97,14:49:32,5.26,-0.01,30,15780,卖盘
98,14:49:17,5.27,0.01,124,65347,买盘
99,14:49:07,5.26,--,1208,635802,卖盘
100,14:49:02,5.26,--,3,1578,卖盘
101,14:48:57,5.26,--,11,5786,卖盘
102,14:48:51,5.26,--,130,68380,卖盘
103,14:48:36,5.26,--,1155,607924,卖盘
104,14:48:32,5.26,--,9,4734,卖盘
105,14:48:27,5.26,-0.01,60,31560,卖盘
106,14:48:17,5.27,0.01,26,13701,买盘
107,14:48:12,5.26,--,24,12624,卖盘
108,14:48:06,5.26,--,171,89951,卖盘
109,14:47:57,5.26,-0.01,27,14202,卖盘
110,14:47:51,5.27,0.01,179,94332,买盘
111,14:47:36,5.26,-0.01,225,118350,卖盘
112,14:47:27,5.27,0.01,124,65347,买盘
113,14:47:21,5.26,--,8,4208,卖盘
114,14:47:16,5.26,--,6,3156,卖盘
115,14:47:12,5.26,--,12,6312,卖盘
116,14:47:06,5.26,--,477,250902,卖盘
117,14:47:01,5.26,--,10,5260,卖盘
118,14:46:51,5.26,--,222,116772,卖盘
119,14:46:46,5.26,--,150,78900,卖盘
120,14:46:42,5.26,-0.01,5,2630,卖盘
121,14:46:36,5.27,0.01,74,38998,买盘
122,14:46:21,5.26,--,10,5260,卖盘
123,14:46:16,5.26,-0.01,11,5786,卖盘
124,14:46:12,5.27,0.01,62,32673,买盘
125,14:46:06,5.26,--,8,4208,卖盘
126,14:46:01,5.26,--,549,288774,卖盘
127,14:45:46,5.26,-0.01,84,44184,卖盘
128,14:45:21,5.27,0.01,8,4216,买盘
129,14:45:16,5.26,-0.01,11,5786,卖盘
130,14:45:11,5.27,0.01,1,527,买盘
131,14:45:06,5.26,-0.01,451,237231,卖盘
132,14:44:56,5.27,--,44,23187,买盘
133,14:44:51,5.27,0.01,54,28457,买盘
134,14:44:36,5.26,-0.01,8,4208,卖盘
135,14:44:31,5.27,--,50,26349,买盘
136,14:44:16,5.27,0.01,1,527,买盘
137,14:44:11,5.26,-0.01,20,10520,卖盘
138,14:44:06,5.27,0.01,41,21607,买盘
139,14:44:01,5.26,--,669,351894,卖盘
140,14:43:51,5.26,--,640,336640,卖盘
141,14:43:46,5.26,-0.01,45,23670,卖盘
142,14:43:41,5.27,0.01,43,22660,买盘
143,14:43:36,5.26,--,941,494966,卖盘
144,14:43:21,5.26,--,861,452886,卖盘
145,14:43:11,5.26,--,3,1578,卖盘
146,14:43:06,5.26,--,1201,631726,卖盘
147,14:43:01,5.26,--,232,122032,卖盘
148,14:42:41,5.26,-0.01,21,11046,卖盘
149,14:42:30,5.27,--,35,18445,买盘
150,14:42:26,5.27,--,34,17918,买盘
151,14:42:15,5.27,--,4,2113,买盘
152,14:42:11,5.27,0.01,1,527,买盘
153,14:41:45,5.26,--,21,11046,卖盘
154,14:41:15,5.26,--,30,15780,卖盘
155,14:41:11,5.26,-0.01,74,38924,卖盘
156,14:40:56,5.27,--,70,36890,买盘
157,14:40:51,5.27,--,21,11067,买盘
158,14:40:45,5.27,0.01,73,38471,买盘
159,14:40:40,5.26,-0.01,21,11046,卖盘
160,14:40:36,5.27,0.01,26,13701,买盘
161,14:40:30,5.26,--,42,22092,卖盘
162,14:40:25,5.26,--,13,6838,卖盘
163,14:40:21,5.26,--,4,2104,卖盘
164,14:40:15,5.26,--,3,1578,卖盘
165,14:40:10,5.26,--,1,526,卖盘
166,14:40:00,5.26,-0.01,152,79952,卖盘
167,14:39:55,5.27,0.01,111,58496,买盘
168,14:39:51,5.26,--,1224,643824,卖盘
169,14:39:45,5.26,--,3000,1578000,卖盘
170,14:39:40,5.26,-0.01,21,11046,卖盘
171,14:39:36,5.27,--,55,28984,买盘
172,14:39:21,5.27,0.01,10,5270,买盘
173,14:39:15,5.26,--,3,1583,卖盘
174,14:39:10,5.26,--,8,4628,卖盘
175,14:39:06,5.26,--,1,526,卖盘
176,14:39:00,5.26,-0.01,3,1578,卖盘
177,14:38:40,5.27,0.01,57,30038,买盘
178,14:38:35,5.26,--,2,1052,卖盘
179,14:38:25,5.26,--,94,49444,卖盘
180,14:38:20,5.26,--,3,1578,卖盘
181,14:38:00,5.26,-0.01,10,5260,卖盘
182,14:37:55,5.27,--,3,1580,买盘
183,14:37:50,5.27,0.01,21,11067,买盘
184,14:37:45,5.26,--,21,11046,卖盘
185,14:37:40,5.26,--,4,2104,卖盘
186,14:37:35,5.26,-0.01,10,5260,卖盘
187,14:37:25,5.27,0.01,61,32146,买盘
188,14:37:15,5.26,-0.01,3,1578,卖盘
189,14:37:10,5.27,0.01,1,527,买盘
190,14:37:05,5.26,-0.01,2,1052,卖盘
191,14:37:00,5.27,0.01,24,12647,买盘
192,14:36:55,5.26,--,2,1262,卖盘
193,14:36:50,5.26,--,3,1578,卖盘
194,14:36:40,5.26,--,44,23144,卖盘
195,14:36:35,5.26,-0.01,133,69958,卖盘
196,14:36:30,5.27,0.01,10,5270,买盘
197,14:36:25,5.26,--,346,182001,卖盘
198,14:36:10,5.26,--,400,210400,卖盘
199,14:36:05,5.26,--,10,5260,卖盘
200,14:35:55,5.26,--,5,3077,卖盘
201,14:35:39,5.26,--,22,11572,卖盘
202,14:35:30,5.26,-0.01,3,1578,卖盘
203,14:35:24,5.27,--,104,54807,买盘
204,14:35:15,5.27,--,318,167586,买盘
205,14:35:09,5.27,0.01,2,1054,买盘
206,14:34:59,5.26,--,62,33059,卖盘
207,14:34:54,5.26,-0.01,200,105200,卖盘
208,14:34:50,5.27,0.01,1,527,买盘
209,14:34:45,5.26,--,21,11046,卖盘
210,14:34:39,5.26,-0.01,6,3156,卖盘
211,14:34:30,5.27,0.01,34,17918,买盘
212,14:34:24,5.26,--,3,1578,卖盘
213,14:34:15,5.26,-0.01,20,10520,卖盘
214,14:34:09,5.27,0.01,30,15809,买盘
215,14:34:05,5.26,--,929,489043,卖盘
216,14:33:59,5.26,--,200,105200,卖盘
217,14:33:54,5.26,-0.01,80,42080,卖盘
218,14:33:50,5.27,0.01,50,26349,买盘
219,14:33:45,5.26,-0.01,21,11046,卖盘
220,14:33:30,5.27,--,21,11072,买盘
221,14:33:24,5.27,--,51,26876,买盘
222,14:33:20,5.27,--,1,527,买盘
223,14:33:15,5.27,--,2,1054,买盘
224,14:33:09,5.27,--,2,1054,买盘
225,14:33:04,5.27,0.01,1,527,买盘
226,14:32:59,5.26,-0.01,85,45151,卖盘
227,14:32:54,5.27,0.01,1,527,买盘
228,14:32:49,5.26,--,90,47340,卖盘
229,14:32:39,5.26,-0.01,39,20514,卖盘
230,14:32:34,5.27,0.01,10,5270,买盘
231,14:32:29,5.26,-0.01,60,31560,卖盘
232,14:32:24,5.27,0.01,41,21607,买盘
233,14:32:15,5.26,--,40,21040,卖盘
234,14:32:04,5.26,--,7,4129,卖盘
235,14:31:59,5.26,--,22,11572,卖盘
236,14:31:34,5.26,--,3,1578,卖盘
237,14:31:24,5.26,--,16,8416,卖盘
238,14:31:15,5.26,--,1,526,卖盘
239,14:31:04,5.26,--,25,13597,卖盘
240,14:30:59,5.26,--,6,3156,卖盘
241,14:30:54,5.26,-0.01,3,1578,卖盘
242,14:30:38,5.27,--,8,4221,买盘
243,14:30:29,5.27,--,10750,5665250,买盘
244,14:30:24,5.27,0.01,46,24241,买盘
245,14:30:19,5.26,--,2,1052,卖盘
246,14:30:09,5.26,--,5,3077,卖盘
247,14:30:04,5.26,--,16,8416,卖盘
248,14:29:59,5.26,--,5,2961,卖盘
249,14:29:49,5.26,--,302,158852,卖盘
250,14:29:38,5.26,--,8,4208,卖盘
251,14:29:34,5.26,--,25,13150,卖盘
252,14:29:19,5.26,--,15,8016,卖盘
253,14:29:03,5.26,--,22,12087,卖盘
254,14:28:54,5.26,--,60,31560,卖盘
255,14:28:48,5.26,--,4,2104,卖盘
256,14:28:44,5.26,--,112,58912,卖盘
257,14:28:32,5.26,--,3,1578,卖盘
258,14:28:29,5.26,--,5,2630,卖盘
259,14:28:17,5.26,--,102,53652,卖盘
260,14:28:14,5.26,--,106,55756,卖盘
261,14:28:08,5.26,--,3005,1581077,卖盘
262,14:28:03,5.26,--,20,10520,卖盘
263,14:27:59,5.26,--,16,8484,卖盘
264,14:27:53,5.26,--,100,52600,卖盘
265,14:27:48,5.26,--,223,117298,卖盘
266,14:27:44,5.26,--,33,17358,卖盘
267,14:27:38,5.26,--,23,12103,卖盘
268,14:27:29,5.26,--,2,1052,卖盘
269,14:27:17,5.26,--,9,5181,卖盘
270,14:27:14,5.26,--,3,1578,卖盘
271,14:27:09,5.26,--,2,1052,卖盘
272,14:27:02,5.26,--,60,31623,卖盘
273,14:26:54,5.26,--,20,10520,卖盘
274,14:26:44,5.26,--,2,1052,卖盘
275,14:26:38,5.26,--,3,1578,卖盘
276,14:26:18,5.26,--,5,3077,卖盘
277,14:26:14,5.26,--,20,10520,卖盘
278,14:26:08,5.26,--,45,23738,卖盘
279,14:25:58,5.26,--,1,526,卖盘
280,14:25:47,5.26,-0.01,47,24722,卖盘
281,14:25:38,5.27,0.01,4,2108,买盘
282,14:25:23,5.26,--,17,8942,卖盘
283,14:25:18,5.26,--,220,115720,卖盘
284,14:25:13,5.26,--,5,3071,卖盘
285,14:25:02,5.26,--,121,63709,卖盘
286,14:24:43,5.26,--,11,5791,卖盘
287,14:24:38,5.26,--,157,82582,卖盘
288,14:24:32,5.26,--,61,32086,卖盘
289,14:24:28,5.26,--,50,26300,卖盘
290,14:24:17,5.26,--,5,3077,卖盘
291,14:24:08,5.26,--,62,32680,卖盘
292,14:24:02,5.26,--,20,10520,卖盘
293,14:23:47,5.26,--,3,1578,卖盘
294,14:23:23,5.26,--,10,5707,卖盘
295,14:23:13,5.26,--,20,10520,卖盘
296,14:23:08,5.26,-0.01,26,13744,卖盘
297,14:22:43,5.27,--,15,7904,买盘
298,14:22:38,5.27,--,13,6850,买盘
299,14:22:26,5.27,0.01,12,6771,买盘
300,14:22:17,5.26,-0.01,16,8479,卖盘
301,14:22:02,5.27,0.01,61,32146,买盘
302,14:21:56,5.26,--,50,26300,卖盘
303,14:21:53,5.26,--,25,13150,卖盘
304,14:21:32,5.26,--,3,1862,卖盘
305,14:21:26,5.26,-0.01,6,3603,卖盘
306,14:21:23,5.27,--,2,1054,买盘
307,14:21:17,5.27,--,27,14297,买盘
308,14:21:11,5.27,0.01,59,31092,买盘
309,14:21:08,5.26,-0.01,3,1578,卖盘
310,14:21:02,5.27,--,1,527,买盘
311,14:20:47,5.27,0.01,104,54807,买盘
312,14:20:38,5.26,--,747,392922,卖盘
313,14:20:32,5.26,--,1168,614368,卖盘
314,14:20:26,5.26,--,8,4655,卖盘
315,14:20:11,5.26,-0.01,16,8479,卖盘
316,14:19:53,5.27,--,8,4216,买盘
317,14:19:47,5.27,0.01,3,1580,买盘
318,14:19:26,5.26,--,5,3077,卖盘
319,14:19:17,5.26,-0.01,944,496612,卖盘
320,14:19:11,5.27,0.01,8,4216,买盘
321,14:19:07,5.26,-0.01,8,4208,卖盘
322,14:19:02,5.27,0.01,68,35836,买盘
323,14:18:47,5.26,-0.01,26,13676,卖盘
324,14:18:41,5.27,0.01,95,50064,买盘
325,14:18:32,5.26,--,6,3156,卖盘
326,14:18:26,5.26,--,305,160871,卖盘
327,14:18:17,5.26,--,106,55819,卖盘
328,14:18:11,5.26,--,37,19462,卖盘
329,14:18:02,5.26,--,100,52600,卖盘
330,14:17:47,5.26,--,15,7890,卖盘
331,14:17:37,5.26,-0.01,37,19961,卖盘
332,14:17:32,5.27,0.01,13,6850,买盘
333,14:17:26,5.26,--,601,316573,卖盘
334,14:17:22,5.26,--,16,8484,卖盘
335,14:17:17,5.26,--,326,171476,卖盘
336,14:17:11,5.26,-0.01,29,15254,卖盘
337,14:17:02,5.27,--,23,12120,买盘
338,14:16:56,5.27,0.01,10,5270,买盘
339,14:16:47,5.26,-0.01,1,526,卖盘
340,14:16:41,5.27,--,1,527,买盘
341,14:16:37,5.27,0.01,133,70091,买盘
342,14:16:32,5.26,--,5,3077,卖盘
343,14:16:26,5.26,--,116,61084,卖盘
344,14:16:16,5.26,--,27,14202,卖盘
345,14:16:11,5.26,-0.01,12,6312,卖盘
346,14:16:07,5.27,0.01,304,160208,买盘
347,14:15:35,5.26,-0.01,5,3077,卖盘
348,14:15:31,5.27,--,20,10540,买盘
349,14:15:26,5.27,--,289,152366,买盘
350,14:15:20,5.27,0.01,1,527,买盘
351,14:15:16,5.26,--,14,7364,卖盘
352,14:15:11,5.26,-0.01,5,2630,卖盘
353,14:15:01,5.27,0.01,1,527,买盘
354,14:14:56,5.26,-0.01,118,62068,卖盘
355,14:14:50,5.27,--,1,527,买盘
356,14:14:46,5.27,--,27,14228,买盘
357,14:14:41,5.27,0.01,1,527,买盘
358,14:14:35,5.26,-0.01,6,3603,卖盘
359,14:14:31,5.27,--,1,527,买盘
360,14:14:26,5.27,--,1,527,买盘
361,14:14:20,5.27,0.01,18,9554,买盘
362,14:14:17,5.26,0.01,105,55230,卖盘
363,14:14:11,5.25,-0.01,1211,635775,卖盘
364,14:14:01,5.26,--,20,10520,卖盘
365,14:13:56,5.26,0.01,47,24722,买盘
366,14:13:46,5.25,-0.01,14,7350,卖盘
367,14:13:41,5.26,0.01,57,29982,买盘
368,14:13:35,5.25,-0.01,6,3596,卖盘
369,14:13:26,5.26,-0.01,43,22681,中性盘
370,14:13:16,5.27,0.01,80,42160,买盘
371,14:13:05,5.26,--,208,109408,买盘
372,14:12:56,5.26,--,1,526,买盘
373,14:12:50,5.26,--,20,10520,买盘
374,14:12:41,5.26,0.01,126,66276,买盘
375,14:12:35,5.25,-0.01,5,3071,卖盘
376,14:12:31,5.26,0.01,17,9010,买盘
377,14:12:16,5.25,-0.01,14,7350,卖盘
378,14:12:05,5.26,--,845,444938,买盘
379,14:12:01,5.26,0.01,47,24722,买盘
380,14:11:56,5.25,-0.01,206,108150,卖盘
381,14:11:50,5.26,0.01,2,1052,买盘
382,14:11:46,5.25,-0.01,27,14175,卖盘
383,14:11:41,5.26,0.01,7,4129,买盘
384,14:11:35,5.25,-0.01,16,8468,卖盘
385,14:11:20,5.26,0.01,1,526,买盘
386,14:11:05,5.25,--,1,525,卖盘
387,14:10:46,5.25,--,27,14175,卖盘
388,14:10:41,5.25,-0.01,15,7875,卖盘
389,14:10:35,5.26,--,0,0,中性盘
390,14:10:26,5.26,--,0,0,买盘
391,14:10:20,5.26,--,44,23144,买盘
392,14:10:11,5.26,-0.01,1865,981000,卖盘
393,14:09:56,5.27,0.01,32,16864,买盘
394,14:09:46,5.26,--,16,8416,卖盘
395,14:09:40,5.26,--,5,3077,卖盘
396,14:09:35,5.26,--,32,16832,卖盘
397,14:09:31,5.26,--,26,13744,卖盘
398,14:09:25,5.26,--,80,42080,卖盘
399,14:09:14,5.26,--,251,132026,卖盘
400,14:09:10,5.26,--,64,33664,卖盘
401,14:09:05,5.26,--,820,431320,买盘
402,14:08:50,5.26,--,633,332973,卖盘
403,14:08:44,5.26,--,1286,676946,买盘
404,14:08:40,5.26,--,154,81466,卖盘
405,14:08:35,5.26,--,56,29519,卖盘
406,14:08:29,5.26,--,232,122032,卖盘
407,14:08:25,5.26,--,221,116246,卖盘
408,14:08:20,5.26,-0.01,539,283514,卖盘
409,14:08:14,5.27,0.01,72,37944,买盘
410,14:08:10,5.26,--,10,5260,买盘
411,14:08:05,5.26,--,17,8942,买盘
412,14:07:50,5.26,0.01,18,9468,卖盘
413,14:07:44,5.25,--,5,3071,卖盘
414,14:07:35,5.25,--,50,26318,卖盘
415,14:07:29,5.25,-0.01,60,31500,卖盘
416,14:07:14,5.26,--,146,76796,买盘
417,14:06:59,5.26,--,3,1578,买盘
418,14:06:55,5.26,--,1,526,买盘
419,14:06:50,5.26,0.01,2,1052,买盘
420,14:06:44,5.25,-0.01,5,2625,卖盘
421,14:06:40,5.26,0.01,3,1578,买盘
422,14:06:35,5.25,--,17,8988,卖盘
423,14:06:29,5.25,-0.01,254,133350,卖盘
424,14:06:20,5.26,--,34,17884,买盘
425,14:06:14,5.26,0.01,46,24196,买盘
426,14:06:10,5.25,-0.01,4,2100,卖盘
427,14:05:59,5.26,--,151,79426,中性盘
428,14:05:50,5.26,--,1123,590698,买盘
429,14:05:44,5.26,0.01,50,26368,买盘
430,14:05:35,5.25,-0.01,40,21000,卖盘
431,14:05:29,5.26,--,155,81530,买盘
432,14:05:14,5.26,--,32,16832,买盘
433,14:04:59,5.26,--,63,33138,买盘
434,14:04:55,5.26,0.01,151,79426,买盘
435,14:04:50,5.25,--,50,26250,卖盘
436,14:04:40,5.25,-0.01,16,8468,卖盘
437,14:04:29,5.26,0.01,201,105726,买盘
438,14:04:20,5.25,--,21,11025,卖盘
439,14:04:14,5.25,-0.01,2,1050,卖盘
440,14:04:05,5.26,0.01,60,31560,买盘
441,14:03:59,5.25,--,27,14175,卖盘
442,14:03:44,5.25,-0.01,18,9513,卖盘
443,14:03:35,5.26,--,3,1578,买盘
444,14:03:29,5.26,--,1005,528630,买盘
445,14:03:25,5.26,0.01,9,4734,买盘
446,14:03:14,5.25,-0.01,46,24150,卖盘
447,14:03:05,5.26,--,916,482268,卖盘
448,14:02:59,5.26,--,285,149983,买盘
449,14:02:50,5.26,0.01,73,38398,买盘
450,14:02:44,5.25,-0.01,27,14243,卖盘
451,14:02:29,5.26,--,36,18936,买盘
452,14:02:14,5.26,--,1,526,买盘
453,14:01:59,5.26,--,62,32612,买盘
454,14:01:44,5.26,0.01,23,12161,买盘
455,14:01:38,5.25,-0.01,501,263025,卖盘
456,14:01:34,5.26,--,10,5260,买盘
457,14:01:29,5.26,0.01,531,279306,买盘
458,14:01:19,5.25,-0.01,4,2100,卖盘
459,14:01:04,5.26,0.01,1,526,买盘
460,14:00:59,5.25,--,27,14175,卖盘
461,14:00:49,5.25,-0.01,140,73568,卖盘
462,14:00:44,5.26,0.01,158,83108,买盘
463,14:00:38,5.25,--,53,27825,卖盘
464,14:00:34,5.25,--,1021,536025,卖盘
465,14:00:29,5.25,--,40,21000,卖盘
466,14:00:23,5.25,--,489,256725,卖盘
467,14:00:19,5.25,--,843,443042,卖盘
468,14:00:14,5.25,--,221,116445,卖盘
469,14:00:08,5.25,-0.01,193,101325,卖盘
470,13:59:59,5.26,0.01,20,10520,买盘
471,13:59:53,5.25,-0.01,187,98175,卖盘
472,13:59:29,5.26,0.01,54,28404,买盘
473,13:59:23,5.25,--,2,1050,卖盘
474,13:59:19,5.25,--,25,13125,卖盘
475,13:59:14,5.25,--,60,31500,卖盘
476,13:59:04,5.25,--,430,225750,卖盘
477,13:58:59,5.25,-0.01,7,3675,卖盘
478,13:58:49,5.26,--,4764,2505864,卖盘
479,13:58:44,5.26,--,1545,812670,卖盘
480,13:58:23,5.26,--,20,10520,卖盘
481,13:58:14,5.26,--,89,46814,卖盘
482,13:58:08,5.26,--,588,309288,卖盘
483,13:58:04,5.26,--,539,283514,卖盘
484,13:57:59,5.26,--,263,138338,卖盘
485,13:57:49,5.26,--,55,28930,卖盘
486,13:57:38,5.26,--,407,214082,卖盘
487,13:57:34,5.26,--,338,177788,卖盘
488,13:57:23,5.26,--,499,262474,卖盘
489,13:57:19,5.26,--,1326,697476,买盘
490,13:57:08,5.26,--,37,19462,买盘
491,13:57:04,5.26,--,10,5260,买盘
492,13:56:59,5.26,--,1,526,买盘
493,13:56:44,5.26,--,18,9468,买盘
494,13:56:38,5.26,0.01,100,52600,买盘
495,13:56:34,5.25,-0.01,6,3150,卖盘
496,13:56:29,5.26,--,10,5260,买盘
497,13:56:23,5.26,--,6,3156,买盘
498,13:56:14,5.26,--,7,3682,买盘
499,13:56:08,5.26,--,20,10520,买盘
500,13:55:44,5.26,0.01,45,23670,买盘
501,13:55:38,5.25,--,2500,1312500,卖盘
502,13:55:29,5.25,-0.01,58,30450,卖盘
503,13:55:23,5.26,0.01,1,526,买盘
504,13:55:14,5.25,-0.01,11,5780,卖盘
505,13:55:02,5.26,0.01,26,13676,买盘
506,13:54:47,5.25,-0.01,1,525,卖盘
507,13:54:38,5.26,--,500,263000,买盘
508,13:54:23,5.26,--,10,5260,买盘
509,13:54:17,5.26,--,2,1052,买盘
510,13:54:13,5.26,0.01,23,12098,买盘
511,13:53:53,5.25,--,15,7875,卖盘
512,13:53:32,5.25,-0.01,7,3675,卖盘
513,13:53:28,5.26,0.01,1,526,买盘
514,13:53:23,5.25,--,36,18900,卖盘
515,13:53:17,5.25,--,25,13125,卖盘
516,13:53:13,5.25,--,12,6300,卖盘
517,13:53:08,5.25,-0.01,86,45150,卖盘
518,13:53:02,5.26,0.01,48,25248,买盘
519,13:52:58,5.25,-0.01,7,3675,卖盘
520,13:52:53,5.26,--,427,224602,买盘
521,13:52:43,5.26,--,10,5260,买盘
522,13:52:38,5.26,--,5,2630,买盘
523,13:52:23,5.26,--,145,76270,买盘
524,13:52:13,5.26,0.01,281,147806,买盘
525,13:52:08,5.25,-0.01,475,249375,卖盘
526,13:52:02,5.26,--,3,1578,买盘
527,13:51:58,5.26,--,50,26300,买盘
528,13:51:47,5.26,0.01,33,17358,买盘
529,13:51:38,5.25,-0.01,2,1050,卖盘
530,13:51:32,5.26,--,102,53652,买盘
531,13:51:23,5.26,--,140,73640,买盘
532,13:51:17,5.26,--,20,10520,买盘
533,13:51:08,5.26,--,4,2104,买盘
534,13:51:02,5.26,--,2,1052,买盘
535,13:50:58,5.26,--,11,5786,买盘
536,13:50:53,5.26,--,64,33664,买盘
537,13:50:47,5.26,--,145,76270,买盘
538,13:50:38,5.26,--,100,52600,买盘
539,13:50:32,5.26,--,35,18410,买盘
540,13:50:23,5.26,--,100,52600,买盘
541,13:50:02,5.26,--,6,3156,买盘
542,13:49:47,5.26,--,50,26300,买盘
543,13:49:43,5.26,--,8,4208,买盘
544,13:49:38,5.26,--,330,173580,买盘
545,13:49:32,5.26,--,42,22092,买盘
546,13:49:23,5.26,--,10,5260,买盘
547,13:49:17,5.26,--,49,25774,买盘
548,13:49:02,5.26,0.01,7,3682,买盘
549,13:48:56,5.25,--,5,2625,卖盘
550,13:48:53,5.25,--,110,57750,卖盘
551,13:48:38,5.25,-0.01,4,2100,卖盘
552,13:48:32,5.26,--,9,4734,买盘
553,13:48:23,5.26,--,40,21040,买盘
554,13:48:11,5.26,--,5,2630,买盘
555,13:48:02,5.26,--,2,1052,买盘
556,13:47:32,5.26,0.01,68,35768,买盘
557,13:47:02,5.25,--,2,1050,卖盘
558,13:46:47,5.25,-0.01,59,30975,卖盘
559,13:46:41,5.26,--,13,6838,买盘
560,13:46:32,5.26,--,169,88894,买盘
561,13:46:26,5.26,--,74,38924,买盘
562,13:46:22,5.26,--,20,10520,买盘
563,13:46:17,5.26,--,36,18936,买盘
564,13:46:11,5.26,--,3,1578,买盘
565,13:46:02,5.26,--,4,2104,买盘
566,13:45:56,5.26,--,40,21040,买盘
567,13:45:52,5.26,--,100,52600,买盘
568,13:45:41,5.26,--,9,4734,买盘
569,13:45:26,5.26,--,3,1578,买盘
570,13:45:17,5.26,0.01,300,157800,买盘
571,13:45:07,5.25,-0.01,161,84525,卖盘
572,13:45:02,5.26,--,60,31560,买盘
573,13:44:52,5.26,0.01,1,526,买盘
574,13:44:47,5.25,-0.01,201,105525,卖盘
575,13:44:41,5.26,--,500,263000,买盘
576,13:44:32,5.26,--,21,11046,买盘
577,13:44:17,5.26,--,59,31055,卖盘
578,13:44:11,5.26,--,160,84664,买盘
579,13:44:02,5.26,--,70,36820,买盘
580,13:43:56,5.26,--,200,105200,买盘
581,13:43:47,5.26,--,142,74692,买盘
582,13:43:41,5.26,--,34,17884,买盘
583,13:43:37,5.26,--,53,27878,买盘
584,13:43:32,5.26,--,8,4208,买盘
585,13:43:26,5.26,--,266,139916,买盘
586,13:43:17,5.26,--,100,52600,买盘
587,13:43:11,5.26,--,20,10520,买盘
588,13:43:07,5.26,--,10,5260,买盘
589,13:43:02,5.26,--,513,269838,买盘
590,13:42:56,5.26,--,61,32086,买盘
591,13:42:52,5.26,0.01,240,126240,买盘
592,13:42:47,5.25,-0.01,32,16800,卖盘
593,13:42:41,5.26,--,300,157800,买盘
594,13:42:32,5.26,--,2,1052,买盘
595,13:42:26,5.26,--,16,8416,买盘
596,13:42:17,5.26,--,50,26300,买盘
597,13:42:11,5.26,--,22,11572,买盘
598,13:42:02,5.26,--,361,189886,买盘
599,13:41:56,5.26,--,4099,2156074,买盘
600,13:41:52,5.26,--,32,16832,买盘
601,13:41:47,5.26,--,20,10520,买盘
602,13:41:41,5.26,--,6,3156,买盘
603,13:41:26,5.26,--,730,384001,卖盘
604,13:41:17,5.26,--,6010,3161260,卖盘
605,13:41:02,5.26,--,9010,4739260,卖盘
606,13:40:47,5.26,-0.01,1,526,卖盘
607,13:40:35,5.27,--,19,10013,买盘
608,13:40:20,5.27,--,11,5796,买盘
609,13:40:16,5.27,0.01,422,222393,买盘
610,13:40:11,5.26,--,55,28930,卖盘
611,13:40:05,5.26,--,20,10520,卖盘
612,13:40:01,5.26,--,46,24196,卖盘
613,13:39:56,5.26,--,1,526,卖盘
614,13:39:50,5.26,--,80,42080,卖盘
615,13:39:47,5.26,--,1,526,卖盘
616,13:39:35,5.26,--,43,22618,卖盘
617,13:39:26,5.26,-0.01,151,79426,卖盘
618,13:39:20,5.27,0.01,17,8959,买盘
619,13:39:16,5.26,--,81,42606,卖盘
620,13:39:05,5.26,-0.01,189,99414,卖盘
621,13:39:01,5.27,0.01,68,35836,买盘
622,13:38:56,5.26,--,146,76796,卖盘
623,13:38:50,5.26,--,1,526,卖盘
624,13:38:41,5.26,--,151,79426,卖盘
625,13:38:35,5.26,--,100,52600,卖盘
626,13:38:20,5.26,-0.01,588,309288,卖盘
627,13:38:05,5.27,--,7,3688,买盘
628,13:37:56,5.27,--,132,69564,买盘
629,13:37:50,5.27,--,12,6323,买盘
630,13:37:35,5.27,--,200,105399,买盘
631,13:36:56,5.27,--,97,51118,买盘
632,13:36:50,5.27,--,50,26349,买盘
633,13:36:26,5.27,--,87,45848,买盘
634,13:36:10,5.27,--,58,30565,买盘
635,13:36:05,5.27,--,2,1054,买盘
636,13:35:55,5.27,0.01,75,39525,买盘
637,13:35:50,5.26,-0.01,32,16832,卖盘
638,13:35:35,5.27,--,1,527,买盘
639,13:35:20,5.27,0.01,24,12647,买盘
640,13:35:05,5.26,-0.01,20,10520,卖盘
641,13:34:55,5.27,--,139,73253,买盘
642,13:34:50,5.27,0.01,11,5796,买盘
643,13:34:46,5.26,--,2,1052,卖盘
644,13:34:31,5.26,-0.01,11,5786,卖盘
645,13:34:25,5.27,--,12,6323,买盘
646,13:34:20,5.27,0.01,20,10540,买盘
647,13:34:10,5.26,--,16,8416,卖盘
648,13:33:55,5.26,--,5,2630,卖盘
649,13:33:50,5.26,-0.01,73,38398,卖盘
650,13:33:35,5.27,0.01,66,34782,买盘
651,13:33:25,5.26,-0.01,1,526,卖盘
652,13:33:20,5.27,--,72,37944,买盘
653,13:33:10,5.27,0.01,11,5796,买盘
654,13:32:55,5.26,--,11,5786,卖盘
655,13:32:50,5.26,-0.01,202,106536,卖盘
656,13:32:40,5.27,--,368,193935,卖盘
657,13:32:35,5.27,--,50,26349,卖盘
658,13:32:20,5.27,--,6,3161,卖盘
659,13:32:14,5.27,--,260,137020,卖盘
660,13:32:10,5.27,--,53,27930,卖盘
661,13:31:59,5.27,--,10,5270,卖盘
662,13:31:55,5.27,--,2,1054,卖盘
663,13:31:50,5.27,--,21,11067,卖盘
664,13:31:44,5.27,--,25,13174,卖盘
665,13:31:40,5.27,-0.01,16,8432,卖盘
666,13:31:35,5.28,0.01,135,71280,买盘
667,13:31:20,5.27,--,2,1054,卖盘
668,13:31:10,5.27,-0.01,42,22134,卖盘
669,13:31:05,5.28,0.01,9,4752,买盘
670,13:30:55,5.27,--,2,1054,卖盘
671,13:30:50,5.27,-0.01,2206,1162562,卖盘
672,13:30:44,5.28,--,402,212256,买盘
673,13:30:40,5.28,0.01,200,105600,买盘
674,13:30:35,5.27,-0.01,30,15809,卖盘
675,13:30:25,5.28,0.01,23,12144,买盘
676,13:30:10,5.27,--,40,21080,卖盘
677,13:29:55,5.27,--,2,1054,卖盘
678,13:29:50,5.27,--,21,11067,卖盘
679,13:29:35,5.27,-0.01,8,4216,卖盘
680,13:29:29,5.28,0.01,20,10560,买盘
681,13:29:25,5.27,--,194,102237,卖盘
682,13:29:14,5.27,--,444,233987,卖盘
683,13:29:10,5.27,--,55,28984,卖盘
684,13:28:54,5.27,-0.01,1,527,卖盘
685,13:28:49,5.28,--,408,215424,买盘
686,13:28:34,5.28,0.01,9,4752,买盘
687,13:28:29,5.27,--,105,55334,卖盘
688,13:28:25,5.27,--,2,1054,卖盘
689,13:28:19,5.27,--,4,2108,卖盘
690,13:28:14,5.27,--,9,4743,卖盘
691,13:27:59,5.27,--,5,2635,卖盘
692,13:27:49,5.27,-0.01,3,1580,卖盘
693,13:27:44,5.28,--,75,39600,买盘
694,13:27:34,5.28,0.01,10,5280,买盘
695,13:27:19,5.27,--,21,11067,卖盘
696,13:26:54,5.27,-0.01,2,1054,卖盘
697,13:26:49,5.28,--,101,53328,买盘
698,13:26:44,5.28,0.01,10,5280,买盘
699,13:26:39,5.27,-0.01,4,2108,卖盘
700,13:26:29,5.28,--,151,79728,买盘
701,13:26:19,5.28,--,410,216480,买盘
702,13:26:04,5.28,--,1,528,买盘
703,13:25:59,5.28,0.01,89,46992,买盘
704,13:25:49,5.27,-0.01,1,527,卖盘
705,13:25:44,5.28,--,24,12672,买盘
706,13:25:23,5.28,0.01,1,528,买盘
707,13:25:19,5.27,--,1,527,卖盘
708,13:25:14,5.27,-0.01,220,115939,卖盘
709,13:25:08,5.28,0.01,1,528,买盘
710,13:24:59,5.27,--,11,5796,卖盘
711,13:24:49,5.27,-0.01,83,43741,卖盘
712,13:24:44,5.28,--,10,5280,买盘
713,13:24:34,5.28,0.01,63,33264,买盘
714,13:24:04,5.27,--,63,33201,卖盘
715,13:23:59,5.27,--,2,1054,卖盘
716,13:23:53,5.27,--,119,62712,卖盘
717,13:23:49,5.27,-0.01,7,3688,卖盘
718,13:23:44,5.28,0.01,3,1584,买盘
719,13:23:38,5.27,--,176,92878,卖盘
720,13:23:34,5.27,-0.01,10,5270,卖盘
721,13:22:53,5.28,0.01,125,66000,买盘
722,13:22:49,5.27,--,21,11067,卖盘
723,13:22:38,5.27,--,3,1580,卖盘
724,13:22:08,5.27,-0.01,129,67983,卖盘
725,13:21:58,5.28,0.01,20,10560,买盘
726,13:21:53,5.27,--,7,3688,卖盘
727,13:21:48,5.27,-0.01,1,527,卖盘
728,13:21:43,5.28,0.01,16,8448,买盘
729,13:21:28,5.27,-0.01,16,8432,卖盘
730,13:21:08,5.28,--,21,11088,买盘
731,13:20:53,5.28,0.01,75,39600,买盘
732,13:20:48,5.27,-0.01,3,1580,卖盘
733,13:20:43,5.28,--,1,528,买盘
734,13:20:33,5.28,0.01,5,2640,买盘
735,13:20:28,5.27,--,23,12120,卖盘
736,13:20:13,5.27,--,38,20026,卖盘
737,13:20:08,5.27,--,492,259399,买盘
738,13:19:58,5.27,--,8,4216,买盘
739,13:19:53,5.27,0.01,103,54280,买盘
740,13:19:48,5.26,-0.01,1,526,卖盘
741,13:19:43,5.27,--,45,23714,买盘
742,13:19:23,5.27,--,10,5270,买盘
743,13:19:13,5.27,--,12,6323,买盘
744,13:19:08,5.27,0.01,79,41633,买盘
745,13:18:47,5.26,-0.01,76,39976,卖盘
746,13:18:43,5.27,--,203,107392,卖盘
747,13:18:38,5.27,-0.01,5,2635,卖盘
748,13:18:13,5.28,0.01,39,20592,买盘
749,13:18:08,5.27,-0.01,25,13174,卖盘
750,13:17:53,5.28,0.01,79,41712,买盘
751,13:17:47,5.27,-0.01,1,527,卖盘
752,13:17:43,5.28,0.01,174,91872,买盘
753,13:17:38,5.27,-0.01,2,1054,卖盘
754,13:17:23,5.28,0.01,52,27572,买盘
755,13:17:13,5.27,--,38,20026,卖盘
756,13:16:58,5.27,-0.01,8,4216,卖盘
757,13:16:47,5.28,--,1,528,买盘
758,13:16:43,5.28,--,0,0,买盘
759,13:16:38,5.28,0.02,114,60192,买盘
760,13:16:32,5.26,-0.01,151,79426,卖盘
761,13:16:23,5.27,--,79,41633,卖盘
762,13:16:17,5.27,-0.01,11,5796,卖盘
763,13:16:08,5.28,0.01,36,19008,买盘
764,13:16:02,5.27,--,185,97494,买盘
765,13:15:53,5.27,0.01,35,18560,买盘
766,13:15:47,5.26,-0.01,2,1052,卖盘
767,13:15:38,5.27,0.01,138,72726,买盘
768,13:15:32,5.26,-0.01,500,263000,卖盘
769,13:15:17,5.27,--,98,51645,买盘
770,13:14:57,5.27,--,5,2635,买盘
771,13:14:52,5.27,0.01,136,71672,买盘
772,13:14:47,5.26,-0.01,7,3682,卖盘
773,13:14:42,5.27,--,79,41633,买盘
774,13:14:37,5.27,--,84,44268,买盘
775,13:14:22,5.27,--,698,367845,买盘
776,13:13:52,5.27,0.01,2,1054,买盘
777,13:13:47,5.26,--,2,1052,卖盘
778,13:13:32,5.26,-0.01,12,6653,卖盘
779,13:13:27,5.27,--,1,527,买盘
780,13:13:22,5.27,--,162,85374,买盘
781,13:13:02,5.27,0.01,30,15809,买盘
782,13:12:52,5.26,--,40,21040,卖盘
783,13:12:47,5.26,-0.01,9,4734,卖盘
784,13:12:42,5.27,0.01,1,527,买盘
785,13:12:37,5.26,--,38,19988,卖盘
786,13:12:27,5.26,--,16,8416,卖盘
787,13:12:22,5.26,--,8,4208,卖盘
788,13:12:17,5.26,-0.01,8,4208,卖盘
789,13:12:07,5.27,--,18,9486,买盘
790,13:11:57,5.27,--,40,21080,买盘
791,13:11:52,5.27,--,465,245054,卖盘
792,13:11:42,5.27,--,27,14228,卖盘
793,13:11:37,5.27,--,52,27403,卖盘
794,13:11:32,5.27,--,24,12647,卖盘
795,13:11:27,5.27,-0.01,600,316200,卖盘
796,13:11:22,5.28,0.01,110,58080,买盘
797,13:11:07,5.27,--,8,4216,卖盘
798,13:10:52,5.27,--,100,52699,卖盘
799,13:10:47,5.27,--,101,53226,卖盘
800,13:10:07,5.27,-0.01,360,189719,卖盘
801,13:10:02,5.28,0.01,10,5280,买盘
802,13:09:47,5.27,-0.01,1,527,卖盘
803,13:09:37,5.28,0.01,36,19008,买盘
804,13:09:32,5.27,-0.01,200,105399,卖盘
805,13:09:26,5.28,--,20,10560,买盘
806,13:09:11,5.28,0.01,5,2640,买盘
807,13:09:02,5.27,-0.01,19,10013,卖盘
808,13:08:52,5.28,0.01,527,278256,买盘
809,13:08:46,5.27,--,111,58496,卖盘
810,13:08:36,5.27,--,255,134495,买盘
811,13:08:31,5.27,--,2,1054,买盘
812,13:08:26,5.27,--,100,52699,买盘
813,13:08:21,5.27,--,132,69564,买盘
814,13:08:16,5.27,--,2375,1251625,买盘
815,13:08:11,5.27,--,124,65347,买盘
816,13:08:06,5.27,--,14,7377,买盘
817,13:08:01,5.27,0.01,124,65347,买盘
818,13:07:46,5.26,-0.01,816,429216,卖盘
819,13:07:31,5.27,--,78,41106,买盘
820,13:07:16,5.27,--,26,13701,买盘
821,13:07:11,5.27,--,20,10540,买盘
822,13:07:06,5.27,0.01,20,10540,买盘
823,13:06:56,5.26,--,50,26300,卖盘
824,13:06:46,5.26,--,5,2630,卖盘
825,13:06:41,5.26,-0.01,25,13150,卖盘
826,13:06:36,5.27,--,186,98021,买盘
827,13:06:31,5.27,--,110,57969,买盘
828,13:06:11,5.27,--,1,527,买盘
829,13:06:06,5.27,--,64,33728,买盘
830,13:05:56,5.27,0.01,3,1580,买盘
831,13:05:46,5.26,--,1,526,卖盘
832,13:05:41,5.26,--,17,8942,卖盘
833,13:05:11,5.26,-0.01,44,23144,卖盘
834,13:05:01,5.27,--,129,67983,买盘
835,13:04:56,5.27,0.01,53,27930,买盘
836,13:04:46,5.26,-0.01,1,526,卖盘
837,13:04:36,5.27,--,50,26349,买盘
838,13:04:31,5.27,--,2,1054,买盘
839,13:04:21,5.27,--,20,10540,买盘
840,13:04:01,5.27,--,29,15282,买盘
841,13:03:46,5.27,0.01,22,11593,买盘
842,13:03:41,5.26,-0.01,188,98888,卖盘
843,13:03:31,5.27,0.01,20,10540,买盘
844,13:03:26,5.26,-0.01,1,526,卖盘
845,13:03:16,5.27,--,124,65347,买盘
846,13:03:11,5.27,--,114,60077,买盘
847,13:03:05,5.27,--,27,14228,买盘
848,13:03:01,5.27,--,49,25822,买盘
849,13:02:56,5.27,0.01,28,14755,买盘
850,13:02:46,5.26,-0.01,2,1052,卖盘
851,13:02:31,5.27,--,1,527,买盘
852,13:02:26,5.27,--,175,92224,买盘
853,13:02:16,5.27,--,26,13701,买盘
854,13:02:00,5.27,--,19,10013,买盘
855,13:01:56,5.27,--,1,527,买盘
856,13:01:46,5.27,--,107,56388,买盘
857,13:01:40,5.27,--,50,26349,买盘
858,13:01:35,5.27,--,10,5270,买盘
859,13:01:25,5.27,0.01,20,10540,买盘
860,13:01:10,5.26,-0.01,1,526,卖盘
861,13:01:00,5.27,--,17,8959,买盘
862,13:00:50,5.27,--,65,34255,买盘
863,13:00:40,5.27,--,1794,945437,买盘
864,13:00:25,5.27,0.01,232,122263,买盘
865,13:00:20,5.26,--,20,10520,卖盘
866,13:00:15,5.26,-0.01,150,78900,卖盘
867,13:00:10,5.27,--,372,196043,买盘
868,13:00:05,5.27,--,1250,658750,买盘
869,11:30:00,5.27,--,0,0,买盘
870,11:29:59,5.27,--,0,0,买盘
871,11:29:59,5.27,0.01,32,16864,买盘
872,11:29:56,5.26,--,5,2630,卖盘
873,11:29:45,5.26,--,1,526,卖盘
874,11:29:41,5.26,--,10,5260,卖盘
875,11:29:35,5.26,-0.01,1,526,卖盘
876,11:29:26,5.27,--,1300,685100,买盘
877,11:28:56,5.27,0.01,100,52699,买盘
878,11:28:50,5.26,--,1,526,卖盘
879,11:28:35,5.26,-0.01,50,26300,卖盘
880,11:28:30,5.27,--,104,54807,买盘
881,11:28:20,5.27,0.01,725,382074,买盘
882,11:28:00,5.26,--,10,5260,卖盘
883,11:27:50,5.26,-0.01,1,526,卖盘
884,11:27:30,5.27,--,10,5270,买盘
885,11:27:05,5.27,--,4,2108,买盘
886,11:26:55,5.27,0.01,61,32146,买盘
887,11:26:50,5.26,-0.01,7,3682,卖盘
888,11:26:40,5.27,0.01,280,147560,买盘
889,11:26:35,5.26,-0.01,10,5260,卖盘
890,11:26:15,5.27,0.01,1,527,买盘
891,11:26:10,5.26,--,300,157800,卖盘
892,11:26:00,5.26,-0.01,13,6838,卖盘
893,11:25:35,5.27,--,5,2635,买盘
894,11:25:10,5.27,--,124,65347,买盘
895,11:25:00,5.27,0.01,30,15809,买盘
896,11:24:50,5.26,--,1,526,卖盘
897,11:24:44,5.26,-0.01,3,1578,卖盘
898,11:24:35,5.27,0.01,10,5270,买盘
899,11:24:29,5.26,-0.01,225,118350,卖盘
900,11:24:25,5.27,--,20,10540,买盘
901,11:24:14,5.27,--,16,8432,买盘
902,11:24:10,5.27,0.01,65,34255,买盘
903,11:23:50,5.26,-0.01,1,526,卖盘
904,11:23:10,5.27,0.01,157,82739,买盘
905,11:23:05,5.26,-0.01,50,26300,卖盘
906,11:22:59,5.27,0.01,8,4216,买盘
907,11:22:50,5.26,-0.01,1,526,卖盘
908,11:22:05,5.27,--,30,15809,买盘
909,11:21:44,5.27,--,1,527,买盘
910,11:21:35,5.27,--,124,65347,买盘
911,11:21:14,5.27,--,1,527,买盘
912,11:21:05,5.27,0.01,24,12647,买盘
913,11:20:59,5.26,--,10,5260,卖盘
914,11:20:49,5.26,-0.01,1,526,卖盘
915,11:20:44,5.27,--,52,27403,买盘
916,11:20:24,5.27,--,5,2635,买盘
917,11:19:59,5.27,0.01,26,13701,买盘
918,11:19:54,5.26,--,150,78900,卖盘
919,11:19:49,5.26,--,4,2104,卖盘
920,11:19:44,5.26,-0.01,3,1578,卖盘
921,11:18:54,5.27,0.01,1,527,买盘
922,11:18:49,5.26,-0.01,1,526,卖盘
923,11:18:24,5.27,--,10,5270,买盘
924,11:18:04,5.27,--,15,7904,买盘
925,11:17:59,5.27,--,1,527,买盘
926,11:17:54,5.27,0.01,30,15809,买盘
927,11:17:49,5.26,--,1,526,卖盘
928,11:17:38,5.26,-0.01,20,10520,卖盘
929,11:17:34,5.27,0.01,15,7904,买盘
930,11:17:23,5.26,--,50,26300,卖盘
931,11:17:19,5.26,-0.01,30,15780,卖盘
932,11:17:14,5.27,--,65,34255,买盘
933,11:17:04,5.27,--,20,10540,买盘
934,11:16:59,5.27,--,65,34255,买盘
935,11:16:34,5.27,--,10,5270,买盘
936,11:16:29,5.27,0.01,2,1054,买盘
937,11:16:19,5.26,--,2,1052,卖盘
938,11:16:08,5.26,--,2,1052,卖盘
939,11:16:04,5.26,--,10,5260,卖盘
940,11:15:49,5.26,--,1,526,卖盘
941,11:15:44,5.26,--,600,315600,卖盘
942,11:15:18,5.26,-0.01,37,19462,卖盘
943,11:14:59,5.27,0.01,45,23714,买盘
944,11:14:48,5.26,--,1,526,卖盘
945,11:14:44,5.26,--,3,1578,卖盘
946,11:14:38,5.26,--,10,5260,卖盘
947,11:14:33,5.26,--,25,13265,卖盘
948,11:13:48,5.26,-0.01,14,7364,卖盘
949,11:13:43,5.27,0.01,22,11593,买盘
950,11:13:23,5.26,-0.01,52,27352,卖盘
951,11:12:53,5.27,0.01,20,10540,买盘
952,11:12:18,5.26,--,160,84160,卖盘
953,11:11:53,5.26,--,100,52600,卖盘
954,11:11:48,5.26,--,2,1052,卖盘
955,11:11:38,5.26,--,32,16832,卖盘
956,11:11:28,5.26,-0.01,2,1052,卖盘
957,11:11:18,5.27,--,115,60604,买盘
958,11:11:08,5.27,0.01,10,5270,买盘
959,11:11:02,5.26,-0.01,10,5260,卖盘
960,11:10:58,5.27,0.01,6,3161,买盘
961,11:10:53,5.26,--,13,6838,卖盘
962,11:10:47,5.26,--,3,1578,卖盘
963,11:10:43,5.26,--,4,2104,卖盘
964,11:10:38,5.26,--,52,27352,卖盘
965,11:10:28,5.26,-0.01,106,55756,卖盘
966,11:10:23,5.27,0.01,20,10540,买盘
967,11:10:17,5.26,--,20,10520,卖盘
968,11:10:08,5.26,-0.01,10,5260,卖盘
969,11:10:02,5.27,--,103,54280,买盘
970,11:09:58,5.27,0.01,16,8432,买盘
971,11:09:47,5.26,--,1,526,卖盘
972,11:09:17,5.26,--,11,5786,卖盘
973,11:08:53,5.26,--,1,526,卖盘
974,11:08:47,5.26,--,37,19462,卖盘
975,11:08:38,5.26,-0.01,85,44825,卖盘
976,11:08:23,5.27,0.01,45,23714,买盘
977,11:08:17,5.26,--,122,64172,卖盘
978,11:08:13,5.26,--,30,15780,卖盘
979,11:08:08,5.26,--,114,59964,卖盘
980,11:08:02,5.26,--,100,52600,卖盘
981,11:07:53,5.26,--,36,18936,卖盘
982,11:07:46,5.26,-0.01,48,25248,卖盘
983,11:07:38,5.27,0.01,86,45321,买盘
984,11:07:32,5.26,--,275,144650,卖盘
985,11:07:27,5.26,--,2279,1198754,卖盘
986,11:07:23,5.26,--,619,325594,卖盘
987,11:07:16,5.26,--,17,8942,卖盘
988,11:07:12,5.26,--,17,8942,卖盘
989,11:06:52,5.26,--,25,13265,卖盘
990,11:06:47,5.26,--,26,13676,卖盘
991,11:06:38,5.26,--,1,526,卖盘
992,11:06:32,5.26,-0.01,38,19988,卖盘
993,11:06:17,5.27,--,53,27930,买盘
994,11:06:02,5.27,--,50,26349,买盘
995,11:05:57,5.27,0.01,128,67456,买盘
996,11:05:47,5.26,--,29,15254,卖盘
997,11:05:42,5.26,--,25,13150,卖盘
998,11:05:27,5.26,--,4,2104,卖盘
999,11:05:22,5.26,--,24,12624,卖盘
1000,11:05:12,5.26,--,199,104674,卖盘
1001,11:05:01,5.26,-0.01,5,2630,卖盘
1002,11:04:57,5.27,--,410,216069,买盘
1003,11:04:46,5.27,--,65,34255,买盘
1004,11:04:37,5.27,--,65,34255,买盘
1005,11:04:32,5.27,--,233,122790,买盘
1006,11:04:26,5.27,0.01,2,1054,买盘
1007,11:04:22,5.26,-0.01,410,215660,卖盘
1008,11:04:10,5.27,--,40,21080,买盘
1009,11:04:07,5.27,--,145,76415,买盘
1010,11:04:02,5.27,--,1,527,买盘
1011,11:03:56,5.27,0.01,472,248743,买盘
1012,11:03:46,5.26,--,1,526,卖盘
1013,11:03:16,5.26,-0.01,43,22618,卖盘
1014,11:03:10,5.27,0.01,10,5270,买盘
1015,11:03:01,5.26,-0.01,1,526,卖盘
1016,11:02:55,5.27,--,1,527,买盘
1017,11:02:47,5.27,0.01,65,34255,买盘
1018,11:02:25,5.26,-0.01,1,526,卖盘
1019,11:01:55,5.27,0.01,63,33201,买盘
1020,11:01:46,5.26,-0.01,26,13676,卖盘
1021,11:01:40,5.27,--,10,5270,买盘
1022,11:01:31,5.27,--,6,3161,买盘
1023,11:01:25,5.27,0.01,1,527,买盘
1024,11:01:16,5.26,-0.01,50,26300,卖盘
1025,11:01:10,5.27,0.01,300,158100,买盘
1026,11:00:46,5.26,-0.01,50,26300,卖盘
1027,11:00:40,5.27,--,72,37944,买盘
1028,11:00:31,5.27,--,65,34255,买盘
1029,11:00:10,5.27,--,50,26349,买盘
1030,11:00:06,5.27,--,124,65347,买盘
1031,10:59:55,5.27,0.01,6,3161,买盘
1032,10:59:46,5.26,-0.01,41,21566,卖盘
1033,10:59:40,5.27,--,124,65347,买盘
1034,10:59:31,5.27,--,50,26349,买盘
1035,10:59:16,5.27,--,4,2108,买盘
1036,10:59:10,5.27,--,14,7377,买盘
1037,10:58:55,5.27,--,120,63239,买盘
1038,10:58:46,5.27,--,136,71672,买盘
1039,10:58:25,5.27,0.01,15,7904,买盘
1040,10:58:16,5.26,-0.01,55,28930,卖盘
1041,10:58:06,5.27,--,82,43214,买盘
1042,10:57:51,5.27,0.01,17,8959,买盘
1043,10:57:40,5.26,--,12,6312,卖盘
1044,10:57:34,5.26,-0.01,9,4734,卖盘
1045,10:57:25,5.27,0.01,17,8959,买盘
1046,10:57:16,5.26,--,6,3156,卖盘
1047,10:57:10,5.26,-0.01,3,1578,卖盘
1048,10:56:55,5.27,0.01,10,5270,买盘
1049,10:56:40,5.26,--,26,13676,卖盘
1050,10:56:25,5.26,--,2,1052,卖盘
1051,10:56:10,5.26,--,13,6838,卖盘
1052,10:56:04,5.26,--,50,26300,卖盘
1053,10:55:49,5.26,--,4,2104,卖盘
1054,10:55:25,5.26,-0.01,2,1052,卖盘
1055,10:55:19,5.27,--,65,34255,买盘
1056,10:55:10,5.27,--,40,21080,买盘
1057,10:55:01,5.27,0.01,2,1054,买盘
1058,10:54:49,5.26,-0.01,1,526,卖盘
1059,10:54:40,5.27,--,178,93805,买盘
1060,10:54:25,5.27,--,117,61658,买盘
1061,10:54:16,5.27,--,124,65347,买盘
1062,10:53:55,5.27,--,15,7904,买盘
1063,10:53:49,5.27,--,36,18972,买盘
1064,10:53:40,5.27,0.01,15,7904,买盘
1065,10:53:34,5.26,--,182,95926,卖盘
1066,10:53:19,5.26,--,150,78900,卖盘
1067,10:53:10,5.26,--,108,56808,卖盘
1068,10:53:04,5.26,--,1,526,卖盘
1069,10:52:49,5.26,-0.01,1,526,卖盘
1070,10:52:34,5.27,--,10,5270,买盘
1071,10:52:30,5.27,--,20,10540,买盘
1072,10:52:25,5.27,--,12,6323,买盘
1073,10:51:55,5.27,0.01,112,59023,买盘
1074,10:51:49,5.26,-0.01,8,4208,卖盘
1075,10:51:40,5.27,0.01,200,105399,买盘
1076,10:51:19,5.26,--,366,192516,卖盘
1077,10:51:15,5.26,-0.01,430,226180,卖盘
1078,10:51:10,5.27,0.01,4,2108,买盘
1079,10:51:04,5.26,--,25,13265,卖盘
1080,10:51:00,5.26,--,26,13676,卖盘
1081,10:50:55,5.26,--,3,1578,卖盘
1082,10:50:49,5.26,-0.01,1,526,卖盘
1083,10:50:45,5.27,--,13,6850,买盘
1084,10:50:40,5.27,--,21,11067,买盘
1085,10:50:34,5.27,0.01,34,17918,买盘
1086,10:50:28,5.26,--,5,2630,卖盘
1087,10:50:25,5.26,-0.01,3,1578,卖盘
1088,10:50:19,5.27,0.01,98,51645,买盘
1089,10:50:13,5.26,--,459,241434,卖盘
1090,10:50:04,5.26,--,7,3682,卖盘
1091,10:49:58,5.26,--,3,1578,卖盘
1092,10:49:49,5.26,--,32,16947,卖盘
1093,10:49:43,5.26,-0.01,8,4208,卖盘
1094,10:49:40,5.27,0.01,7,3688,买盘
1095,10:49:34,5.26,-0.01,5,2630,卖盘
1096,10:49:28,5.27,0.01,15,7904,买盘
1097,10:49:25,5.26,--,3,1578,卖盘
1098,10:49:13,5.26,--,3,1578,卖盘
1099,10:49:04,5.26,-0.01,15,7995,卖盘
1100,10:48:58,5.27,0.01,7,3688,买盘
1101,10:48:54,5.26,--,13,6838,卖盘
1102,10:48:49,5.26,--,1,526,卖盘
1103,10:48:43,5.26,--,266,139916,卖盘
1104,10:48:34,5.26,--,43,22618,卖盘
1105,10:48:28,5.26,--,235,123610,卖盘
1106,10:48:24,5.26,--,3,1578,卖盘
1107,10:48:19,5.26,--,238,125188,卖盘
1108,10:48:13,5.26,--,33,17358,卖盘
1109,10:48:04,5.26,--,80,42080,卖盘
1110,10:47:54,5.26,--,33,17358,卖盘
1111,10:47:49,5.26,-0.01,26,13791,卖盘
1112,10:47:43,5.27,0.01,9,4743,买盘
1113,10:47:34,5.26,--,3,1578,卖盘
1114,10:47:25,5.26,--,3,1578,卖盘
1115,10:47:19,5.26,--,9,4734,卖盘
1116,10:47:13,5.26,--,8,4208,卖盘
1117,10:47:09,5.26,--,4,2104,卖盘
1118,10:47:04,5.26,--,17,8942,卖盘
1119,10:46:54,5.26,--,7,3682,卖盘
1120,10:46:49,5.26,--,33,17358,卖盘
1121,10:46:43,5.26,-0.01,147,77322,卖盘
1122,10:46:39,5.27,0.01,6,3161,买盘
1123,10:46:34,5.26,--,35,18410,卖盘
1124,10:46:28,5.26,-0.01,3,1578,卖盘
1125,10:46:24,5.27,0.01,92,48483,买盘
1126,10:46:13,5.26,-0.01,3,1578,卖盘
1127,10:46:09,5.27,0.01,19,10013,买盘
1128,10:46:04,5.26,-0.01,4,2104,卖盘
1129,10:45:58,5.27,0.01,8,4216,买盘
1130,10:45:54,5.26,-0.01,118,62068,卖盘
1131,10:45:49,5.27,0.01,173,91170,买盘
1132,10:45:43,5.26,--,3,1578,卖盘
1133,10:45:34,5.26,--,3,1578,卖盘
1134,10:45:28,5.26,-0.01,3,1578,卖盘
1135,10:45:19,5.27,0.01,21,11067,买盘
1136,10:45:13,5.26,--,3,1578,卖盘
1137,10:45:04,5.26,--,8,4208,卖盘
1138,10:44:54,5.26,-0.01,18,9468,卖盘
1139,10:44:49,5.27,--,62,32673,买盘
1140,10:44:39,5.27,0.01,65,34255,买盘
1141,10:44:34,5.26,--,3,1578,卖盘
1142,10:44:24,5.26,--,3,1578,卖盘
1143,10:44:13,5.26,--,3,1578,卖盘
1144,10:44:04,5.26,--,136,71536,卖盘
1145,10:43:54,5.26,-0.01,3,1578,卖盘
1146,10:43:49,5.27,0.01,20,10540,买盘
1147,10:43:43,5.26,-0.01,3,1578,卖盘
1148,10:43:37,5.27,0.01,28,14755,买盘
1149,10:43:34,5.26,--,23,12098,卖盘
1150,10:43:28,5.26,--,3,1578,卖盘
1151,10:43:22,5.26,--,16,8416,卖盘
1152,10:43:13,5.26,-0.01,13,6838,卖盘
1153,10:43:07,5.27,0.01,383,201840,买盘
1154,10:43:04,5.26,--,3,1578,卖盘
1155,10:42:58,5.26,-0.01,3,1578,卖盘
1156,10:42:52,5.27,0.01,23,12120,买盘
1157,10:42:49,5.26,--,4,2104,卖盘
1158,10:42:43,5.26,-0.01,9,4734,卖盘
1159,10:42:37,5.27,0.01,192,101183,买盘
1160,10:42:28,5.26,-0.01,136,71536,卖盘
1161,10:42:22,5.27,0.01,33,17391,买盘
1162,10:42:13,5.26,-0.01,3,1578,卖盘
1163,10:42:07,5.27,--,121,63766,买盘
1164,10:41:58,5.27,0.01,95,50064,买盘
1165,10:41:52,5.26,--,183,96258,卖盘
1166,10:41:48,5.26,-0.01,246,129396,卖盘
1167,10:41:43,5.27,0.01,68,35836,买盘
1168,10:41:37,5.26,-0.01,3,1578,卖盘
1169,10:41:28,5.27,0.01,10,5270,买盘
1170,10:41:22,5.26,-0.01,11,5786,卖盘
1171,10:41:13,5.27,0.01,5,2635,买盘
1172,10:40:58,5.26,--,13,6838,卖盘
1173,10:40:52,5.26,--,28,14728,卖盘
1174,10:40:48,5.26,--,1,526,卖盘
1175,10:40:43,5.26,--,11,6264,卖盘
1176,10:40:37,5.26,-0.01,414,217764,卖盘
1177,10:40:22,5.27,--,210,110669,买盘
1178,10:39:58,5.27,0.01,30,15809,买盘
1179,10:39:48,5.26,-0.01,25,13150,卖盘
1180,10:39:43,5.27,0.01,50,26349,买盘
1181,10:39:28,5.26,-0.01,2,1052,卖盘
1182,10:39:22,5.27,--,57,30038,买盘
1183,10:39:07,5.27,0.01,1478,778905,买盘
1184,10:39:03,5.26,-0.01,25,13150,卖盘
1185,10:38:52,5.27,0.01,600,316200,买盘
1186,10:38:48,5.26,-0.01,1,526,卖盘
1187,10:38:28,5.27,--,215,113304,买盘
1188,10:38:22,5.27,--,10,5270,买盘
1189,10:38:18,5.27,--,65,34255,买盘
1190,10:38:07,5.27,--,16,8432,买盘
1191,10:37:52,5.27,--,25,13227,买盘
1192,10:37:48,5.27,--,246,129641,买盘
1193,10:37:43,5.27,0.01,494,260337,买盘
1194,10:37:28,5.26,-0.01,20,10520,卖盘
1195,10:37:22,5.27,0.01,56,29511,买盘
1196,10:37:18,5.26,-0.01,49,25774,卖盘
1197,10:36:52,5.27,--,10,5270,买盘
1198,10:36:46,5.27,--,2,1054,买盘
1199,10:36:37,5.27,0.01,1531,806836,买盘
1200,10:36:31,5.26,-0.01,10,5260,卖盘
1201,10:36:16,5.27,--,1,527,买盘
1202,10:35:52,5.27,0.01,16,8432,买盘
1203,10:35:37,5.26,-0.01,83,43658,卖盘
1204,10:35:28,5.27,0.01,40,21080,买盘
1205,10:35:16,5.26,-0.01,5,2630,卖盘
1206,10:35:07,5.27,--,100,52699,买盘
1207,10:35:01,5.27,--,20,10540,买盘
1208,10:34:52,5.27,0.01,1,527,买盘
1209,10:34:46,5.26,-0.01,1,526,卖盘
1210,10:34:37,5.27,--,16,8432,买盘
1211,10:34:31,5.27,0.01,1,527,买盘
1212,10:34:22,5.26,-0.01,10,5260,卖盘
1213,10:34:16,5.27,0.01,65,34255,买盘
1214,10:34:12,5.26,--,121,63646,卖盘
1215,10:34:01,5.26,--,66,34716,卖盘
1216,10:33:52,5.26,--,28,14728,卖盘
1217,10:33:46,5.26,--,1,526,卖盘
1218,10:33:42,5.26,-0.01,142,74692,卖盘
1219,10:33:37,5.27,0.01,40,21080,买盘
1220,10:33:27,5.26,-0.01,235,123709,卖盘
1221,10:33:22,5.27,--,41,21607,买盘
1222,10:33:07,5.27,0.01,1,527,买盘
1223,10:33:01,5.26,--,10,5260,卖盘
1224,10:32:46,5.26,-0.01,1,526,卖盘
1225,10:32:07,5.27,--,28,14755,买盘
1226,10:32:01,5.27,--,3,1580,买盘
1227,10:31:52,5.27,--,10,5270,买盘
1228,10:31:46,5.27,--,4,2108,买盘
1229,10:31:31,5.27,--,2,1054,买盘
1230,10:31:07,5.27,--,316,166532,买盘
1231,10:31:01,5.27,0.01,87,45848,买盘
1232,10:30:57,5.26,--,20,10520,卖盘
1233,10:30:52,5.26,--,6,3156,卖盘
1234,10:30:46,5.26,-0.01,21,11046,卖盘
1235,10:30:42,5.27,--,2,1054,买盘
1236,10:30:31,5.27,--,124,65347,买盘
1237,10:30:22,5.27,0.01,25,13174,买盘
1238,10:30:16,5.26,--,11,5786,卖盘
1239,10:30:07,5.26,-0.01,73,38398,卖盘
1240,10:30:01,5.27,--,154,81158,买盘
1241,10:29:55,5.27,--,16,8432,买盘
1242,10:29:52,5.27,--,10,5270,买盘
1243,10:29:46,5.27,--,3,1580,买盘
1244,10:29:31,5.27,--,16,8432,买盘
1245,10:29:16,5.27,--,23,12120,买盘
1246,10:29:10,5.27,--,1,527,买盘
1247,10:29:07,5.27,0.01,145,76415,买盘
1248,10:29:01,5.26,-0.01,4,2104,卖盘
1249,10:28:52,5.27,0.01,11,5796,买盘
1250,10:28:46,5.26,-0.01,1,526,卖盘
1251,10:28:37,5.27,--,124,65347,买盘
1252,10:28:31,5.27,0.01,234,123317,买盘
1253,10:28:16,5.26,--,47,24722,卖盘
1254,10:28:07,5.26,--,18,9468,卖盘
1255,10:28:01,5.26,--,40,21040,卖盘
1256,10:27:46,5.26,-0.01,1,526,卖盘
1257,10:27:31,5.27,--,9,4743,买盘
1258,10:27:25,5.27,--,132,69564,买盘
1259,10:27:16,5.27,0.01,30,15809,买盘
1260,10:27:06,5.26,-0.01,224,117824,卖盘
1261,10:27:01,5.27,--,15,7904,买盘
1262,10:26:55,5.27,--,14,7609,卖盘
1263,10:26:51,5.27,--,90,47725,买盘
1264,10:26:46,5.27,--,29,15514,卖盘
1265,10:26:40,5.27,--,549,289618,买盘
1266,10:26:36,5.27,--,23,12120,买盘
1267,10:26:31,5.27,--,100,52699,买盘
1268,10:26:10,5.27,--,33,17391,买盘
1269,10:26:06,5.27,--,2,1054,买盘
1270,10:26:01,5.27,--,1,527,买盘
1271,10:25:55,5.27,--,6993,3685542,卖盘
1272,10:25:51,5.27,-0.01,7,3688,卖盘
1273,10:25:46,5.28,0.01,11,5808,买盘
1274,10:25:40,5.27,--,100,52699,卖盘
1275,10:25:36,5.27,--,41,21607,卖盘
1276,10:25:25,5.27,-0.01,500,263500,卖盘
1277,10:25:21,5.28,0.01,32,16896,买盘
1278,10:24:46,5.27,--,1,527,卖盘
1279,10:24:25,5.27,-0.01,20,10540,卖盘
1280,10:24:21,5.28,--,3,1584,买盘
1281,10:24:16,5.28,0.01,8,4224,买盘
1282,10:24:10,5.27,-0.01,151,79577,卖盘
1283,10:24:06,5.28,0.01,24,12672,买盘
1284,10:23:55,5.27,-0.01,254,133858,卖盘
1285,10:23:51,5.28,0.01,310,163680,买盘
1286,10:23:46,5.27,--,61,32146,卖盘
1287,10:23:36,5.27,--,15,7904,卖盘
1288,10:23:31,5.27,--,135,71145,卖盘
1289,10:23:21,5.27,--,101,53226,卖盘
1290,10:23:16,5.27,-0.01,221,116466,卖盘
1291,10:23:10,5.28,0.01,44,23232,买盘
1292,10:23:01,5.27,--,222,116993,卖盘
1293,10:22:55,5.27,-0.01,851,448476,卖盘
1294,10:22:51,5.28,0.01,36,19008,买盘
1295,10:22:46,5.27,--,150,79050,卖盘
1296,10:22:31,5.27,--,49,25822,卖盘
1297,10:22:25,5.27,--,4,2108,卖盘
1298,10:22:21,5.27,-0.01,2,1054,卖盘
1299,10:22:01,5.28,0.01,19,10032,买盘
1300,10:21:55,5.27,-0.01,124,65347,卖盘
1301,10:21:51,5.28,0.01,21,11088,买盘
1302,10:21:46,5.27,-0.01,1,527,卖盘
1303,10:21:34,5.28,0.01,59,31152,买盘
1304,10:21:31,5.27,--,5,2635,卖盘
1305,10:21:19,5.27,--,3,1633,卖盘
1306,10:21:16,5.27,--,35,18445,卖盘
1307,10:21:10,5.27,--,35,18445,卖盘
1308,10:20:55,5.27,--,2,1054,卖盘
1309,10:20:46,5.27,--,42,22134,卖盘
1310,10:20:34,5.27,--,20,10540,卖盘
1311,10:20:31,5.27,--,20,10540,卖盘
1312,10:20:25,5.27,-0.01,5,2635,卖盘
1313,10:20:19,5.28,0.01,10,5280,买盘
1314,10:20:04,5.27,-0.01,59,31092,卖盘
1315,10:20:01,5.28,--,6,3168,买盘
1316,10:19:55,5.28,0.01,28,14784,买盘
1317,10:19:46,5.27,--,232,122263,卖盘
1318,10:19:40,5.27,--,200,105399,卖盘
1319,10:19:34,5.27,--,50,26349,卖盘
1320,10:19:25,5.27,--,1116,588132,卖盘
1321,10:19:15,5.27,--,100,52699,卖盘
1322,10:19:04,5.27,--,150,79050,卖盘
1323,10:18:45,5.27,-0.01,3,1580,卖盘
1324,10:18:40,5.28,--,77,40656,买盘
1325,10:18:25,5.28,0.01,1,528,买盘
1326,10:18:15,5.27,-0.01,17,8959,卖盘
1327,10:17:55,5.28,--,240,126720,买盘
1328,10:17:49,5.28,0.01,127,67056,买盘
1329,10:17:45,5.27,-0.01,20,10540,卖盘
1330,10:17:34,5.28,--,18,9504,买盘
1331,10:17:30,5.28,--,26,13728,买盘
1332,10:17:25,5.28,0.01,14,7392,买盘
1333,10:17:19,5.27,--,52,27403,卖盘
1334,10:17:15,5.27,-0.01,9,4743,卖盘
1335,10:17:10,5.28,0.01,87,45936,买盘
1336,10:17:04,5.27,-0.01,150,79050,卖盘
1337,10:17:00,5.28,--,12,6336,买盘
1338,10:16:55,5.28,--,39,20592,买盘
1339,10:16:49,5.28,--,133,70224,买盘
1340,10:16:40,5.28,--,6,3168,买盘
1341,10:16:34,5.28,--,53,27984,买盘
1342,10:16:25,5.28,--,56,29568,买盘
1343,10:16:19,5.28,--,17,8976,买盘
1344,10:16:10,5.28,--,176,92928,买盘
1345,10:16:00,5.28,--,58,30624,买盘
1346,10:15:49,5.28,--,126,66528,买盘
1347,10:15:45,5.28,--,30,15840,买盘
1348,10:15:40,5.28,0.01,30,15840,买盘
1349,10:15:34,5.27,-0.01,10,5270,卖盘
1350,10:15:25,5.28,--,1,528,买盘
1351,10:15:19,5.28,--,12,6336,买盘
1352,10:15:15,5.28,--,204,107712,买盘
1353,10:15:10,5.28,--,1203,635184,买盘
1354,10:15:04,5.28,--,437,230736,买盘
1355,10:14:55,5.28,0.01,10,5749,买盘
1356,10:14:49,5.27,--,214,112777,卖盘
1357,10:14:39,5.27,--,50,26349,卖盘
1358,10:14:34,5.27,-0.01,2,1054,卖盘
1359,10:14:30,5.28,0.01,10,5280,买盘
1360,10:14:25,5.27,--,156,82212,卖盘
1361,10:14:15,5.27,--,17,8959,卖盘
1362,10:14:04,5.27,--,25,13174,卖盘
1363,10:13:59,5.27,-0.01,33,17391,卖盘
1364,10:13:55,5.28,--,15,7920,买盘
1365,10:13:49,5.28,0.01,164,86592,买盘
1366,10:13:45,5.27,--,111,58496,卖盘
1367,10:13:40,5.27,--,155,81685,卖盘
1368,10:13:34,5.27,--,53,27930,卖盘
1369,10:13:29,5.27,--,4,2108,卖盘
1370,10:13:24,5.27,--,340,179480,买盘
1371,10:13:19,5.27,--,5231,2756737,买盘
1372,10:13:13,5.27,--,45,23714,买盘
1373,10:13:04,5.27,--,977,514878,买盘
1374,10:12:58,5.27,--,1550,816849,买盘
1375,10:12:54,5.27,--,188,99075,买盘
1376,10:12:49,5.27,--,253,133331,买盘
1377,10:12:43,5.27,--,323,170221,买盘
1378,10:12:39,5.27,0.01,40,21080,买盘
1379,10:12:34,5.26,-0.01,1371,721146,卖盘
1380,10:12:24,5.27,--,461,242946,买盘
1381,10:12:19,5.27,--,40,21080,买盘
1382,10:12:09,5.27,--,200,105399,买盘
1383,10:12:04,5.27,0.01,13,6850,买盘
1384,10:11:58,5.26,-0.01,10,5260,卖盘
1385,10:11:54,5.27,--,73,38471,买盘
1386,10:11:49,5.27,--,940,495379,买盘
1387,10:11:39,5.27,--,29,15282,买盘
1388,10:11:34,5.27,--,15,7904,买盘
1389,10:11:28,5.27,0.01,7,3688,买盘
1390,10:11:24,5.26,-0.01,60,31560,卖盘
1391,10:11:19,5.27,--,10,5270,买盘
1392,10:11:13,5.27,--,132,69564,买盘
1393,10:11:04,5.27,0.01,20,10540,买盘
1394,10:10:49,5.26,-0.01,221,116246,卖盘
1395,10:10:43,5.27,--,75,39525,买盘
1396,10:10:28,5.27,--,149,78523,买盘
1397,10:10:24,5.27,--,5,2635,买盘
1398,10:10:19,5.27,--,59,31092,买盘
1399,10:10:04,5.27,--,53,27930,买盘
1400,10:09:54,5.27,0.01,3,1580,买盘
1401,10:09:49,5.26,--,116,61016,卖盘
1402,10:09:34,5.26,-0.01,34,17884,卖盘
1403,10:09:28,5.27,--,345,181814,买盘
1404,10:09:19,5.27,0.01,7,3688,买盘
1405,10:09:13,5.26,--,356,187256,卖盘
1406,10:08:58,5.26,--,23,12098,卖盘
1407,10:08:49,5.26,-0.01,116,61016,卖盘
1408,10:08:43,5.27,--,470,247689,买盘
1409,10:08:39,5.27,0.01,482,254013,买盘
1410,10:08:34,5.26,--,109,57765,卖盘
1411,10:08:18,5.26,-0.01,94,49444,卖盘
1412,10:08:13,5.27,--,398,209745,买盘
1413,10:08:09,5.27,--,169,89063,买盘
1414,10:08:04,5.27,0.01,248,130695,买盘
1415,10:07:54,5.26,--,30,15780,卖盘
1416,10:07:48,5.26,--,135,71010,卖盘
1417,10:07:39,5.26,-0.01,188,98888,卖盘
1418,10:07:33,5.27,--,157,82739,买盘
1419,10:07:28,5.27,--,434,228717,买盘
1420,10:07:24,5.27,--,5,2635,买盘
1421,10:07:18,5.27,--,131,69037,买盘
1422,10:07:13,5.27,--,992,522783,买盘
1423,10:07:09,5.27,--,1719,905912,买盘
1424,10:07:03,5.27,--,67,35309,买盘
1425,10:06:58,5.27,--,1,527,买盘
1426,10:06:48,5.27,0.01,127,66929,买盘
1427,10:06:43,5.26,-0.01,1,526,卖盘
1428,10:06:33,5.27,--,3,1580,买盘
1429,10:06:22,5.27,--,19,10013,买盘
1430,10:06:18,5.27,0.01,19,10013,买盘
1431,10:06:03,5.26,-0.01,115,60490,卖盘
1432,10:05:48,5.27,0.01,140,73780,买盘
1433,10:05:37,5.26,--,18,9468,卖盘
1434,10:05:33,5.26,--,89,46814,卖盘
1435,10:05:13,5.26,-0.01,61,32086,卖盘
1436,10:05:07,5.27,0.01,50,26349,买盘
1437,10:05:03,5.26,--,195,102570,卖盘
1438,10:04:58,5.26,--,46,24196,卖盘
1439,10:04:48,5.26,-0.01,116,61016,卖盘
1440,10:04:37,5.27,0.01,30,15809,买盘
1441,10:04:33,5.26,-0.01,20,10520,卖盘
1442,10:04:28,5.27,0.01,100,52699,买盘
1443,10:04:22,5.26,--,195,102570,卖盘
1444,10:04:13,5.26,-0.01,6,3156,卖盘
1445,10:04:07,5.27,0.01,124,65347,买盘
1446,10:04:03,5.26,--,35,18410,卖盘
1447,10:03:52,5.26,-0.01,5,2630,卖盘
1448,10:03:48,5.27,0.01,216,113831,买盘
1449,10:03:43,5.26,-0.01,218,114668,卖盘
1450,10:03:33,5.27,--,138,72726,买盘
1451,10:03:28,5.27,--,2096,1104592,卖盘
1452,10:03:22,5.27,-0.01,4,2108,卖盘
1453,10:03:13,5.28,0.01,44,23232,买盘
1454,10:03:03,5.27,--,20,10540,卖盘
1455,10:02:58,5.27,--,154,81158,卖盘
1456,10:02:52,5.27,--,189,99602,卖盘
1457,10:02:48,5.27,-0.01,116,61131,卖盘
1458,10:02:43,5.28,0.01,13,6864,买盘
1459,10:02:28,5.27,--,86,45321,卖盘
1460,10:02:22,5.27,-0.01,10,5270,卖盘
1461,10:02:18,5.28,0.01,50,26400,买盘
1462,10:02:13,5.27,--,16,8432,卖盘
1463,10:02:03,5.27,-0.01,6,3161,卖盘
1464,10:01:58,5.28,0.01,1,528,买盘
1465,10:01:48,5.27,--,115,60604,卖盘
1466,10:01:27,5.27,--,19,10013,卖盘
1467,10:01:22,5.27,-0.01,20,10540,卖盘
1468,10:01:18,5.28,0.01,652,344256,买盘
1469,10:01:12,5.27,--,25,13174,卖盘
1470,10:01:07,5.27,-0.01,157,82739,卖盘
1471,10:01:03,5.28,0.01,16,8448,买盘
1472,10:00:57,5.27,--,2,1054,卖盘
1473,10:00:52,5.27,0.01,186,98021,买盘
1474,10:00:48,5.26,-0.01,115,60490,卖盘
1475,10:00:42,5.27,--,10,5270,买盘
1476,10:00:27,5.27,--,238,125425,买盘
1477,10:00:22,5.27,--,705,371534,卖盘
1478,10:00:12,5.27,--,6,3161,卖盘
1479,10:00:02,5.27,--,161,84847,买盘
1480,09:59:57,5.27,--,39,20553,买盘
1481,09:59:52,5.27,0.01,20,10540,买盘
1482,09:59:48,5.26,--,116,61016,卖盘
1483,09:59:42,5.26,-0.01,468,246168,卖盘
1484,09:59:37,5.27,--,40,21080,买盘
1485,09:59:33,5.27,--,6,3161,买盘
1486,09:59:27,5.27,--,439,231352,卖盘
1487,09:59:12,5.27,-0.01,23,12120,卖盘
1488,09:59:07,5.28,0.01,63,33264,买盘
1489,09:58:52,5.27,--,158,83266,买盘
1490,09:58:47,5.27,0.01,398,209745,买盘
1491,09:58:37,5.26,-0.01,10,5738,卖盘
1492,09:58:32,5.27,--,136,71672,买盘
1493,09:58:27,5.27,--,51,26876,买盘
1494,09:58:22,5.27,--,137,72199,买盘
1495,09:58:12,5.27,--,91,47956,买盘
1496,09:58:07,5.27,--,211,111196,买盘
1497,09:58:01,5.27,--,44,23187,买盘
1498,09:57:57,5.27,--,16,8432,买盘
1499,09:57:52,5.27,--,82,43214,买盘
1500,09:57:46,5.27,0.01,1816,957031,买盘
1501,09:57:42,5.26,-0.01,25,13150,卖盘
1502,09:57:37,5.27,--,114,60077,买盘
1503,09:57:31,5.27,--,2011,1059797,买盘
1504,09:57:27,5.27,--,46,24241,买盘
1505,09:57:22,5.27,--,225,118574,买盘
1506,09:57:07,5.27,--,72,37944,买盘
1507,09:57:01,5.27,--,2,1054,买盘
1508,09:56:57,5.27,--,35,18445,买盘
1509,09:56:52,5.27,--,127,66929,买盘
1510,09:56:46,5.27,0.01,158,83266,买盘
1511,09:56:42,5.26,--,544,286144,卖盘
1512,09:56:37,5.26,-0.01,130,68380,卖盘
1513,09:56:27,5.27,--,52,27403,买盘
1514,09:56:16,5.27,--,49,25822,买盘
1515,09:56:12,5.27,--,2,1054,买盘
1516,09:56:01,5.27,0.01,441,232406,买盘
1517,09:55:57,5.26,-0.01,396,208769,卖盘
1518,09:55:52,5.27,0.01,147,77469,买盘
1519,09:55:46,5.26,--,166,87316,卖盘
1520,09:55:37,5.26,-0.01,5,2630,卖盘
1521,09:55:31,5.27,0.01,116,61131,买盘
1522,09:55:22,5.26,-0.01,147,77322,卖盘
1523,09:55:16,5.27,--,18,9486,买盘
1524,09:55:07,5.27,--,60,31619,买盘
1525,09:55:01,5.27,--,42,22134,买盘
1526,09:54:52,5.27,0.01,58,30565,买盘
1527,09:54:46,5.26,-0.01,125,65750,卖盘
1528,09:54:41,5.27,--,560,295120,买盘
1529,09:54:36,5.27,0.01,36,18972,买盘
1530,09:54:31,5.26,-0.01,101,53126,卖盘
1531,09:54:22,5.27,--,5,2635,买盘
1532,09:54:11,5.27,--,4,2108,买盘
1533,09:54:06,5.27,--,571,301111,买盘
1534,09:54:01,5.27,--,18,9486,买盘
1535,09:53:51,5.27,--,160,84320,买盘
1536,09:53:46,5.27,--,115,60604,买盘
1537,09:53:41,5.27,--,80,42160,买盘
1538,09:53:36,5.27,--,157,82739,买盘
1539,09:53:31,5.27,--,80,42160,买盘
1540,09:53:26,5.27,--,80,42160,买盘
1541,09:53:21,5.27,0.01,5,2635,买盘
1542,09:53:16,5.26,-0.01,19,9994,卖盘
1543,09:53:11,5.27,--,20,10540,买盘
1544,09:53:06,5.27,--,50,26349,买盘
1545,09:53:01,5.27,0.01,139,73253,买盘
1546,09:52:56,5.26,--,152,79952,卖盘
1547,09:52:51,5.26,--,1,526,卖盘
1548,09:52:46,5.26,--,121,63646,卖盘
1549,09:52:41,5.26,--,4,2367,卖盘
1550,09:52:36,5.26,--,18,9468,卖盘
1551,09:52:11,5.26,--,390,205140,卖盘
1552,09:52:06,5.26,-0.01,2,1052,卖盘
1553,09:52:01,5.27,0.01,163,85901,买盘
1554,09:51:56,5.26,-0.01,1,526,卖盘
1555,09:51:51,5.27,--,200,105399,买盘
1556,09:51:46,5.27,--,300,158100,买盘
1557,09:51:36,5.27,--,2,1054,买盘
1558,09:51:31,5.27,--,5,2635,买盘
1559,09:51:26,5.27,--,28,14755,买盘
1560,09:51:21,5.27,--,71,37417,买盘
1561,09:51:16,5.27,--,30,15809,买盘
1562,09:51:06,5.27,--,23,12120,买盘
1563,09:51:01,5.27,--,1001,527527,买盘
1564,09:50:46,5.27,--,236,124371,买盘
1565,09:50:36,5.27,--,174,91697,买盘
1566,09:50:31,5.27,0.01,52,27403,买盘
1567,09:50:25,5.26,-0.01,5,2630,卖盘
1568,09:50:21,5.27,--,107,56388,买盘
1569,09:50:16,5.27,0.01,2,1054,买盘
1570,09:50:10,5.26,-0.01,1,526,卖盘
1571,09:50:01,5.27,--,15,7904,买盘
1572,09:49:55,5.27,0.01,38,20026,买盘
1573,09:49:46,5.26,-0.01,144,75744,卖盘
1574,09:49:40,5.27,0.01,155,81685,买盘
1575,09:49:25,5.26,-0.01,2,1052,卖盘
1576,09:49:21,5.27,0.01,6,3161,买盘
1577,09:49:16,5.26,--,1,526,卖盘
1578,09:49:10,5.26,--,34,17884,卖盘
1579,09:49:06,5.26,--,62,32612,卖盘
1580,09:49:01,5.26,-0.01,267,140442,卖盘
1581,09:48:55,5.27,0.01,1,527,买盘
1582,09:48:51,5.26,-0.01,560,294560,卖盘
1583,09:48:46,5.27,--,118,62185,买盘
1584,09:48:40,5.27,--,62,32673,买盘
1585,09:48:36,5.27,--,736,388072,买盘
1586,09:48:31,5.27,0.01,111,58496,买盘
1587,09:48:25,5.26,-0.01,20,10520,卖盘
1588,09:48:20,5.27,--,5011,2640797,买盘
1589,09:48:16,5.27,--,63,33201,买盘
1590,09:48:10,5.27,--,160,84320,买盘
1591,09:48:05,5.27,0.01,485,255594,买盘
1592,09:48:01,5.26,--,50,26300,卖盘
1593,09:47:55,5.26,--,127,66802,卖盘
1594,09:47:50,5.26,--,11,5786,卖盘
1595,09:47:45,5.26,-0.01,424,223024,卖盘
1596,09:47:40,5.27,0.01,12,6323,买盘
1597,09:47:25,5.26,-0.01,9,4734,卖盘
1598,09:47:20,5.27,0.01,60,31619,买盘
1599,09:47:10,5.26,--,16,8416,卖盘
1600,09:47:00,5.26,-0.01,478,251428,卖盘
1601,09:46:55,5.27,--,219,115412,买盘
1602,09:46:50,5.27,0.01,36,18972,买盘
1603,09:46:45,5.26,--,1,526,卖盘
1604,09:46:40,5.26,-0.01,84,44184,卖盘
1605,09:46:30,5.27,0.01,5,2635,买盘
1606,09:46:20,5.26,--,20,10520,卖盘
1607,09:46:15,5.26,-0.01,8,4208,卖盘
1608,09:46:10,5.27,0.01,85,44795,买盘
1609,09:46:05,5.26,-0.01,6,3156,卖盘
1610,09:46:00,5.27,--,30,15809,买盘
1611,09:45:55,5.27,--,544,286688,买盘
1612,09:45:50,5.27,--,57,30038,买盘
1613,09:45:45,5.27,--,1892,997083,买盘
1614,09:45:40,5.27,0.01,6025,3175174,买盘
1615,09:45:30,5.26,-0.01,10,5260,卖盘
1616,09:45:20,5.27,0.01,45,23714,买盘
1617,09:45:15,5.26,-0.01,2,1052,卖盘
1618,09:44:55,5.27,0.01,119,62712,买盘
1619,09:44:45,5.26,--,11,5786,卖盘
1620,09:44:40,5.26,--,8,4208,卖盘
1621,09:44:35,5.26,-0.01,10,5260,卖盘
1622,09:44:30,5.27,0.01,42,22134,买盘
1623,09:44:25,5.26,--,20,10520,卖盘
1624,09:44:05,5.26,--,2,1052,卖盘
1625,09:43:45,5.26,-0.01,1,526,卖盘
1626,09:43:40,5.27,--,200,105399,买盘
1627,09:43:30,5.27,0.01,18,9486,买盘
1628,09:43:20,5.26,-0.01,50,26300,卖盘
1629,09:43:15,5.27,0.01,202,106453,买盘
1630,09:43:10,5.26,-0.01,87,45762,卖盘
1631,09:43:00,5.27,0.01,19,10013,买盘
1632,09:42:55,5.26,-0.01,4,2104,卖盘
1633,09:42:49,5.27,0.01,71,37417,买盘
1634,09:42:45,5.26,--,79,41554,卖盘
1635,09:42:40,5.26,-0.01,6,3156,卖盘
1636,09:42:30,5.27,--,406,213961,买盘
1637,09:42:25,5.27,0.01,10,5270,买盘
1638,09:42:19,5.26,--,33,17358,卖盘
1639,09:42:15,5.26,--,18,9468,卖盘
1640,09:42:04,5.26,-0.01,166,87316,卖盘
1641,09:42:00,5.27,--,170,89590,买盘
1642,09:41:55,5.27,--,347,182868,买盘
1643,09:41:45,5.27,0.01,10,5270,买盘
1644,09:41:40,5.26,-0.01,570,299820,卖盘
1645,09:41:30,5.27,--,470,247689,买盘
1646,09:41:25,5.27,0.01,234,123317,买盘
1647,09:41:19,5.26,-0.01,74,38924,卖盘
1648,09:41:14,5.27,--,6,3161,买盘
1649,09:41:10,5.27,--,863,455001,买盘
1650,09:41:04,5.27,--,6,3161,买盘
1651,09:40:59,5.27,--,30,15809,买盘
1652,09:40:49,5.27,--,92,48483,买盘
1653,09:40:44,5.27,0.01,70,36890,买盘
1654,09:40:40,5.26,-0.01,730,383980,卖盘
1655,09:40:34,5.27,--,95,50064,买盘
1656,09:40:29,5.27,--,28,14755,买盘
1657,09:40:24,5.27,--,118,62185,买盘
1658,09:40:19,5.27,--,120,63239,买盘
1659,09:40:14,5.27,-0.01,286,150722,卖盘
1660,09:40:09,5.28,0.01,7,3696,买盘
1661,09:40:04,5.27,--,182,95913,卖盘
1662,09:39:54,5.27,--,16,8432,卖盘
1663,09:39:49,5.27,--,1,527,卖盘
1664,09:39:44,5.27,-0.01,2,1054,卖盘
1665,09:39:39,5.28,0.01,6,3168,买盘
1666,09:39:34,5.27,-0.01,40,21080,卖盘
1667,09:39:24,5.28,0.01,85,44880,买盘
1668,09:39:19,5.27,--,32,16864,卖盘
1669,09:39:09,5.27,--,379,199732,买盘
1670,09:39:04,5.27,0.01,18,9486,买盘
1671,09:38:54,5.26,-0.02,242,127292,卖盘
1672,09:38:49,5.28,0.01,238,125664,买盘
1673,09:38:44,5.27,--,22,11593,卖盘
1674,09:38:39,5.27,--,100,52699,卖盘
1675,09:38:34,5.27,--,756,398411,买盘
1676,09:38:29,5.27,--,472,248743,买盘
1677,09:38:24,5.27,--,469,247162,买盘
1678,09:38:14,5.27,0.01,5,2635,买盘
1679,09:38:09,5.26,-0.01,56,29456,卖盘
1680,09:38:04,5.27,--,15,7904,买盘
1681,09:37:59,5.27,0.01,26,13701,买盘
1682,09:37:54,5.26,-0.01,5,2630,卖盘
1683,09:37:49,5.27,--,40,21080,买盘
1684,09:37:39,5.27,--,190,100129,买盘
1685,09:37:34,5.27,--,113,59550,买盘
1686,09:37:29,5.27,--,55,28984,买盘
1687,09:37:24,5.27,--,17,8959,买盘
1688,09:37:19,5.27,--,112,59023,买盘
1689,09:37:09,5.27,--,24,12647,买盘
1690,09:37:04,5.27,--,12,6323,买盘
1691,09:36:59,5.27,0.01,104,54807,买盘
1692,09:36:54,5.26,-0.01,21,11046,卖盘
1693,09:36:44,5.27,--,110,57969,买盘
1694,09:36:39,5.27,--,200,105399,买盘
1695,09:36:34,5.27,--,102,53753,卖盘
1696,09:36:29,5.27,--,127,66929,买盘
1697,09:36:24,5.27,--,259,136493,卖盘
1698,09:36:19,5.27,--,14,7377,买盘
1699,09:36:14,5.27,-0.01,91,47956,卖盘
1700,09:36:09,5.28,0.01,384,202752,买盘
1701,09:36:04,5.27,--,715,376804,买盘
1702,09:35:59,5.27,--,1777,936478,买盘
1703,09:35:54,5.27,--,1433,755190,买盘
1704,09:35:49,5.27,--,30,15809,买盘
1705,09:35:43,5.27,--,2316,1220532,买盘
1706,09:35:39,5.27,--,2074,1092998,买盘
1707,09:35:34,5.27,--,467,246108,买盘
1708,09:35:28,5.27,0.01,49,25822,买盘
1709,09:35:24,5.26,-0.01,91,47866,卖盘
1710,09:35:09,5.27,--,20,10540,买盘
1711,09:35:04,5.27,--,77,40579,买盘
1712,09:34:58,5.27,--,10,5270,买盘
1713,09:34:54,5.27,--,44,23187,买盘
1714,09:34:49,5.27,--,2,1054,买盘
1715,09:34:43,5.27,0.01,50,26349,买盘
1716,09:34:39,5.26,-0.01,4,2104,卖盘
1717,09:34:34,5.27,0.01,2,1054,买盘
1718,09:34:24,5.26,--,17,8942,卖盘
1719,09:34:19,5.26,-0.01,79,41554,卖盘
1720,09:34:13,5.27,--,53,27930,买盘
1721,09:34:08,5.27,0.01,50,26349,买盘
1722,09:34:04,5.26,--,1,526,卖盘
1723,09:33:54,5.26,-0.01,93,48918,卖盘
1724,09:33:48,5.27,0.01,35,18445,买盘
1725,09:33:43,5.26,-0.01,50,26300,卖盘
1726,09:33:39,5.27,--,339,178721,买盘
1727,09:33:33,5.27,--,267,140709,买盘
1728,09:33:28,5.27,--,38,20026,买盘
1729,09:33:23,5.27,--,46,24241,买盘
1730,09:33:18,5.27,--,3459,1822892,买盘
1731,09:33:08,5.27,0.01,254,133858,买盘
1732,09:33:03,5.26,--,786,413599,买盘
1733,09:32:58,5.26,--,33,17358,买盘
1734,09:32:53,5.26,--,87,45762,买盘
1735,09:32:48,5.26,0.01,338,177788,买盘
1736,09:32:43,5.25,-0.01,168,88200,卖盘
1737,09:32:38,5.26,--,2076,1091976,买盘
1738,09:32:33,5.26,--,3476,1828376,买盘
1739,09:32:28,5.26,--,406,213556,买盘
1740,09:32:23,5.26,--,876,460776,买盘
1741,09:32:18,5.26,0.01,918,482868,买盘
1742,09:32:13,5.25,--,10,5250,卖盘
1743,09:32:03,5.25,--,48,25200,卖盘
1744,09:31:58,5.25,--,45,23997,卖盘
1745,09:31:53,5.25,--,22,11550,卖盘
1746,09:31:48,5.25,--,30,15750,卖盘
1747,09:31:38,5.25,--,117,61425,卖盘
1748,09:31:33,5.25,--,258,135450,卖盘
1749,09:31:28,5.25,--,96,50400,卖盘
1750,09:31:18,5.25,-0.01,30,15750,卖盘
1751,09:31:13,5.26,0.01,17,8942,买盘
1752,09:30:58,5.25,-0.01,204,107100,卖盘
1753,09:30:48,5.26,--,65,34190,买盘
1754,09:30:43,5.26,0.01,12,6312,买盘
1755,09:30:38,5.25,--,2,1050,卖盘
1756,09:30:33,5.25,-0.01,837,439425,卖盘
1757,09:30:28,5.26,0.01,24,12624,买盘
1758,09:30:23,5.25,-0.01,101,53025,卖盘
1759,09:30:18,5.26,0.01,90,47340,买盘
1760,09:30:13,5.25,--,837,439425,卖盘
1761,09:30:08,5.25,-0.01,891,467775,卖盘
1762,09:30:03,5.26,--,928,488128,买盘
1763,09:28:57,5.26,--,0,0,买盘
1764,09:25:07,5.26,5.26,962,506012,买盘
