,time,price,change,volume,amount,type
0,15:00:03,29.99,--,2218,6653191,卖盘
1,14:57:00,29.99,--,157,472252,卖盘
2,14:56:57,29.99,-0.01,12,35988,卖盘
3,14:56:54,30.0,0.01,103,311910,买盘
4,14:56:51,29.99,0.01,72,215928,买盘
5,14:56:48,29.98,--,142,425716,卖盘
6,14:56:45,29.98,-0.01,57,170886,卖盘
7,14:56:42,29.99,0.01,86,257914,买盘
8,14:56:39,29.98,--,53,158894,卖盘
9,14:56:36,29.98,-0.01,53,158894,卖盘
10,14:56:33,29.99,0.01,43,128957,买盘
11,14:56:30,29.98,--,109,326782,卖盘
12,14:56:27,29.98,0.03,375,1124250,买盘
13,14:56:24,29.95,-0.02,49,146755,卖盘
14,14:56:21,29.97,--,2142,6419574,买盘
15,14:56:18,29.97,--,31,92907,买盘
16,14:56:15,29.97,--,12,35964,买盘
17,14:56:12,29.97,-0.01,68,203796,卖盘
18,14:56:09,29.98,--,31,92938,买盘
19,14:56:06,29.98,0.01,121,362758,买盘
20,14:56:03,29.97,--,29,86913,卖盘
21,14:56:00,29.97,-0.01,42,125874,卖盘
22,14:55:57,29.98,--,136,407728,买盘
23,14:55:54,29.98,0.02,11,32978,买盘
24,14:55:51,29.96,-0.02,52,155792,卖盘
25,14:55:48,29.98,0.01,864,2590272,买盘
26,14:55:45,29.97,--,29,86913,买盘
27,14:55:42,29.97,--,62,185814,买盘
28,14:55:39,29.97,--,31,92907,买盘
29,14:55:36,29.97,-0.01,92,275724,卖盘
30,14:55:33,29.98,0.01,200,599600,买盘
31,14:55:30,29.97,0.01,9,26973,买盘
32,14:55:27,29.96,-0.02,11,32956,卖盘
33,14:55:24,29.98,0.02,62,185876,买盘
34,14:55:21,29.96,-0.01,44,131824,中性盘
35,14:55:18,29.97,0.01,31,92907,买盘
36,14:55:15,29.96,--,233,698068,卖盘
37,14:55:12,29.96,-0.02,67,200732,卖盘
38,14:55:09,29.98,--,73,218854,买盘
39,14:55:06,29.98,--,39,116922,买盘
40,14:55:03,29.98,0.02,104,311792,买盘
41,14:55:00,29.96,-0.02,20,59920,卖盘
42,14:54:57,29.98,0.01,1029,3084942,买盘
43,14:54:54,29.97,--,29,86913,买盘
44,14:54:51,29.97,0.01,17,50949,买盘
45,14:54:48,29.96,-0.01,35,104860,中性盘
46,14:54:45,29.97,0.01,18,53946,买盘
47,14:54:42,29.96,--,421,1261316,买盘
48,14:54:39,29.96,-0.01,5,14980,卖盘
49,14:54:36,29.97,0.01,225,674325,买盘
50,14:54:33,29.96,-0.01,33,98868,卖盘
51,14:54:30,29.97,--,260,779220,买盘
52,14:54:27,29.97,0.01,19,56943,买盘
53,14:54:24,29.96,--,59,176764,卖盘
54,14:54:21,29.96,-0.01,11,32956,卖盘
55,14:54:18,29.97,0.01,82,245754,买盘
56,14:54:15,29.96,--,120,359520,卖盘
57,14:54:12,29.96,-0.01,69,206724,中性盘
58,14:54:09,29.97,0.02,397,1189809,买盘
59,14:54:06,29.95,--,90,269550,卖盘
60,14:54:03,29.95,--,155,464225,卖盘
61,14:54:00,29.95,--,49,146755,卖盘
62,14:53:57,29.95,--,20,59900,卖盘
63,14:53:54,29.95,0.01,694,2078530,买盘
64,14:53:48,29.94,-0.01,31,92814,卖盘
65,14:53:45,29.95,0.01,74,221630,买盘
66,14:53:42,29.94,-0.01,42,125748,卖盘
67,14:53:39,29.95,0.01,10,29950,买盘
68,14:53:36,29.94,--,24,71856,卖盘
69,14:53:33,29.94,-0.01,58,173652,卖盘
70,14:53:30,29.95,0.01,14,41930,买盘
71,14:53:27,29.94,0.01,100,299400,买盘
72,14:53:24,29.93,-0.01,32,95776,中性盘
73,14:53:21,29.94,--,17,50898,买盘
74,14:53:18,29.94,0.04,13,38922,买盘
75,14:53:15,29.9,-0.04,71,214981,卖盘
76,14:53:12,29.94,0.04,142,425148,买盘
77,14:53:09,29.9,-0.03,14,41860,卖盘
78,14:53:06,29.93,0.01,160,478880,中性盘
79,14:53:03,29.92,-0.01,16,47872,卖盘
80,14:53:00,29.93,0.01,9,26937,中性盘
81,14:52:57,29.92,--,16,47872,卖盘
82,14:52:54,29.92,-0.01,23,68816,卖盘
83,14:52:51,29.93,0.01,18,53874,买盘
84,14:52:48,29.92,-0.02,2,5984,卖盘
85,14:52:45,29.94,--,7,20958,买盘
86,14:52:42,29.94,--,25,74850,买盘
87,14:52:39,29.94,-0.01,199,595806,卖盘
88,14:52:36,29.95,0.01,34,101830,买盘
89,14:52:33,29.94,--,63,190119,卖盘
90,14:52:30,29.94,-0.01,120,359280,卖盘
91,14:52:27,29.95,0.01,212,634940,买盘
92,14:52:24,29.94,--,40,119760,卖盘
93,14:52:21,29.94,-0.02,183,547902,卖盘
94,14:52:18,29.96,--,133,399966,买盘
95,14:52:15,29.96,--,27,80892,买盘
96,14:52:12,29.96,--,63,188748,买盘
97,14:52:09,29.96,--,34,101864,卖盘
98,14:52:06,29.96,--,72,215712,买盘
99,14:52:03,29.96,--,96,287616,买盘
100,14:52:00,29.96,--,29,86884,买盘
101,14:51:57,29.96,--,325,973700,卖盘
102,14:51:54,29.96,0.01,247,740012,买盘
103,14:51:51,29.95,-0.01,135,404325,卖盘
104,14:51:48,29.96,--,34,101864,买盘
105,14:51:45,29.96,0.01,70,209720,买盘
106,14:51:42,29.95,-0.01,32,95840,买盘
107,14:51:39,29.96,0.01,14,41944,买盘
108,14:51:36,29.95,-0.01,110,329450,买盘
109,14:51:33,29.96,--,301,901796,买盘
110,14:51:30,29.96,0.01,10,29960,买盘
111,14:51:27,29.95,--,8,23960,卖盘
112,14:51:24,29.95,0.04,1862,5578457,买盘
113,14:51:21,29.91,--,59,176469,卖盘
114,14:51:18,29.91,0.01,400,1198553,买盘
115,14:51:15,29.9,-0.01,3,8970,卖盘
116,14:51:12,29.91,0.01,17,50847,买盘
117,14:51:09,29.9,--,13,38870,卖盘
118,14:51:06,29.9,0.01,170,510452,买盘
119,14:51:03,29.89,-0.01,28,86441,卖盘
120,14:51:00,29.9,--,37,110630,买盘
121,14:50:57,29.9,0.02,24,71760,买盘
122,14:50:54,29.88,-0.02,58,173304,卖盘
123,14:50:51,29.9,0.01,52,155480,买盘
124,14:50:48,29.89,--,24,71736,买盘
125,14:50:45,29.89,--,15,44835,中性盘
126,14:50:42,29.89,--,114,340746,卖盘
127,14:50:39,29.89,--,44,131516,卖盘
128,14:50:36,29.89,-0.01,76,227164,卖盘
129,14:50:33,29.9,0.01,17,50830,买盘
130,14:50:30,29.89,--,187,558943,买盘
131,14:50:27,29.89,0.01,37,110593,买盘
132,14:50:24,29.88,--,123,367524,卖盘
133,14:50:21,29.88,--,9,26892,卖盘
134,14:50:18,29.88,--,3,8964,卖盘
135,14:50:15,29.88,--,148,443568,买盘
136,14:50:12,29.88,0.01,22,65736,买盘
137,14:50:09,29.87,-0.01,46,137402,中性盘
138,14:50:06,29.88,--,174,519912,买盘
139,14:50:03,29.88,0.01,346,1033848,买盘
140,14:50:00,29.87,0.01,10,29870,买盘
141,14:49:57,29.86,--,20,59720,卖盘
142,14:49:54,29.86,--,63,188118,卖盘
143,14:49:51,29.86,-0.01,16,47776,卖盘
144,14:49:48,29.87,0.01,29,87638,买盘
145,14:49:45,29.86,--,10,29860,买盘
146,14:49:42,29.86,0.01,100,298600,买盘
147,14:49:39,29.85,--,46,138981,卖盘
148,14:49:36,29.85,0.02,1683,5024949,买盘
149,14:49:33,29.83,--,44,131252,卖盘
150,14:49:30,29.83,--,1,2983,卖盘
151,14:49:27,29.83,--,38,113354,买盘
152,14:49:24,29.83,0.01,10,29830,买盘
153,14:49:21,29.82,--,74,220668,卖盘
154,14:49:18,29.82,--,2,5964,卖盘
155,14:49:15,29.82,--,18,53676,卖盘
156,14:49:12,29.82,0.01,77,229614,买盘
157,14:49:09,29.81,--,62,184822,卖盘
158,14:49:06,29.81,--,2,5962,卖盘
159,14:49:03,29.81,--,12,35772,卖盘
160,14:49:00,29.81,-0.01,55,163955,卖盘
161,14:48:57,29.82,-0.01,6,17892,买盘
162,14:48:54,29.83,0.02,10,29830,买盘
163,14:48:51,29.81,--,3,8943,卖盘
164,14:48:48,29.81,-0.02,24,71544,卖盘
165,14:48:45,29.83,--,82,244606,买盘
166,14:48:42,29.83,0.01,10,29830,买盘
167,14:48:39,29.82,--,12,35784,卖盘
168,14:48:36,29.82,--,48,143136,卖盘
169,14:48:33,29.82,--,41,122262,卖盘
170,14:48:30,29.82,--,10,29820,卖盘
171,14:48:24,29.82,-0.01,12,35784,卖盘
172,14:48:21,29.83,0.01,29,86507,买盘
173,14:48:18,29.82,--,4,11928,卖盘
174,14:48:15,29.82,-0.01,13,38766,卖盘
175,14:48:12,29.83,--,11,32813,买盘
176,14:48:09,29.83,0.02,4,11932,买盘
177,14:48:06,29.81,-0.02,41,122221,卖盘
178,14:48:03,29.83,0.02,68,202844,买盘
179,14:48:00,29.81,-0.02,30,89430,卖盘
180,14:47:57,29.83,0.02,1,2983,买盘
181,14:47:54,29.81,--,12,35772,卖盘
182,14:47:51,29.81,--,4,11924,卖盘
183,14:47:48,29.81,--,5,14905,卖盘
184,14:47:45,29.81,--,102,304062,卖盘
185,14:47:42,29.81,--,5,14905,卖盘
186,14:47:39,29.81,0.02,67,199727,买盘
187,14:47:36,29.79,--,14,41706,卖盘
188,14:47:33,29.79,--,15,44685,卖盘
189,14:47:30,29.79,-0.01,18,53622,卖盘
190,14:47:24,29.8,0.01,18,53640,买盘
191,14:47:18,29.79,-0.01,4,11916,卖盘
192,14:47:12,29.8,--,10,29800,买盘
193,14:47:09,29.8,--,27,80460,卖盘
194,14:47:06,29.8,--,4,11920,卖盘
195,14:47:03,29.8,--,37,110260,卖盘
196,14:46:54,29.8,--,21,62580,卖盘
197,14:46:51,29.8,--,8,23840,卖盘
198,14:46:48,29.8,-0.03,58,172840,卖盘
199,14:46:45,29.83,--,5,14915,买盘
200,14:46:42,29.83,-0.01,10,29830,中性盘
201,14:46:39,29.84,0.04,5,14920,买盘
202,14:46:36,29.8,--,2,5960,卖盘
203,14:46:33,29.8,-0.03,127,378460,卖盘
204,14:46:30,29.83,--,17,50711,卖盘
205,14:46:27,29.83,--,72,214776,买盘
206,14:46:24,29.83,0.03,10,29830,买盘
207,14:46:21,29.8,--,17,50660,卖盘
208,14:46:18,29.8,--,61,181780,卖盘
209,14:46:15,29.8,-0.03,13,38740,卖盘
210,14:46:12,29.83,0.03,12,35796,买盘
211,14:46:09,29.8,-0.03,5,14900,卖盘
212,14:46:03,29.83,0.02,12,35796,买盘
213,14:46:00,29.81,0.01,43,128183,卖盘
214,14:45:57,29.8,-0.01,150,447000,卖盘
215,14:45:54,29.81,0.01,18,53658,买盘
216,14:45:51,29.8,--,7,20860,卖盘
217,14:45:48,29.8,--,92,274160,卖盘
218,14:45:45,29.8,-0.01,20,59600,卖盘
219,14:45:42,29.81,--,16,47696,买盘
220,14:45:33,29.81,-0.02,19,56639,卖盘
221,14:45:30,29.83,--,37,110371,卖盘
222,14:45:27,29.83,--,6,17898,卖盘
223,14:45:24,29.83,--,11,32813,卖盘
224,14:45:21,29.83,0.02,4,11932,买盘
225,14:45:18,29.81,-0.02,53,157993,卖盘
226,14:45:12,29.83,0.01,15,44745,买盘
227,14:45:09,29.82,0.01,8,23856,买盘
228,14:45:03,29.81,-0.02,20,59620,卖盘
229,14:45:00,29.83,0.02,28,83524,买盘
230,14:44:57,29.81,--,1,2981,卖盘
231,14:44:54,29.81,-0.01,13,38753,卖盘
232,14:44:51,29.82,0.02,14,41748,买盘
233,14:44:48,29.8,-0.01,53,157940,卖盘
234,14:44:45,29.81,-0.01,14,41734,卖盘
235,14:44:42,29.82,--,12,35784,卖盘
236,14:44:39,29.82,--,16,47712,卖盘
237,14:44:33,29.82,0.01,12,35784,卖盘
238,14:44:30,29.81,--,2,5962,卖盘
239,14:44:27,29.81,-0.04,6,17886,中性盘
240,14:44:24,29.85,0.05,107,319395,买盘
241,14:44:21,29.8,--,16,47680,卖盘
242,14:44:18,29.8,-0.02,73,217540,卖盘
243,14:44:15,29.82,-0.03,55,165799,卖盘
244,14:44:12,29.85,--,11,32835,买盘
245,14:44:09,29.85,0.03,3,8955,买盘
246,14:44:06,29.82,--,3,8946,卖盘
247,14:44:03,29.82,--,12,35784,卖盘
248,14:44:00,29.82,0.01,67,200986,买盘
249,14:43:57,29.81,--,25,74525,卖盘
250,14:43:54,29.81,-0.01,11,32791,卖盘
251,14:43:51,29.82,--,7,22663,卖盘
252,14:43:48,29.82,--,64,192040,卖盘
253,14:43:45,29.82,-0.01,43,128226,卖盘
254,14:43:42,29.83,-0.01,12,35796,卖盘
255,14:43:39,29.84,--,10,31928,卖盘
256,14:43:36,29.84,-0.01,84,251551,中性盘
257,14:43:33,29.85,--,10,29850,买盘
258,14:43:30,29.85,0.03,64,191040,买盘
259,14:43:27,29.82,--,4,11928,卖盘
260,14:43:24,29.82,-0.03,22,65604,卖盘
261,14:43:21,29.85,0.04,10,29850,买盘
262,14:43:18,29.81,--,51,152031,卖盘
263,14:43:15,29.81,-0.04,14,41734,卖盘
264,14:43:12,29.85,0.03,11,32835,买盘
265,14:43:09,29.82,--,1,2982,卖盘
266,14:43:06,29.82,--,1,2982,买盘
267,14:43:03,29.82,-0.03,15,44730,卖盘
268,14:43:00,29.85,--,6,19701,卖盘
269,14:42:57,29.85,--,134,401184,买盘
270,14:42:54,29.85,0.04,14,41790,买盘
271,14:42:51,29.81,-0.04,2,5962,卖盘
272,14:42:48,29.85,--,174,519390,买盘
273,14:42:42,29.85,0.03,27,80595,买盘
274,14:42:39,29.82,--,12,35784,卖盘
275,14:42:33,29.82,--,13,38766,卖盘
276,14:42:30,29.82,-0.03,7,20874,中性盘
277,14:42:24,29.85,0.04,10,29850,买盘
278,14:42:21,29.81,--,54,160974,卖盘
279,14:42:18,29.81,-0.03,105,313005,卖盘
280,14:42:15,29.84,-0.01,85,253640,卖盘
281,14:42:12,29.85,0.04,93,277605,买盘
282,14:42:09,29.81,--,22,65582,卖盘
283,14:42:06,29.81,0.01,3,8943,中性盘
284,14:42:03,29.8,--,18,53640,卖盘
285,14:42:00,29.8,-0.05,16,47680,卖盘
286,14:41:57,29.85,0.04,45,134325,买盘
287,14:41:54,29.81,-0.03,12,35772,中性盘
288,14:41:51,29.84,0.04,3,8952,买盘
289,14:41:48,29.8,-0.06,85,253300,卖盘
290,14:41:45,29.86,0.01,97,289642,买盘
291,14:41:42,29.85,--,11,32835,买盘
292,14:41:39,29.85,0.03,32,95520,买盘
293,14:41:36,29.82,-0.02,90,270348,卖盘
294,14:41:33,29.84,--,3,8952,卖盘
295,14:41:30,29.84,--,20,59680,卖盘
296,14:41:27,29.84,--,91,272558,买盘
297,14:41:24,29.84,--,110,328240,买盘
298,14:41:21,29.84,0.03,2,5968,买盘
299,14:41:18,29.81,-0.04,262,782989,卖盘
300,14:41:15,29.85,-0.01,5,14925,卖盘
301,14:41:12,29.86,0.01,13,38818,买盘
302,14:41:09,29.85,0.01,85,254739,买盘
303,14:41:03,29.84,--,137,408808,卖盘
304,14:41:00,29.84,0.02,90,268560,买盘
305,14:40:54,29.82,--,14,41748,卖盘
306,14:40:51,29.82,-0.02,9,26838,卖盘
307,14:40:48,29.84,--,10,29840,买盘
308,14:40:42,29.84,0.02,42,125328,买盘
309,14:40:36,29.82,--,16,47712,卖盘
310,14:40:33,29.82,--,84,250488,卖盘
311,14:40:27,29.82,--,8,23856,卖盘
312,14:40:24,29.82,--,22,65604,卖盘
313,14:40:21,29.82,0.02,126,375732,买盘
314,14:40:18,29.8,-0.01,67,199660,卖盘
315,14:40:15,29.81,-0.01,3,8943,卖盘
316,14:40:12,29.82,--,10,29820,买盘
317,14:40:09,29.82,--,21,62622,买盘
318,14:40:06,29.82,0.01,8,23856,买盘
319,14:40:03,29.81,--,49,146069,卖盘
320,14:40:00,29.81,-0.01,3,8943,卖盘
321,14:39:57,29.82,0.01,1,2982,买盘
322,14:39:54,29.81,--,11,32791,卖盘
323,14:39:51,29.81,-0.01,68,202708,卖盘
324,14:39:48,29.82,--,65,193830,卖盘
325,14:39:45,29.82,-0.03,2,5964,卖盘
326,14:39:42,29.85,0.03,10,29850,买盘
327,14:39:36,29.82,-0.01,21,62622,卖盘
328,14:39:33,29.83,--,25,74575,卖盘
329,14:39:30,29.83,--,10,29830,卖盘
330,14:39:27,29.83,-0.02,38,113354,中性盘
331,14:39:24,29.85,--,12,35820,买盘
332,14:39:21,29.85,0.03,25,74625,买盘
333,14:39:18,29.82,0.02,64,190848,中性盘
334,14:39:15,29.8,-0.04,3,8940,卖盘
335,14:39:12,29.84,0.04,102,304368,买盘
336,14:39:06,29.8,--,21,62580,卖盘
337,14:39:03,29.8,--,16,47680,卖盘
338,14:39:00,29.8,--,3,8940,卖盘
339,14:38:54,29.8,--,22,65560,卖盘
340,14:38:51,29.8,--,2,5960,卖盘
341,14:38:48,29.8,-0.03,13,38740,卖盘
342,14:38:45,29.83,--,4,11932,卖盘
343,14:38:42,29.83,--,10,29830,卖盘
344,14:38:39,29.83,0.04,71,211793,买盘
345,14:38:36,29.79,-0.01,3,8937,卖盘
346,14:38:33,29.8,--,15,44700,卖盘
347,14:38:30,29.8,-0.02,3,8940,卖盘
348,14:38:24,29.82,0.02,79,235578,买盘
349,14:38:21,29.8,--,9,26820,卖盘
350,14:38:18,29.8,--,5,14900,卖盘
351,14:38:15,29.8,-0.01,52,154960,卖盘
352,14:38:12,29.81,--,14,41734,买盘
353,14:38:09,29.81,0.01,10,29810,买盘
354,14:38:06,29.8,--,6,17880,卖盘
355,14:38:03,29.8,-0.03,110,327800,卖盘
356,14:38:00,29.83,--,2,5966,买盘
357,14:37:54,29.83,0.01,10,29830,买盘
358,14:37:51,29.82,-0.01,10,29820,卖盘
359,14:37:45,29.83,-0.01,4,11932,卖盘
360,14:37:42,29.84,--,37,110408,买盘
361,14:37:39,29.84,--,20,59680,卖盘
362,14:37:36,29.84,--,8,23872,卖盘
363,14:37:33,29.84,--,13,38792,卖盘
364,14:37:30,29.84,-0.01,98,292432,卖盘
365,14:37:27,29.85,--,5,14925,买盘
366,14:37:24,29.85,0.01,21,62685,买盘
367,14:37:21,29.84,-0.01,54,161136,卖盘
368,14:37:18,29.85,--,7,20895,卖盘
369,14:37:15,29.85,-0.01,9,26865,卖盘
370,14:37:12,29.86,--,223,665878,买盘
371,14:37:09,29.86,--,15,44790,卖盘
372,14:37:06,29.86,0.01,21,62706,中性盘
373,14:37:03,29.85,-0.02,13,38805,卖盘
374,14:37:00,29.87,-0.01,1,2987,中性盘
375,14:36:57,29.88,0.03,200,597600,买盘
376,14:36:54,29.85,--,20,59700,卖盘
377,14:36:51,29.85,-0.01,20,59700,卖盘
378,14:36:48,29.86,--,6,17916,卖盘
379,14:36:45,29.86,-0.01,19,56734,卖盘
380,14:36:42,29.87,0.01,15,44805,买盘
381,14:36:39,29.86,--,36,107496,卖盘
382,14:36:33,29.86,-0.02,31,92566,卖盘
383,14:36:24,29.88,0.01,11,32868,买盘
384,14:36:21,29.87,-0.01,41,122467,卖盘
385,14:36:18,29.88,0.01,7,20916,买盘
386,14:36:15,29.87,-0.01,49,146363,卖盘
387,14:36:12,29.88,--,27,80676,买盘
388,14:36:09,29.88,0.01,1,2988,买盘
389,14:36:06,29.87,--,8,23896,卖盘
390,14:36:03,29.87,-0.01,18,53766,卖盘
391,14:35:54,29.88,0.01,11,32868,买盘
392,14:35:51,29.87,--,4,11948,卖盘
393,14:35:48,29.87,--,7,20909,卖盘
394,14:35:42,29.87,--,17,50779,卖盘
395,14:35:39,29.87,--,28,83636,卖盘
396,14:35:36,29.87,--,5,14935,卖盘
397,14:35:33,29.87,--,15,44805,卖盘
398,14:35:30,29.87,--,33,98571,卖盘
399,14:35:27,29.87,--,6,17922,卖盘
400,14:35:24,29.87,--,12,35844,卖盘
401,14:35:21,29.87,--,6,17922,卖盘
402,14:35:18,29.87,0.01,7,20909,中性盘
403,14:35:15,29.86,--,22,65692,卖盘
404,14:35:12,29.86,--,71,212006,卖盘
405,14:35:09,29.86,-0.01,15,44790,卖盘
406,14:35:03,29.87,0.01,59,176233,买盘
407,14:35:00,29.86,--,10,29860,卖盘
408,14:34:57,29.86,-0.01,53,158258,卖盘
409,14:34:54,29.87,0.01,16,47792,中性盘
410,14:34:51,29.86,--,51,152286,卖盘
411,14:34:48,29.86,--,50,149300,卖盘
412,14:34:45,29.86,-0.02,3,8958,卖盘
413,14:34:42,29.88,0.02,47,140436,买盘
414,14:34:39,29.86,--,51,152286,买盘
415,14:34:36,29.86,--,9,26874,卖盘
416,14:34:33,29.86,--,12,35832,卖盘
417,14:34:30,29.86,-0.01,9,26874,卖盘
418,14:34:27,29.87,0.01,100,298700,买盘
419,14:34:24,29.86,--,16,47776,卖盘
420,14:34:21,29.86,-0.01,23,68678,卖盘
421,14:34:18,29.87,0.01,26,77662,买盘
422,14:34:15,29.86,-0.01,12,35832,卖盘
423,14:34:12,29.87,--,10,29870,买盘
424,14:34:09,29.87,0.01,20,59740,买盘
425,14:34:06,29.86,--,2,5972,卖盘
426,14:34:03,29.86,--,14,41804,卖盘
427,14:34:00,29.86,-0.01,9,26874,卖盘
428,14:33:57,29.87,0.01,25,74675,买盘
429,14:33:54,29.86,--,14,41804,卖盘
430,14:33:51,29.86,--,33,98538,卖盘
431,14:33:48,29.86,--,2,5972,卖盘
432,14:33:45,29.86,-0.01,47,140342,卖盘
433,14:33:42,29.87,0.01,12,35844,买盘
434,14:33:39,29.86,-0.01,2,5972,卖盘
435,14:33:36,29.87,0.01,5,14935,买盘
436,14:33:33,29.86,--,22,65692,卖盘
437,14:33:30,29.86,0.01,13,38818,卖盘
438,14:33:27,29.85,--,48,143280,卖盘
439,14:33:24,29.85,-0.02,25,74625,卖盘
440,14:33:21,29.87,0.02,1,2987,买盘
441,14:33:18,29.85,-0.03,16,47760,卖盘
442,14:33:15,29.88,0.01,134,400392,买盘
443,14:33:12,29.87,--,18,53766,买盘
444,14:33:09,29.87,-0.01,12,35844,中性盘
445,14:33:03,29.88,--,15,44820,买盘
446,14:33:00,29.88,0.03,24,71712,买盘
447,14:32:57,29.85,-0.03,19,56715,卖盘
448,14:32:54,29.88,--,56,167328,卖盘
449,14:32:45,29.88,--,2,5976,卖盘
450,14:32:42,29.88,--,20,59760,卖盘
451,14:32:39,29.88,--,24,71712,卖盘
452,14:32:36,29.88,0.02,12,35856,买盘
453,14:32:33,29.86,-0.02,49,146314,卖盘
454,14:32:30,29.88,--,51,152388,买盘
455,14:32:27,29.88,--,62,185256,卖盘
456,14:32:24,29.88,--,40,119520,卖盘
457,14:32:21,29.88,--,9,26892,卖盘
458,14:32:18,29.88,--,20,59760,卖盘
459,14:32:12,29.88,--,13,38844,卖盘
460,14:32:06,29.88,-0.01,7,20916,卖盘
461,14:32:03,29.89,0.01,32,95648,买盘
462,14:32:00,29.88,0.01,1,2988,买盘
463,14:31:57,29.87,-0.01,25,74675,卖盘
464,14:31:54,29.88,-0.01,44,131472,中性盘
465,14:31:51,29.89,--,114,340746,买盘
466,14:31:42,29.89,0.03,13,38857,买盘
467,14:31:36,29.86,-0.03,15,44790,卖盘
468,14:31:33,29.89,0.03,22,65758,买盘
469,14:31:30,29.86,--,15,44790,卖盘
470,14:31:27,29.86,0.01,4,11944,中性盘
471,14:31:24,29.85,-0.01,38,113430,卖盘
472,14:31:21,29.86,0.01,4,11944,中性盘
473,14:31:18,29.85,-0.04,23,68655,卖盘
474,14:31:15,29.89,0.03,6,17934,买盘
475,14:31:12,29.86,--,14,41804,买盘
476,14:31:09,29.86,--,5,14930,买盘
477,14:31:06,29.86,-0.01,70,209020,卖盘
478,14:31:03,29.87,--,30,89610,卖盘
479,14:31:00,29.87,-0.03,14,41818,卖盘
480,14:30:57,29.9,--,47,140530,买盘
481,14:30:54,29.9,0.04,64,191360,买盘
482,14:30:51,29.86,-0.04,108,322488,卖盘
483,14:30:48,29.9,0.04,250,747500,买盘
484,14:30:45,29.86,-0.02,57,170202,卖盘
485,14:30:42,29.88,0.02,16,47808,买盘
486,14:30:33,29.86,-0.02,1020,3045720,卖盘
487,14:30:27,29.88,--,26,77688,买盘
488,14:30:24,29.88,0.01,10,29880,买盘
489,14:30:21,29.87,-0.01,10,29870,卖盘
490,14:30:18,29.88,0.01,131,391428,买盘
491,14:30:15,29.87,--,10,29870,买盘
492,14:30:12,29.87,--,12,35844,买盘
493,14:30:09,29.87,0.01,18,53766,买盘
494,14:30:06,29.86,--,18,53748,买盘
495,14:30:03,29.86,-0.01,41,122426,卖盘
496,14:30:00,29.87,0.02,8,23896,买盘
497,14:29:54,29.85,--,44,131340,卖盘
498,14:29:51,29.85,-0.02,116,346260,卖盘
499,14:29:48,29.87,--,9,26883,买盘
500,14:29:45,29.87,0.02,52,155324,买盘
501,14:29:42,29.85,-0.01,69,205965,卖盘
502,14:29:39,29.86,--,31,92566,买盘
503,14:29:36,29.86,0.01,30,89580,买盘
504,14:29:33,29.85,--,48,143280,卖盘
505,14:29:30,29.85,--,7,20895,卖盘
506,14:29:27,29.85,--,5,14925,卖盘
507,14:29:24,29.85,--,66,197010,卖盘
508,14:29:21,29.85,--,30,89550,卖盘
509,14:29:18,29.85,--,47,140295,买盘
510,14:29:15,29.85,--,103,307455,买盘
511,14:29:12,29.85,0.02,118,352230,买盘
512,14:29:09,29.83,--,7,20881,卖盘
513,14:29:06,29.83,-0.02,1,2983,卖盘
514,14:29:03,29.85,0.02,13,38805,买盘
515,14:29:00,29.83,--,15,44745,买盘
516,14:28:57,29.83,0.01,2,5966,买盘
517,14:28:54,29.82,--,16,47712,卖盘
518,14:28:45,29.82,--,1,2982,卖盘
519,14:28:42,29.82,-0.01,14,41748,中性盘
520,14:28:36,29.83,--,9,26847,买盘
521,14:28:33,29.83,0.01,10,29830,买盘
522,14:28:30,29.82,--,18,53676,卖盘
523,14:28:27,29.82,0.01,2,5964,卖盘
524,14:28:24,29.81,-0.01,15,44715,卖盘
525,14:28:21,29.82,--,12,35784,卖盘
526,14:28:18,29.82,0.01,6,17892,中性盘
527,14:28:15,29.81,-0.04,24,71544,卖盘
528,14:28:12,29.85,--,10,29850,买盘
529,14:28:09,29.85,0.04,7,20895,买盘
530,14:28:06,29.81,-0.04,24,71544,卖盘
531,14:28:03,29.85,0.04,18,53730,买盘
532,14:28:00,29.81,0.01,5,14905,买盘
533,14:27:57,29.8,-0.01,107,318860,卖盘
534,14:27:54,29.81,--,22,65582,卖盘
535,14:27:51,29.81,--,1,2981,卖盘
536,14:27:48,29.81,0.01,5,14905,卖盘
537,14:27:45,29.8,-0.04,8,23840,卖盘
538,14:27:42,29.84,0.01,10,29840,买盘
539,14:27:39,29.83,0.03,3,8949,买盘
540,14:27:36,29.8,-0.04,6,17880,卖盘
541,14:27:33,29.84,0.04,18,53712,买盘
542,14:27:27,29.8,-0.04,4,11920,卖盘
543,14:27:24,29.84,0.04,13,38792,买盘
544,14:27:21,29.8,-0.03,56,166880,卖盘
545,14:27:15,29.83,--,7,20881,买盘
546,14:27:12,29.83,--,15,44745,卖盘
547,14:27:09,29.83,--,11,32813,买盘
548,14:27:06,29.83,-0.01,4,11932,卖盘
549,14:27:03,29.84,0.04,10,29840,买盘
550,14:26:57,29.8,-0.01,3,8940,卖盘
551,14:26:54,29.81,-0.02,47,140107,卖盘
552,14:26:48,29.83,--,29,86507,卖盘
553,14:26:45,29.83,-0.01,114,340062,卖盘
554,14:26:42,29.84,--,10,29840,买盘
555,14:26:39,29.84,0.01,14,41776,买盘
556,14:26:36,29.83,--,3,8949,卖盘
557,14:26:33,29.83,-0.01,11,32813,中性盘
558,14:26:27,29.84,--,31,92504,买盘
559,14:26:24,29.84,0.01,10,29840,买盘
560,14:26:21,29.83,0.02,36,107388,买盘
561,14:26:18,29.81,-0.02,8,23848,卖盘
562,14:26:12,29.83,-0.01,16,47728,中性盘
563,14:26:03,29.84,0.03,20,59680,买盘
564,14:25:57,29.81,-0.03,4,11924,卖盘
565,14:25:54,29.84,0.03,10,29840,买盘
566,14:25:51,29.81,--,6,17886,卖盘
567,14:25:48,29.81,--,4,11924,卖盘
568,14:25:45,29.81,-0.03,10,29810,卖盘
569,14:25:42,29.84,--,19,56696,卖盘
570,14:25:39,29.84,--,1,2984,卖盘
571,14:25:36,29.84,0.04,7,20888,买盘
572,14:25:33,29.8,--,21,62580,卖盘
573,14:25:30,29.8,-0.04,4,11920,卖盘
574,14:25:27,29.84,--,46,137264,买盘
575,14:25:24,29.84,--,10,29840,买盘
576,14:25:21,29.84,0.04,1,2984,买盘
577,14:25:18,29.8,-0.04,156,464880,卖盘
578,14:25:12,29.84,0.03,49,146216,买盘
579,14:25:09,29.81,-0.03,3,8943,卖盘
580,14:25:06,29.84,0.03,1,2984,买盘
581,14:25:03,29.81,--,20,59620,卖盘
582,14:24:57,29.81,--,4,12520,卖盘
583,14:24:54,29.81,--,11,32791,卖盘
584,14:24:51,29.81,--,4,11924,卖盘
585,14:24:45,29.81,-0.03,116,345796,卖盘
586,14:24:42,29.84,0.02,19,56696,买盘
587,14:24:39,29.82,-0.01,8,23856,中性盘
588,14:24:36,29.83,-0.01,18,53694,卖盘
589,14:24:33,29.84,-0.03,213,635592,卖盘
590,14:24:30,29.87,0.03,125,373375,买盘
591,14:24:27,29.84,-0.01,1,2984,卖盘
592,14:24:24,29.85,--,21,62685,卖盘
593,14:24:21,29.85,--,71,211935,买盘
594,14:24:18,29.85,-0.01,23,68655,卖盘
595,14:24:12,29.86,0.01,33,98538,买盘
596,14:24:09,29.85,--,11,32835,卖盘
597,14:24:03,29.85,--,69,205965,卖盘
598,14:24:00,29.85,--,3,8955,卖盘
599,14:23:57,29.85,--,15,44775,卖盘
600,14:23:54,29.85,--,18,53730,卖盘
601,14:23:51,29.85,-0.01,111,331335,卖盘
602,14:23:48,29.86,0.01,138,412068,买盘
603,14:23:45,29.85,-0.01,42,125370,卖盘
604,14:23:42,29.86,--,45,134370,买盘
605,14:23:39,29.86,-0.01,192,573312,卖盘
606,14:23:36,29.87,0.01,35,104545,卖盘
607,14:23:33,29.86,--,25,74650,卖盘
608,14:23:30,29.86,--,9,26874,卖盘
609,14:23:27,29.86,--,3,8958,卖盘
610,14:23:24,29.86,--,40,119440,卖盘
611,14:23:21,29.86,--,22,65692,卖盘
612,14:23:18,29.86,-0.01,7,20902,卖盘
613,14:23:15,29.87,--,6,17922,买盘
614,14:23:12,29.87,0.01,10,29870,买盘
615,14:23:09,29.86,-0.01,4,11944,卖盘
616,14:23:06,29.87,--,1,2987,买盘
617,14:23:03,29.87,0.01,20,59740,买盘
618,14:23:00,29.86,-0.01,16,47776,卖盘
619,14:22:54,29.87,0.01,20,59740,买盘
620,14:22:51,29.86,--,3,8958,卖盘
621,14:22:48,29.86,0.01,14,41804,买盘
622,14:22:45,29.85,-0.02,13,38805,卖盘
623,14:22:42,29.87,0.01,11,32857,买盘
624,14:22:39,29.86,-0.02,15,44790,中性盘
625,14:22:36,29.88,0.03,179,534852,买盘
626,14:22:33,29.85,--,44,131340,卖盘
627,14:22:24,29.85,-0.01,33,98505,卖盘
628,14:22:21,29.86,--,48,144462,卖盘
629,14:22:18,29.86,--,60,179160,卖盘
630,14:22:15,29.86,-0.01,23,68678,卖盘
631,14:22:12,29.87,--,15,44805,买盘
632,14:22:09,29.87,0.01,4,11948,买盘
633,14:22:06,29.86,--,4,11944,卖盘
634,14:22:03,29.86,--,15,44790,卖盘
635,14:22:00,29.86,--,4,11944,卖盘
636,14:21:54,29.86,--,23,68678,卖盘
637,14:21:51,29.86,--,15,44790,卖盘
638,14:21:48,29.86,--,30,89580,卖盘
639,14:21:42,29.86,--,49,146314,卖盘
640,14:21:39,29.86,-0.01,4,11944,卖盘
641,14:21:36,29.87,--,11,32857,买盘
642,14:21:33,29.87,0.01,10,29870,买盘
643,14:21:30,29.86,--,3,8958,卖盘
644,14:21:27,29.86,-0.01,1,2986,卖盘
645,14:21:24,29.87,-0.01,23,68701,卖盘
646,14:21:21,29.88,0.02,1,2988,买盘
647,14:21:18,29.86,-0.01,48,143328,卖盘
648,14:21:15,29.87,--,28,83636,卖盘
649,14:21:12,29.87,--,5,14935,卖盘
650,14:21:09,29.87,--,13,38831,卖盘
651,14:21:06,29.87,0.03,328,981587,买盘
652,14:21:03,29.84,--,54,161136,卖盘
653,14:20:57,29.84,-0.01,4,11936,卖盘
654,14:20:54,29.85,--,59,176115,买盘
655,14:20:51,29.85,-0.01,114,340290,卖盘
656,14:20:48,29.86,0.01,1,2986,买盘
657,14:20:42,29.85,--,14,41790,卖盘
658,14:20:39,29.85,--,12,35820,卖盘
659,14:20:33,29.85,--,14,41790,卖盘
660,14:20:30,29.85,--,37,110445,卖盘
661,14:20:27,29.85,-0.01,8,23880,卖盘
662,14:20:24,29.86,0.01,10,29860,买盘
663,14:20:21,29.85,-0.01,8,23880,中性盘
664,14:20:18,29.86,0.01,59,176174,买盘
665,14:20:15,29.85,-0.01,6,17910,卖盘
666,14:20:12,29.86,--,11,32846,买盘
667,14:20:09,29.86,0.02,2,5972,买盘
668,14:20:06,29.84,-0.02,4,11936,卖盘
669,14:20:03,29.86,0.02,10,29860,买盘
670,14:20:00,29.84,-0.02,3,8952,卖盘
671,14:19:54,29.86,--,141,421026,买盘
672,14:19:51,29.86,0.02,5,14930,买盘
673,14:19:48,29.84,--,85,253640,卖盘
674,14:19:45,29.84,--,89,265576,卖盘
675,14:19:42,29.84,--,38,113392,卖盘
676,14:19:36,29.84,-0.02,10,29840,卖盘
677,14:19:33,29.86,--,15,44790,买盘
678,14:19:30,29.86,0.01,55,164230,买盘
679,14:19:27,29.85,-0.01,48,143280,卖盘
680,14:19:24,29.86,--,13,38818,卖盘
681,14:19:21,29.86,-0.01,5,14930,卖盘
682,14:19:18,29.87,0.01,14,41818,买盘
683,14:19:12,29.86,0.01,19,56734,卖盘
684,14:19:06,29.85,--,4,11940,卖盘
685,14:19:03,29.85,-0.02,31,92535,卖盘
686,14:18:57,29.87,--,5,14935,买盘
687,14:18:54,29.87,0.02,10,29870,买盘
688,14:18:51,29.85,-0.02,3,8955,卖盘
689,14:18:48,29.87,0.02,2,5974,买盘
690,14:18:45,29.85,-0.02,42,125370,卖盘
691,14:18:42,29.87,--,28,83636,买盘
692,14:18:39,29.87,0.02,31,92597,买盘
693,14:18:36,29.85,-0.01,251,751414,卖盘
694,14:18:33,29.86,--,20,59720,卖盘
695,14:18:30,29.86,-0.01,10,29860,卖盘
696,14:18:27,29.87,0.01,23,68701,买盘
697,14:18:24,29.86,--,42,125412,卖盘
698,14:18:21,29.86,-0.01,6,17916,卖盘
699,14:18:18,29.87,0.01,2,5974,买盘
700,14:18:15,29.86,-0.01,24,71664,卖盘
701,14:18:12,29.87,0.01,46,137402,中性盘
702,14:18:09,29.86,-0.01,34,101524,卖盘
703,14:18:06,29.87,-0.01,17,50779,买盘
704,14:18:03,29.88,--,15,44820,买盘
705,14:18:00,29.88,--,18,53784,买盘
706,14:17:57,29.88,--,102,304776,买盘
707,14:17:54,29.88,0.01,10,29880,买盘
708,14:17:51,29.87,--,10,29870,卖盘
709,14:17:48,29.87,--,4,11948,卖盘
710,14:17:45,29.87,0.01,21,62727,买盘
711,14:17:42,29.86,-0.01,33,98538,中性盘
712,14:17:33,29.87,--,69,206103,买盘
713,14:17:30,29.87,0.02,80,238960,买盘
714,14:17:27,29.85,--,40,120205,买盘
715,14:17:24,29.85,0.03,15,44775,买盘
716,14:17:21,29.82,-0.01,101,301182,卖盘
717,14:17:18,29.83,0.01,23,68609,中性盘
718,14:17:15,29.82,--,606,1807092,卖盘
719,14:17:12,29.82,--,87,259434,卖盘
720,14:17:09,29.82,0.02,95,285287,买盘
721,14:17:06,29.8,-0.01,87,259260,卖盘
722,14:17:03,29.81,--,45,134145,买盘
723,14:17:00,29.81,0.01,3,8943,买盘
724,14:16:57,29.8,0.01,45,134129,买盘
725,14:16:54,29.79,-0.01,13,38727,卖盘
726,14:16:51,29.8,--,7,20860,买盘
727,14:16:48,29.8,--,27,80460,买盘
728,14:16:45,29.8,--,25,74500,买盘
729,14:16:42,29.8,--,42,125160,买盘
730,14:16:39,29.8,0.01,29,86420,买盘
731,14:16:36,29.79,--,5,14895,卖盘
732,14:16:33,29.79,-0.01,73,217467,卖盘
733,14:16:27,29.8,0.01,4,11920,买盘
734,14:16:24,29.79,--,216,643464,卖盘
735,14:16:21,29.79,--,2,5958,卖盘
736,14:16:15,29.79,-0.01,4,11916,中性盘
737,14:16:12,29.8,0.02,61,181780,买盘
738,14:16:09,29.78,--,4,11912,卖盘
739,14:16:06,29.78,-0.01,31,92318,卖盘
740,14:16:03,29.79,0.01,114,339606,买盘
741,14:16:00,29.78,-0.01,8,23824,卖盘
742,14:15:57,29.79,0.01,12,35748,买盘
743,14:15:54,29.78,-0.01,16,47648,卖盘
744,14:15:51,29.79,0.01,38,113202,买盘
745,14:15:45,29.78,-0.01,2,5956,卖盘
746,14:15:42,29.79,--,40,119160,买盘
747,14:15:39,29.79,0.01,24,71496,买盘
748,14:15:36,29.78,--,2,5956,买盘
749,14:15:33,29.78,-0.01,18,53604,卖盘
750,14:15:30,29.79,0.02,30,89370,买盘
751,14:15:27,29.77,-0.01,10,29770,卖盘
752,14:15:24,29.78,-0.01,13,38714,卖盘
753,14:15:21,29.79,0.01,101,300879,买盘
754,14:15:18,29.78,--,11,32758,买盘
755,14:15:12,29.78,0.01,28,83384,买盘
756,14:15:09,29.77,--,2,5954,卖盘
757,14:15:06,29.77,--,3,8931,卖盘
758,14:15:03,29.77,--,14,41678,卖盘
759,14:15:00,29.77,0.01,10,29770,买盘
760,14:14:54,29.76,-0.01,41,122016,卖盘
761,14:14:51,29.77,0.01,1,2977,买盘
762,14:14:45,29.76,-0.01,11,34224,卖盘
763,14:14:42,29.77,--,12,35724,买盘
764,14:14:39,29.77,0.01,5,14885,买盘
765,14:14:36,29.76,--,29,86304,卖盘
766,14:14:33,29.76,-0.01,20,59520,卖盘
767,14:14:27,29.77,0.01,3,8931,买盘
768,14:14:24,29.76,--,11,32736,卖盘
769,14:14:21,29.76,-0.01,4,11904,卖盘
770,14:14:18,29.77,0.01,1,2977,买盘
771,14:14:15,29.76,-0.02,35,104160,卖盘
772,14:14:12,29.78,--,12,35736,买盘
773,14:14:09,29.78,0.01,4,11912,中性盘
774,14:14:06,29.77,-0.02,199,592423,卖盘
775,14:14:03,29.79,0.01,27,80433,买盘
776,14:14:00,29.78,--,5,14890,卖盘
777,14:13:57,29.78,--,21,62538,买盘
778,14:13:54,29.78,--,10,29780,买盘
779,14:13:51,29.78,--,1,2978,买盘
780,14:13:45,29.78,--,2,5956,买盘
781,14:13:42,29.78,--,10,29780,买盘
782,14:13:39,29.78,0.02,6,17868,中性盘
783,14:13:36,29.76,-0.01,37,110112,卖盘
784,14:13:33,29.77,--,12,35724,卖盘
785,14:13:30,29.77,-0.02,7,20839,中性盘
786,14:13:24,29.79,--,10,29790,买盘
787,14:13:21,29.79,0.02,67,199593,买盘
788,14:13:15,29.77,-0.01,36,107172,卖盘
789,14:13:12,29.78,0.01,10,29780,买盘
790,14:13:06,29.77,-0.01,20,59540,卖盘
791,14:13:03,29.78,0.01,15,44670,买盘
792,14:13:00,29.77,--,7,20839,卖盘
793,14:12:57,29.77,--,2,5954,卖盘
794,14:12:54,29.77,-0.01,22,65494,卖盘
795,14:12:48,29.78,0.01,6,17868,买盘
796,14:12:45,29.77,-0.02,7,20839,卖盘
797,14:12:42,29.79,0.01,10,29790,买盘
798,14:12:39,29.78,-0.01,40,119120,中性盘
799,14:12:36,29.79,--,38,113202,买盘
800,14:12:33,29.79,0.01,10,29790,买盘
801,14:12:30,29.78,-0.01,5,14890,卖盘
802,14:12:27,29.79,0.01,36,107244,买盘
803,14:12:24,29.78,-0.01,12,35736,买盘
804,14:12:21,29.79,--,1,2979,买盘
805,14:12:12,29.79,--,10,29790,买盘
806,14:12:06,29.79,0.02,14,41706,买盘
807,14:12:03,29.77,--,15,44655,卖盘
808,14:12:00,29.77,--,9,26793,卖盘
809,14:11:57,29.77,-0.02,46,136942,卖盘
810,14:11:54,29.79,0.02,10,29790,买盘
811,14:11:51,29.77,--,12,35724,卖盘
812,14:11:48,29.77,-0.03,3,8931,卖盘
813,14:11:45,29.8,--,5,14900,买盘
814,14:11:42,29.8,0.03,19,56620,买盘
815,14:11:36,29.77,-0.03,1,2977,卖盘
816,14:11:33,29.8,0.01,10,29800,买盘
817,14:11:30,29.79,-0.01,18,53622,中性盘
818,14:11:24,29.8,0.02,10,29800,买盘
819,14:11:21,29.78,-0.02,4,11912,中性盘
820,14:11:12,29.8,0.03,15,44700,买盘
821,14:11:09,29.77,--,6,17862,卖盘
822,14:11:06,29.77,-0.03,7,20839,卖盘
823,14:11:03,29.8,--,10,29800,买盘
824,14:10:54,29.8,--,10,29800,买盘
825,14:10:42,29.8,0.03,11,32780,买盘
826,14:10:36,29.77,-0.02,6,17862,卖盘
827,14:10:33,29.79,0.02,10,29790,中性盘
828,14:10:30,29.77,-0.01,4,11908,卖盘
829,14:10:27,29.78,-0.02,15,44670,卖盘
830,14:10:24,29.8,--,10,29800,买盘
831,14:10:21,29.8,--,18,53640,买盘
832,14:10:18,29.8,--,21,62580,买盘
833,14:10:15,29.8,-0.01,85,253300,卖盘
834,14:10:12,29.81,--,16,47696,卖盘
835,14:10:09,29.81,--,10,29810,卖盘
836,14:10:06,29.81,0.01,14,41734,买盘
837,14:10:03,29.8,-0.01,44,131120,卖盘
838,14:10:00,29.81,0.01,3,8943,买盘
839,14:09:57,29.8,-0.01,28,83440,卖盘
840,14:09:54,29.81,0.01,4,11924,买盘
841,14:09:51,29.8,--,17,50660,买盘
842,14:09:42,29.8,0.01,12,35760,买盘
843,14:09:36,29.79,0.03,4,11916,中性盘
844,14:09:27,29.76,-0.06,69,205344,卖盘
845,14:09:24,29.82,0.06,45,134190,买盘
846,14:09:21,29.76,-0.03,41,122016,卖盘
847,14:09:18,29.79,--,3,8937,买盘
848,14:09:15,29.79,-0.03,11,32769,卖盘
849,14:09:12,29.82,0.01,18,53676,中性盘
850,14:09:09,29.81,0.02,222,661782,买盘
851,14:09:06,29.79,-0.01,24,72121,卖盘
852,14:09:03,29.8,--,14,41720,买盘
853,14:08:57,29.8,--,10,29800,买盘
854,14:08:54,29.8,--,10,29800,买盘
855,14:08:51,29.8,-0.02,350,1043000,卖盘
856,14:08:48,29.82,--,4,11928,买盘
857,14:08:42,29.82,--,120,357840,买盘
858,14:08:39,29.82,0.02,50,149100,买盘
859,14:08:36,29.8,--,1,2980,卖盘
860,14:08:33,29.8,--,32,95360,卖盘
861,14:08:30,29.8,-0.01,5,14900,卖盘
862,14:08:24,29.81,--,20,59620,买盘
863,14:08:21,29.81,--,23,68563,买盘
864,14:08:12,29.81,--,10,29810,买盘
865,14:08:09,29.81,0.01,1,2981,买盘
866,14:08:06,29.8,--,1,2980,卖盘
867,14:08:03,29.8,--,16,47680,卖盘
868,14:08:00,29.8,--,11,32780,卖盘
869,14:07:57,29.8,-0.01,31,92380,卖盘
870,14:07:54,29.81,0.01,10,29810,买盘
871,14:07:51,29.8,--,23,68540,卖盘
872,14:07:48,29.8,--,2,5960,卖盘
873,14:07:45,29.8,-0.02,1,2980,卖盘
874,14:07:42,29.82,--,108,322056,买盘
875,14:07:39,29.82,0.02,15,44730,买盘
876,14:07:36,29.8,--,3,8940,卖盘
877,14:07:33,29.8,--,21,62580,卖盘
878,14:07:24,29.8,--,32,95360,买盘
879,14:07:21,29.8,0.01,1,2980,买盘
880,14:07:18,29.79,-0.02,14,41706,卖盘
881,14:07:15,29.81,--,1,2981,买盘
882,14:07:12,29.81,0.03,10,29810,买盘
883,14:07:09,29.78,-0.03,40,119120,卖盘
884,14:07:06,29.81,0.01,35,104335,买盘
885,14:07:03,29.8,-0.01,223,664540,卖盘
886,14:07:00,29.81,--,4,11924,卖盘
887,14:06:57,29.81,--,5,14905,卖盘
888,14:06:54,29.81,0.02,116,345796,买盘
889,14:06:51,29.79,--,5,17248,买盘
890,14:06:48,29.79,-0.01,36,107869,卖盘
891,14:06:45,29.8,--,34,101320,卖盘
892,14:06:42,29.8,0.01,203,607294,买盘
893,14:06:33,29.79,--,18,53622,买盘
894,14:06:30,29.79,--,10,29790,卖盘
895,14:06:27,29.79,--,8,23832,卖盘
896,14:06:24,29.79,--,15,44685,卖盘
897,14:06:21,29.79,--,26,77454,卖盘
898,14:06:15,29.79,-0.01,10,29790,卖盘
899,14:06:12,29.8,0.01,39,116220,买盘
900,14:06:09,29.79,0.01,20,59580,卖盘
901,14:06:06,29.78,--,100,297800,卖盘
902,14:06:03,29.78,--,165,491370,卖盘
903,14:06:00,29.78,-0.01,10,29780,卖盘
904,14:05:57,29.79,0.01,7,20853,买盘
905,14:05:54,29.78,-0.01,21,62538,卖盘
906,14:05:48,29.79,0.01,35,104265,买盘
907,14:05:45,29.78,-0.01,65,193570,卖盘
908,14:05:42,29.79,0.01,10,29790,买盘
909,14:05:39,29.78,-0.01,5,14890,卖盘
910,14:05:36,29.79,0.03,147,437913,买盘
911,14:05:33,29.76,--,23,68448,卖盘
912,14:05:27,29.76,-0.02,7,20832,卖盘
913,14:05:24,29.78,--,11,32758,买盘
914,14:05:21,29.78,--,2,5956,买盘
915,14:05:12,29.78,--,20,59560,买盘
916,14:05:09,29.78,0.04,15,44670,买盘
917,14:05:03,29.74,--,56,166544,卖盘
918,14:05:00,29.74,--,14,41636,卖盘
919,14:04:57,29.74,-0.04,46,136804,卖盘
920,14:04:54,29.78,0.01,41,122098,买盘
921,14:04:51,29.77,0.03,27,80379,卖盘
922,14:04:48,29.74,-0.04,365,1087234,卖盘
923,14:04:42,29.78,0.01,11,32758,买盘
924,14:04:39,29.77,--,4,11908,卖盘
925,14:04:36,29.77,-0.01,6,17862,卖盘
926,14:04:33,29.78,--,10,29780,买盘
927,14:04:30,29.78,--,7,20846,买盘
928,14:04:27,29.78,--,5,14890,买盘
929,14:04:24,29.78,0.02,12,35736,买盘
930,14:04:21,29.76,--,3,8928,卖盘
931,14:04:15,29.76,-0.02,6,17975,卖盘
932,14:04:12,29.78,--,22,65516,买盘
933,14:04:06,29.78,--,3,8934,买盘
934,14:04:03,29.78,0.02,10,29780,买盘
935,14:04:00,29.76,--,25,74400,卖盘
936,14:03:57,29.76,--,55,163680,卖盘
937,14:03:54,29.76,--,13,38688,卖盘
938,14:03:51,29.76,--,6,17856,卖盘
939,14:03:48,29.76,-0.02,1,2976,卖盘
940,14:03:42,29.78,--,10,29780,买盘
941,14:03:36,29.78,0.02,1,2978,买盘
942,14:03:33,29.76,--,36,107136,卖盘
943,14:03:27,29.76,-0.02,20,59520,卖盘
944,14:03:24,29.78,--,10,29780,买盘
945,14:03:21,29.78,--,1,2978,买盘
946,14:03:12,29.78,0.02,16,47648,买盘
947,14:03:09,29.76,--,4,11904,卖盘
948,14:03:03,29.76,-0.02,18,53568,卖盘
949,14:03:00,29.78,0.05,12,35736,买盘
950,14:02:57,29.73,-0.03,16,47568,卖盘
951,14:02:54,29.76,-0.03,14,41664,卖盘
952,14:02:51,29.79,0.06,65,193635,买盘
953,14:02:48,29.73,-0.05,194,576880,卖盘
954,14:02:45,29.78,0.02,8,23824,买盘
955,14:02:42,29.76,0.01,47,142490,买盘
956,14:02:39,29.75,--,3,8925,买盘
957,14:02:33,29.75,0.01,15,44625,买盘
958,14:02:30,29.74,-0.01,27,80298,卖盘
959,14:02:24,29.75,--,15,44625,买盘
960,14:02:21,29.75,0.02,2,5950,买盘
961,14:02:18,29.73,--,4,11892,卖盘
962,14:02:15,29.73,-0.03,7,20811,卖盘
963,14:02:12,29.76,0.03,194,577344,买盘
964,14:02:09,29.73,-0.02,10,29730,卖盘
965,14:02:06,29.75,0.02,1,2975,买盘
966,14:02:03,29.73,0.01,15,44595,中性盘
967,14:01:57,29.72,-0.01,13,38636,卖盘
968,14:01:54,29.73,--,11,32703,买盘
969,14:01:48,29.73,--,1,2973,买盘
970,14:01:42,29.73,0.01,14,41622,买盘
971,14:01:39,29.72,-0.01,1,2972,中性盘
972,14:01:36,29.73,-0.01,8,23784,买盘
973,14:01:33,29.74,0.04,12,35688,买盘
974,14:01:30,29.7,-0.02,85,252450,卖盘
975,14:01:27,29.72,--,17,50524,卖盘
976,14:01:24,29.72,--,12,35664,卖盘
977,14:01:21,29.72,0.02,4,11888,卖盘
978,14:01:15,29.7,-0.04,23,68310,卖盘
979,14:01:12,29.74,0.05,27,82082,买盘
980,14:01:09,29.69,-0.01,2,5938,卖盘
981,14:01:06,29.7,--,73,216810,买盘
982,14:01:03,29.7,--,21,62370,买盘
983,14:01:00,29.7,-0.03,27,81378,卖盘
984,14:00:57,29.73,-0.01,203,603519,中性盘
985,14:00:54,29.74,0.02,26,77324,买盘
986,14:00:51,29.72,0.01,54,160488,买盘
987,14:00:48,29.71,--,7,20797,卖盘
988,14:00:45,29.71,-0.01,25,74275,卖盘
989,14:00:42,29.72,0.01,15,44580,买盘
990,14:00:39,29.71,--,52,154492,卖盘
991,14:00:36,29.71,--,15,44565,卖盘
992,14:00:33,29.71,--,11,32681,卖盘
993,14:00:30,29.71,--,11,32681,卖盘
994,14:00:27,29.71,0.01,67,199057,买盘
995,14:00:24,29.7,--,24,71280,卖盘
996,14:00:21,29.7,-0.02,11,32670,卖盘
997,14:00:18,29.72,0.02,11,32692,买盘
998,14:00:15,29.7,--,9,26730,卖盘
999,14:00:12,29.7,--,73,218592,卖盘
1000,14:00:09,29.7,--,44,130680,卖盘
1001,14:00:06,29.7,-0.02,212,629640,卖盘
1002,14:00:03,29.72,--,25,74300,买盘
1003,14:00:00,29.72,--,168,499296,卖盘
1004,13:59:57,29.72,-0.03,16,47552,卖盘
1005,13:59:54,29.75,--,11,32725,买盘
1006,13:59:48,29.75,--,156,464100,卖盘
1007,13:59:45,29.75,-0.02,203,603925,卖盘
1008,13:59:42,29.77,--,10,29770,买盘
1009,13:59:39,29.77,0.01,1,2977,买盘
1010,13:59:36,29.76,0.01,10,29760,中性盘
1011,13:59:33,29.75,--,54,160650,卖盘
1012,13:59:27,29.75,-0.02,200,595000,卖盘
1013,13:59:24,29.77,--,10,29770,买盘
1014,13:59:21,29.77,0.01,7,20839,买盘
1015,13:59:18,29.76,-0.01,2,6309,卖盘
1016,13:59:15,29.77,--,16,50251,卖盘
1017,13:59:12,29.77,--,34,101218,卖盘
1018,13:59:09,29.77,--,8,23816,卖盘
1019,13:59:06,29.77,-0.03,9,26793,卖盘
1020,13:59:03,29.8,0.03,10,29800,买盘
1021,13:59:00,29.77,-0.01,38,113126,卖盘
1022,13:58:57,29.78,--,10,29780,卖盘
1023,13:58:54,29.78,--,67,199526,卖盘
1024,13:58:51,29.78,--,30,89340,卖盘
1025,13:58:48,29.78,--,23,68494,卖盘
1026,13:58:45,29.78,--,8,23824,卖盘
1027,13:58:42,29.78,-0.02,23,68494,卖盘
1028,13:58:39,29.8,0.01,4,11920,中性盘
1029,13:58:33,29.79,--,10,29790,买盘
1030,13:58:30,29.79,-0.01,46,137034,卖盘
1031,13:58:27,29.8,--,2,5960,卖盘
1032,13:58:24,29.8,-0.03,28,83440,卖盘
1033,13:58:21,29.83,0.05,1,2983,买盘
1034,13:58:18,29.78,-0.05,6,17868,卖盘
1035,13:58:12,29.83,0.05,14,41762,买盘
1036,13:58:09,29.78,-0.02,64,190592,卖盘
1037,13:58:06,29.8,-0.03,195,582351,卖盘
1038,13:58:03,29.83,0.02,14,41762,买盘
1039,13:58:00,29.81,--,2,5962,卖盘
1040,13:57:57,29.81,-0.03,4,11924,卖盘
1041,13:57:54,29.84,--,10,29840,买盘
1042,13:57:48,29.84,0.03,1,2984,买盘
1043,13:57:45,29.81,-0.04,39,116259,卖盘
1044,13:57:42,29.85,0.04,10,29850,买盘
1045,13:57:39,29.81,-0.01,106,315986,卖盘
1046,13:57:33,29.82,--,16,47712,买盘
1047,13:57:30,29.82,-0.01,37,110334,卖盘
1048,13:57:27,29.83,0.01,10,29830,卖盘
1049,13:57:24,29.82,0.01,26,77532,中性盘
1050,13:57:21,29.81,-0.04,10,29810,卖盘
1051,13:57:18,29.85,--,15,44775,买盘
1052,13:57:15,29.85,--,1,2985,买盘
1053,13:57:12,29.85,0.03,24,71640,买盘
1054,13:57:09,29.82,0.01,7,20874,中性盘
1055,13:57:06,29.81,-0.04,9,26829,卖盘
1056,13:57:03,29.85,0.03,11,35730,买盘
1057,13:56:57,29.82,-0.01,398,1186925,卖盘
1058,13:56:54,29.83,-0.02,40,119320,卖盘
1059,13:56:51,29.85,0.02,10,29850,买盘
1060,13:56:48,29.83,-0.02,12,35796,卖盘
1061,13:56:45,29.85,--,106,316410,买盘
1062,13:56:42,29.85,--,20,59700,买盘
1063,13:56:39,29.85,--,29,86565,买盘
1064,13:56:33,29.85,0.01,10,29850,买盘
1065,13:56:27,29.84,-0.01,3,8952,卖盘
1066,13:56:24,29.85,--,15,44775,买盘
1067,13:56:21,29.85,--,2,5970,买盘
1068,13:56:18,29.85,0.01,15,44775,买盘
1069,13:56:12,29.84,-0.01,42,125328,卖盘
1070,13:56:09,29.85,--,5,14925,买盘
1071,13:56:03,29.85,0.01,68,202980,买盘
1072,13:56:00,29.84,-0.01,5,14920,卖盘
1073,13:55:54,29.85,0.01,10,29850,买盘
1074,13:55:51,29.84,--,10,29840,卖盘
1075,13:55:48,29.84,--,9,29750,卖盘
1076,13:55:45,29.84,-0.01,23,68632,卖盘
1077,13:55:42,29.85,0.01,17,50745,买盘
1078,13:55:39,29.84,--,28,83552,买盘
1079,13:55:36,29.84,-0.01,3,8952,买盘
1080,13:55:33,29.85,0.01,14,41790,买盘
1081,13:55:30,29.84,--,5,14920,卖盘
1082,13:55:27,29.84,0.01,1,2984,卖盘
1083,13:55:24,29.83,-0.01,16,47728,卖盘
1084,13:55:21,29.84,--,47,140248,卖盘
1085,13:55:18,29.84,-0.01,40,119360,卖盘
1086,13:55:12,29.85,0.01,10,29850,买盘
1087,13:55:09,29.84,--,5,14920,卖盘
1088,13:55:06,29.84,-0.01,153,456552,卖盘
1089,13:55:03,29.85,0.01,10,29850,买盘
1090,13:55:00,29.84,--,1,2984,卖盘
1091,13:54:54,29.84,-0.01,25,74600,卖盘
1092,13:54:51,29.85,--,46,137310,买盘
1093,13:54:48,29.85,-0.02,149,445690,卖盘
1094,13:54:42,29.87,--,19,56753,买盘
1095,13:54:39,29.87,--,1,2987,买盘
1096,13:54:33,29.87,0.01,10,29870,中性盘
1097,13:54:30,29.86,-0.02,8,23888,卖盘
1098,13:54:27,29.88,--,155,465500,卖盘
1099,13:54:24,29.88,--,28,83664,卖盘
1100,13:54:21,29.88,--,15,44820,卖盘
1101,13:54:18,29.88,0.01,36,108195,买盘
1102,13:54:15,29.87,-0.01,47,140389,卖盘
1103,13:54:12,29.88,--,10,29880,买盘
1104,13:54:06,29.88,--,19,59132,卖盘
1105,13:54:03,29.88,--,109,325692,卖盘
1106,13:54:00,29.88,--,30,89640,卖盘
1107,13:53:57,29.88,-0.01,7,20916,卖盘
1108,13:53:54,29.89,0.01,30,89670,买盘
1109,13:53:51,29.88,--,2,5976,卖盘
1110,13:53:48,29.88,-0.01,48,143424,卖盘
1111,13:53:45,29.89,--,3,8967,买盘
1112,13:53:42,29.89,--,16,47824,买盘
1113,13:53:39,29.89,0.01,8,23912,买盘
1114,13:53:33,29.88,--,30,89640,卖盘
1115,13:53:30,29.88,-0.02,166,498517,卖盘
1116,13:53:27,29.9,-0.01,62,185380,卖盘
1117,13:53:24,29.91,0.02,179,535389,买盘
1118,13:53:21,29.89,-0.01,14,41846,卖盘
1119,13:53:18,29.9,--,25,74750,买盘
1120,13:53:15,29.9,--,8,23920,买盘
1121,13:53:12,29.9,0.01,20,59800,买盘
1122,13:53:09,29.89,--,6,17934,卖盘
1123,13:53:06,29.89,-0.01,8,23912,卖盘
1124,13:53:03,29.9,-0.01,23,68770,中性盘
1125,13:52:57,29.91,0.01,11,32901,买盘
1126,13:52:54,29.9,-0.01,18,53820,中性盘
1127,13:52:51,29.91,-0.01,82,246637,卖盘
1128,13:52:48,29.92,0.01,2,5984,买盘
1129,13:52:45,29.91,-0.01,11,32901,卖盘
1130,13:52:42,29.92,0.01,32,95744,买盘
1131,13:52:39,29.91,--,10,31525,卖盘
1132,13:52:36,29.91,0.02,2,5982,中性盘
1133,13:52:33,29.89,-0.02,21,62769,卖盘
1134,13:52:30,29.91,--,61,182929,买盘
1135,13:52:24,29.91,--,14,41874,买盘
1136,13:52:21,29.91,0.02,62,185442,买盘
1137,13:52:18,29.89,-0.02,7,20923,卖盘
1138,13:52:15,29.91,--,18,53838,买盘
1139,13:52:12,29.91,0.02,10,29910,买盘
1140,13:52:09,29.89,-0.01,20,62111,卖盘
1141,13:52:06,29.9,--,14,41860,卖盘
1142,13:52:03,29.9,0.01,14,41860,中性盘
1143,13:52:00,29.89,-0.02,2,5978,卖盘
1144,13:51:57,29.91,0.01,66,197406,买盘
1145,13:51:54,29.9,0.02,10,29900,买盘
1146,13:51:51,29.88,-0.01,155,463140,卖盘
1147,13:51:48,29.89,--,20,59780,买盘
1148,13:51:45,29.89,--,1,2989,买盘
1149,13:51:42,29.89,--,23,69374,买盘
1150,13:51:39,29.89,--,2,5978,买盘
1151,13:51:36,29.89,0.01,23,68747,买盘
1152,13:51:33,29.88,-0.01,32,95616,卖盘
1153,13:51:30,29.89,--,31,92659,卖盘
1154,13:51:27,29.89,-0.01,13,38857,卖盘
1155,13:51:24,29.9,--,18,53820,买盘
1156,13:51:21,29.9,0.01,2,5980,买盘
1157,13:51:18,29.89,--,21,62769,卖盘
1158,13:51:15,29.89,-0.02,98,292922,卖盘
1159,13:51:12,29.91,0.02,33,98703,买盘
1160,13:51:03,29.89,--,48,143472,卖盘
1161,13:50:57,29.89,--,6,17934,卖盘
1162,13:50:54,29.89,-0.02,31,92659,卖盘
1163,13:50:51,29.91,-0.01,40,119640,中性盘
1164,13:50:48,29.92,--,144,430848,买盘
1165,13:50:45,29.92,-0.01,23,68816,中性盘
1166,13:50:42,29.93,0.01,21,62853,买盘
1167,13:50:39,29.92,0.01,31,92752,买盘
1168,13:50:36,29.91,-0.02,7,20937,卖盘
1169,13:50:33,29.93,--,24,71832,买盘
1170,13:50:30,29.93,0.03,9,26937,买盘
1171,13:50:27,29.9,-0.03,56,167440,卖盘
1172,13:50:24,29.93,--,77,230461,卖盘
1173,13:50:21,29.93,--,13,38909,买盘
1174,13:50:18,29.93,--,13,38909,买盘
1175,13:50:15,29.93,--,6,17958,买盘
1176,13:50:12,29.93,--,37,110741,买盘
1177,13:50:09,29.93,--,156,466908,买盘
1178,13:50:06,29.93,--,23,68839,买盘
1179,13:50:03,29.93,--,61,182573,买盘
1180,13:50:00,29.93,--,69,206517,买盘
1181,13:49:57,29.93,-0.01,35,104755,卖盘
1182,13:49:54,29.94,--,39,116766,买盘
1183,13:49:51,29.94,--,68,203592,买盘
1184,13:49:48,29.94,--,25,74850,买盘
1185,13:49:45,29.94,0.01,12,35928,买盘
1186,13:49:42,29.93,-0.01,16,47888,中性盘
1187,13:49:39,29.94,0.04,83,248502,买盘
1188,13:49:36,29.9,-0.03,44,131560,卖盘
1189,13:49:33,29.93,0.01,164,490852,买盘
1190,13:49:30,29.92,--,156,466752,买盘
1191,13:49:27,29.92,--,8,23936,买盘
1192,13:49:24,29.92,-0.01,36,107712,中性盘
1193,13:49:21,29.93,0.01,41,123820,买盘
1194,13:49:18,29.92,--,1,2992,卖盘
1195,13:49:12,29.92,0.03,212,636188,买盘
1196,13:49:09,29.89,-0.02,105,313845,卖盘
1197,13:49:06,29.91,0.01,5,14955,买盘
1198,13:49:03,29.9,0.01,106,316940,买盘
1199,13:49:00,29.89,0.01,420,1255380,买盘
1200,13:48:57,29.88,0.01,152,454176,买盘
1201,13:48:54,29.87,--,27,80649,卖盘
1202,13:48:51,29.87,--,60,179220,买盘
1203,13:48:45,29.87,--,55,164285,买盘
1204,13:48:42,29.87,--,17,50779,买盘
1205,13:48:39,29.87,--,1,2987,买盘
1206,13:48:33,29.87,0.01,27,80649,买盘
1207,13:48:30,29.86,-0.01,42,125412,卖盘
1208,13:48:27,29.87,0.01,5,14935,买盘
1209,13:48:24,29.86,-0.01,27,80622,卖盘
1210,13:48:18,29.87,--,2,5974,买盘
1211,13:48:15,29.87,0.01,1,2987,买盘
1212,13:48:12,29.86,0.01,320,957580,买盘
1213,13:48:09,29.85,-0.01,20,59700,卖盘
1214,13:48:06,29.86,--,6,17916,买盘
1215,13:48:03,29.86,--,18,53748,买盘
1216,13:48:00,29.86,--,30,89580,买盘
1217,13:47:57,29.86,--,45,135295,卖盘
1218,13:47:54,29.86,-0.01,41,122426,卖盘
1219,13:47:48,29.87,0.01,1,2987,买盘
1220,13:47:45,29.86,--,8,23888,卖盘
1221,13:47:42,29.86,-0.01,42,125412,卖盘
1222,13:47:39,29.87,--,5,14935,买盘
1223,13:47:36,29.87,--,6,17922,买盘
1224,13:47:33,29.87,--,10,29870,买盘
1225,13:47:30,29.87,0.01,39,116493,买盘
1226,13:47:27,29.86,--,54,161244,卖盘
1227,13:47:24,29.86,--,12,35832,卖盘
1228,13:47:21,29.86,-0.01,6,17916,卖盘
1229,13:47:18,29.87,0.01,22,65714,买盘
1230,13:47:12,29.86,-0.01,52,155272,卖盘
1231,13:47:09,29.87,--,78,232986,卖盘
1232,13:47:03,29.87,-0.01,42,125454,卖盘
1233,13:47:00,29.88,--,15,44820,买盘
1234,13:46:57,29.88,--,1,2988,买盘
1235,13:46:54,29.88,0.01,13,38844,买盘
1236,13:46:51,29.87,-0.01,26,77662,卖盘
1237,13:46:48,29.88,-0.01,33,98604,卖盘
1238,13:46:45,29.89,--,16,47824,买盘
1239,13:46:42,29.89,--,13,38857,买盘
1240,13:46:39,29.89,--,58,173362,买盘
1241,13:46:36,29.89,-0.01,26,77714,卖盘
1242,13:46:33,29.9,0.01,44,131560,买盘
1243,13:46:30,29.89,--,39,116571,卖盘
1244,13:46:27,29.89,-0.01,43,128527,卖盘
1245,13:46:24,29.9,--,35,104650,买盘
1246,13:46:21,29.9,--,12,35880,买盘
1247,13:46:18,29.9,--,2,5980,买盘
1248,13:46:15,29.9,-0.01,9,26910,卖盘
1249,13:46:12,29.91,0.01,21,62811,买盘
1250,13:46:09,29.9,0.01,174,520260,买盘
1251,13:46:06,29.89,-0.01,13,38857,卖盘
1252,13:46:03,29.9,0.01,43,128570,买盘
1253,13:46:00,29.89,-0.01,41,122549,卖盘
1254,13:45:57,29.9,0.01,7,20930,买盘
1255,13:45:54,29.89,0.01,144,432478,买盘
1256,13:45:51,29.88,--,110,328680,卖盘
1257,13:45:48,29.88,-0.01,57,170316,卖盘
1258,13:45:45,29.89,--,11,32879,买盘
1259,13:45:42,29.89,0.01,12,35868,买盘
1260,13:45:39,29.88,-0.01,3,8964,卖盘
1261,13:45:36,29.89,-0.01,3,8967,买盘
1262,13:45:33,29.9,0.05,10,29900,买盘
1263,13:45:30,29.85,-0.05,64,191040,卖盘
1264,13:45:27,29.9,0.01,108,322920,买盘
1265,13:45:24,29.89,-0.01,57,170373,卖盘
1266,13:45:21,29.9,-0.02,64,191360,卖盘
1267,13:45:18,29.92,--,13,38896,买盘
1268,13:45:15,29.92,0.02,36,107712,买盘
1269,13:45:12,29.9,--,143,427570,卖盘
1270,13:45:09,29.9,-0.02,58,173420,卖盘
1271,13:45:06,29.92,-0.01,53,158576,卖盘
1272,13:45:03,29.93,0.03,308,921844,中性盘
1273,13:45:00,29.9,-0.04,130,388700,卖盘
1274,13:44:57,29.94,0.01,325,973050,买盘
1275,13:44:54,29.93,-0.01,169,505817,买盘
1276,13:44:51,29.94,0.04,182,544908,买盘
1277,13:44:48,29.9,--,115,343850,卖盘
1278,13:44:45,29.9,--,38,113620,卖盘
1279,13:44:42,29.9,-0.02,30,89700,卖盘
1280,13:44:39,29.92,-0.03,16,47872,中性盘
1281,13:44:36,29.95,0.05,380,1138100,买盘
1282,13:44:33,29.9,--,29,86710,买盘
1283,13:44:30,29.9,--,114,340860,买盘
1284,13:44:27,29.9,--,265,792350,买盘
1285,13:44:24,29.9,0.01,455,1360450,买盘
1286,13:44:21,29.89,0.01,128,382592,买盘
1287,13:44:18,29.88,0.02,529,1580652,买盘
1288,13:44:15,29.86,0.01,54,161244,买盘
1289,13:44:12,29.85,--,102,304470,买盘
1290,13:44:09,29.85,--,237,707445,买盘
1291,13:44:06,29.85,0.04,1090,3254963,买盘
1292,13:44:03,29.81,-0.01,63,187803,卖盘
1293,13:44:00,29.82,--,37,110334,买盘
1294,13:43:57,29.82,--,118,351876,买盘
1295,13:43:54,29.82,0.01,13,38766,买盘
1296,13:43:51,29.81,0.01,190,566390,买盘
1297,13:43:48,29.8,-0.01,3,8940,卖盘
1298,13:43:45,29.81,--,54,160974,买盘
1299,13:43:42,29.81,0.01,38,113278,买盘
1300,13:43:39,29.8,--,63,189557,买盘
1301,13:43:36,29.8,0.02,660,1966800,买盘
1302,13:43:33,29.78,-0.02,21,62538,卖盘
1303,13:43:30,29.8,--,22,65560,买盘
1304,13:43:27,29.8,--,57,169860,买盘
1305,13:43:24,29.8,--,18,53640,买盘
1306,13:43:21,29.8,0.01,6,17880,买盘
1307,13:43:18,29.79,-0.01,1,2979,中性盘
1308,13:43:15,29.8,0.02,15,44700,买盘
1309,13:43:12,29.78,--,12,35736,卖盘
1310,13:43:09,29.78,--,21,62538,卖盘
1311,13:43:06,29.78,0.01,22,65516,买盘
1312,13:43:03,29.77,-0.01,28,83356,卖盘
1313,13:43:00,29.78,--,15,44670,买盘
1314,13:42:57,29.78,--,13,38714,买盘
1315,13:42:54,29.78,0.01,64,190592,中性盘
1316,13:42:48,29.77,-0.03,8,23816,卖盘
1317,13:42:45,29.8,--,37,110260,买盘
1318,13:42:42,29.8,0.03,60,178800,买盘
1319,13:42:39,29.77,-0.01,9,26793,卖盘
1320,13:42:36,29.78,--,3,8934,买盘
1321,13:42:33,29.78,--,11,32758,买盘
1322,13:42:30,29.78,--,7,20846,买盘
1323,13:42:27,29.78,--,104,309712,买盘
1324,13:42:24,29.78,-0.02,95,282910,卖盘
1325,13:42:21,29.8,--,45,134100,买盘
1326,13:42:18,29.8,0.02,69,205620,买盘
1327,13:42:15,29.78,-0.02,45,134010,卖盘
1328,13:42:12,29.8,--,27,80460,买盘
1329,13:42:09,29.8,--,6,17880,买盘
1330,13:42:06,29.8,0.01,64,190720,买盘
1331,13:42:03,29.79,-0.01,34,101286,卖盘
1332,13:42:00,29.8,--,39,116220,买盘
1333,13:41:57,29.8,0.01,31,92380,买盘
1334,13:41:54,29.79,--,58,172782,买盘
1335,13:41:51,29.79,--,11,32769,买盘
1336,13:41:48,29.79,0.02,6,17874,买盘
1337,13:41:45,29.77,-0.02,10,29770,卖盘
1338,13:41:42,29.79,0.01,55,163845,买盘
1339,13:41:39,29.78,0.01,2,5956,买盘
1340,13:41:36,29.77,-0.03,12,35724,卖盘
1341,13:41:33,29.8,0.01,10,29800,买盘
1342,13:41:30,29.79,--,11,32769,买盘
1343,13:41:27,29.79,--,9,26811,买盘
1344,13:41:24,29.79,0.01,43,128097,买盘
1345,13:41:21,29.78,-0.01,6,17868,中性盘
1346,13:41:18,29.79,--,22,65538,买盘
1347,13:41:15,29.79,--,12,35748,买盘
1348,13:41:12,29.79,0.02,13,38727,买盘
1349,13:41:09,29.77,-0.02,12,35724,买盘
1350,13:41:06,29.79,--,21,62559,买盘
1351,13:41:03,29.79,--,36,107244,买盘
1352,13:41:00,29.79,0.02,14,41706,买盘
1353,13:40:57,29.77,--,68,202436,买盘
1354,13:40:54,29.77,--,21,62517,买盘
1355,13:40:51,29.77,0.01,23,68471,买盘
1356,13:40:48,29.76,-0.01,58,172608,卖盘
1357,13:40:45,29.77,--,2,5954,买盘
1358,13:40:42,29.77,-0.01,20,59540,买盘
1359,13:40:36,29.78,0.01,9,26802,中性盘
1360,13:40:33,29.77,-0.02,16,47632,卖盘
1361,13:40:30,29.79,0.02,28,83412,买盘
1362,13:40:27,29.77,-0.02,14,41678,卖盘
1363,13:40:24,29.79,--,52,154908,买盘
1364,13:40:21,29.79,--,12,35748,买盘
1365,13:40:18,29.79,--,6,17874,买盘
1366,13:40:15,29.79,0.02,32,95328,买盘
1367,13:40:12,29.77,0.02,10,29770,买盘
1368,13:40:09,29.75,-0.01,10,29750,卖盘
1369,13:40:03,29.76,--,18,53568,买盘
1370,13:40:00,29.76,-0.02,1,2976,买盘
1371,13:39:54,29.78,0.03,10,29780,买盘
1372,13:39:51,29.75,-0.02,10,29750,卖盘
1373,13:39:45,29.77,0.01,5,14885,买盘
1374,13:39:42,29.76,--,17,50592,卖盘
1375,13:39:39,29.76,-0.01,14,41664,卖盘
1376,13:39:36,29.77,0.01,13,38701,买盘
1377,13:39:33,29.76,0.01,16,47616,中性盘
1378,13:39:27,29.75,-0.04,3,8925,卖盘
1379,13:39:24,29.79,0.02,79,235341,买盘
1380,13:39:18,29.77,-0.01,21,62517,买盘
1381,13:39:15,29.78,--,55,163790,买盘
1382,13:39:12,29.78,-0.01,83,247174,卖盘
1383,13:39:09,29.79,0.01,1,2979,买盘
1384,13:39:06,29.78,--,31,92318,卖盘
1385,13:39:03,29.78,--,27,80406,卖盘
1386,13:39:00,29.78,--,16,47648,卖盘
1387,13:38:57,29.78,--,42,125076,卖盘
1388,13:38:54,29.78,0.01,95,282910,买盘
1389,13:38:51,29.77,--,10,29770,卖盘
1390,13:38:48,29.77,--,15,44655,卖盘
1391,13:38:45,29.77,0.02,5,14885,中性盘
1392,13:38:42,29.75,-0.02,28,83300,卖盘
1393,13:38:39,29.77,--,6,17862,卖盘
1394,13:38:36,29.77,-0.01,3,8931,卖盘
1395,13:38:33,29.78,--,26,77428,买盘
1396,13:38:24,29.78,--,29,86362,买盘
1397,13:38:21,29.78,--,9,26802,卖盘
1398,13:38:18,29.78,-0.02,10,29780,卖盘
1399,13:38:15,29.8,--,3,8940,买盘
1400,13:38:12,29.8,--,97,289685,买盘
1401,13:38:09,29.8,--,9,29353,卖盘
1402,13:38:06,29.8,-0.02,5,14900,卖盘
1403,13:38:03,29.82,--,125,372750,买盘
1404,13:38:00,29.82,0.02,20,59640,买盘
1405,13:37:57,29.8,-0.02,211,628780,卖盘
1406,13:37:54,29.82,--,63,187866,买盘
1407,13:37:51,29.82,--,6,17892,卖盘
1408,13:37:48,29.82,-0.01,3,8946,卖盘
1409,13:37:42,29.83,0.03,13,38779,买盘
1410,13:37:39,29.8,-0.03,46,137080,卖盘
1411,13:37:36,29.83,--,163,486229,买盘
1412,13:37:33,29.83,--,176,525008,买盘
1413,13:37:30,29.83,--,17,50711,买盘
1414,13:37:27,29.83,--,66,196878,买盘
1415,13:37:24,29.83,0.01,86,256537,买盘
1416,13:37:18,29.82,--,16,47712,买盘
1417,13:37:15,29.82,--,61,181902,买盘
1418,13:37:12,29.82,--,20,59640,买盘
1419,13:37:09,29.82,-0.01,14,41748,卖盘
1420,13:37:06,29.83,0.03,12,35796,买盘
1421,13:37:03,29.8,-0.02,261,777780,卖盘
1422,13:37:00,29.82,-0.01,116,345912,中性盘
1423,13:36:57,29.83,0.03,123,366909,买盘
1424,13:36:54,29.8,-0.02,69,205620,卖盘
1425,13:36:51,29.82,0.02,138,411516,买盘
1426,13:36:48,29.8,-0.02,58,172840,卖盘
1427,13:36:45,29.82,0.01,17,50694,买盘
1428,13:36:42,29.81,-0.01,82,244442,卖盘
1429,13:36:39,29.82,0.02,15,44730,买盘
1430,13:36:36,29.8,--,297,885060,卖盘
1431,13:36:33,29.8,-0.01,1,2980,卖盘
1432,13:36:30,29.81,0.01,210,626010,买盘
1433,13:36:27,29.8,0.02,1500,4470447,买盘
1434,13:36:24,29.78,--,14,44014,买盘
1435,13:36:21,29.78,--,35,104230,卖盘
1436,13:36:18,29.78,--,4,11912,卖盘
1437,13:36:15,29.78,-0.01,3,8934,卖盘
1438,13:36:12,29.79,--,30,89370,买盘
1439,13:36:09,29.79,0.02,67,199593,买盘
1440,13:36:03,29.77,-0.01,37,110149,卖盘
1441,13:35:57,29.78,0.01,42,125076,买盘
1442,13:35:54,29.77,--,27,80379,卖盘
1443,13:35:51,29.77,--,9,26793,卖盘
1444,13:35:48,29.77,--,5,14885,卖盘
1445,13:35:45,29.77,-0.01,12,35724,卖盘
1446,13:35:42,29.78,--,10,29780,买盘
1447,13:35:36,29.78,0.01,6,17868,买盘
1448,13:35:33,29.77,-0.01,42,127385,卖盘
1449,13:35:30,29.78,0.01,46,136988,买盘
1450,13:35:27,29.77,--,18,53586,买盘
1451,13:35:24,29.77,-0.01,12,35724,卖盘
1452,13:35:21,29.78,0.01,2,5956,买盘
1453,13:35:18,29.77,--,8,23816,买盘
1454,13:35:12,29.77,0.01,21,62517,买盘
1455,13:35:03,29.76,-0.01,58,172608,卖盘
1456,13:34:54,29.77,0.01,10,29770,买盘
1457,13:34:51,29.76,--,25,74400,卖盘
1458,13:34:48,29.76,--,23,68448,卖盘
1459,13:34:45,29.76,-0.01,1,2976,卖盘
1460,13:34:42,29.77,0.01,20,59540,买盘
1461,13:34:39,29.76,-0.01,177,526752,卖盘
1462,13:34:36,29.77,0.01,14,41678,买盘
1463,13:34:33,29.76,0.01,26,77376,卖盘
1464,13:34:27,29.75,--,16,47600,卖盘
1465,13:34:24,29.75,--,36,107100,卖盘
1466,13:34:21,29.75,--,15,44625,卖盘
1467,13:34:18,29.75,-0.02,1,2975,卖盘
1468,13:34:12,29.77,--,10,29770,买盘
1469,13:34:09,29.77,0.02,16,47632,买盘
1470,13:34:06,29.75,-0.01,59,175525,卖盘
1471,13:34:03,29.76,0.01,63,187488,买盘
1472,13:33:57,29.75,-0.02,18,53550,卖盘
1473,13:33:54,29.77,--,10,29770,买盘
1474,13:33:51,29.77,0.01,52,154804,买盘
1475,13:33:48,29.76,--,1,2976,卖盘
1476,13:33:45,29.76,-0.01,2,5952,卖盘
1477,13:33:42,29.77,0.02,12,35724,买盘
1478,13:33:36,29.75,-0.01,7,20825,卖盘
1479,13:33:33,29.76,--,18,53568,买盘
1480,13:33:30,29.76,0.04,4,11904,买盘
1481,13:33:24,29.72,-0.04,30,89160,卖盘
1482,13:33:21,29.76,0.04,1,2976,买盘
1483,13:33:18,29.72,-0.04,5,14860,卖盘
1484,13:33:12,29.76,--,10,29760,买盘
1485,13:33:06,29.76,0.04,1,2976,买盘
1486,13:33:03,29.72,-0.03,35,104020,卖盘
1487,13:33:00,29.75,--,4,11900,买盘
1488,13:32:54,29.75,0.03,10,29750,买盘
1489,13:32:51,29.72,--,31,92132,卖盘
1490,13:32:48,29.72,-0.01,11,32692,卖盘
1491,13:32:45,29.73,-0.02,3,8919,中性盘
1492,13:32:42,29.75,0.02,11,32725,买盘
1493,13:32:39,29.73,0.02,3,8919,买盘
1494,13:32:33,29.71,--,20,59420,卖盘
1495,13:32:30,29.71,--,19,56449,卖盘
1496,13:32:27,29.71,-0.01,10,30660,卖盘
1497,13:32:24,29.72,--,10,29720,买盘
1498,13:32:18,29.72,--,2,5944,买盘
1499,13:32:15,29.72,--,3,8916,买盘
1500,13:32:12,29.72,--,19,56468,买盘
1501,13:32:09,29.72,-0.01,51,151572,卖盘
1502,13:32:06,29.73,-0.04,4,11892,卖盘
1503,13:32:03,29.77,0.04,10,29770,买盘
1504,13:32:00,29.73,--,15,44595,买盘
1505,13:31:57,29.73,--,5,14865,卖盘
1506,13:31:54,29.73,--,13,38649,卖盘
1507,13:31:51,29.73,--,14,41622,卖盘
1508,13:31:48,29.73,--,20,59460,卖盘
1509,13:31:45,29.73,-0.04,11,32703,卖盘
1510,13:31:42,29.77,--,10,29770,买盘
1511,13:31:39,29.77,0.04,6,17862,买盘
1512,13:31:33,29.73,--,16,47568,卖盘
1513,13:31:30,29.73,-0.04,40,118920,卖盘
1514,13:31:27,29.77,0.04,30,89310,买盘
1515,13:31:24,29.73,-0.04,11,32703,卖盘
1516,13:31:21,29.77,--,7,20839,买盘
1517,13:31:18,29.77,--,12,35724,买盘
1518,13:31:15,29.77,-0.01,210,625170,卖盘
1519,13:31:12,29.78,0.01,10,29780,买盘
1520,13:31:09,29.77,--,2,5954,卖盘
1521,13:31:06,29.77,-0.01,3,8931,卖盘
1522,13:31:03,29.78,--,13,38714,买盘
1523,13:31:00,29.78,--,2,5956,卖盘
1524,13:30:57,29.78,--,18,53604,买盘
1525,13:30:54,29.78,--,16,47648,卖盘
1526,13:30:51,29.78,-0.01,5,14890,卖盘
1527,13:30:48,29.79,--,11,32769,买盘
1528,13:30:42,29.79,--,10,29790,买盘
1529,13:30:36,29.79,--,13,38727,买盘
1530,13:30:33,29.79,--,43,128097,卖盘
1531,13:30:30,29.79,--,102,303858,卖盘
1532,13:30:24,29.79,-0.01,27,80433,卖盘
1533,13:30:21,29.8,0.01,17,50660,买盘
1534,13:30:15,29.79,-0.01,27,80433,卖盘
1535,13:30:12,29.8,0.01,23,68540,买盘
1536,13:30:06,29.79,-0.01,6,17874,卖盘
1537,13:30:03,29.8,--,10,29800,买盘
1538,13:30:00,29.8,0.01,1,2980,买盘
1539,13:29:57,29.79,--,44,131076,卖盘
1540,13:29:54,29.79,--,15,44685,卖盘
1541,13:29:51,29.79,--,5,14895,卖盘
1542,13:29:48,29.79,--,1,2979,卖盘
1543,13:29:45,29.79,-0.01,6,17874,卖盘
1544,13:29:42,29.8,0.01,17,50660,买盘
1545,13:29:39,29.79,--,1,2979,卖盘
1546,13:29:36,29.79,--,11,32769,卖盘
1547,13:29:33,29.79,--,25,74475,卖盘
1548,13:29:30,29.79,--,5,14895,卖盘
1549,13:29:27,29.79,--,10,29790,卖盘
1550,13:29:24,29.79,--,38,113202,卖盘
1551,13:29:21,29.79,--,2,5958,买盘
1552,13:29:18,29.79,--,5,14895,买盘
1553,13:29:12,29.79,0.01,10,29790,中性盘
1554,13:29:09,29.78,-0.02,6,17868,卖盘
1555,13:29:06,29.8,--,78,232440,买盘
1556,13:29:03,29.8,--,10,29800,买盘
1557,13:29:00,29.8,0.01,248,739040,买盘
1558,13:28:57,29.79,--,12,35748,卖盘
1559,13:28:54,29.79,-0.01,12,35748,卖盘
1560,13:28:51,29.8,0.01,43,128140,买盘
1561,13:28:48,29.79,--,4,11916,卖盘
1562,13:28:45,29.79,-0.01,8,23832,卖盘
1563,13:28:42,29.8,0.01,20,59600,买盘
1564,13:28:33,29.79,--,17,50643,卖盘
1565,13:28:30,29.79,--,110,327690,买盘
1566,13:28:27,29.79,0.01,5,14895,买盘
1567,13:28:24,29.78,-0.01,16,47648,卖盘
1568,13:28:18,29.79,--,2,5958,买盘
1569,13:28:15,29.79,--,5,14895,买盘
1570,13:28:12,29.79,--,35,104265,买盘
1571,13:28:09,29.79,-0.01,38,113202,卖盘
1572,13:28:06,29.8,--,58,172840,买盘
1573,13:28:03,29.8,0.01,41,122180,买盘
1574,13:28:00,29.79,0.01,2,5958,买盘
1575,13:27:57,29.78,-0.02,8,23824,卖盘
1576,13:27:54,29.8,0.01,92,274160,买盘
1577,13:27:51,29.79,0.01,16,47664,买盘
1578,13:27:48,29.78,-0.01,2,5956,卖盘
1579,13:27:45,29.79,--,54,160866,买盘
1580,13:27:42,29.79,--,28,83412,买盘
1581,13:27:39,29.79,-0.01,69,205551,卖盘
1582,13:27:33,29.8,0.02,19,56620,买盘
1583,13:27:30,29.78,-0.02,3,8934,卖盘
1584,13:27:27,29.8,0.02,42,125160,买盘
1585,13:27:24,29.78,--,27,80406,卖盘
1586,13:27:21,29.78,-0.01,3,8934,卖盘
1587,13:27:18,29.79,0.01,21,62559,买盘
1588,13:27:15,29.78,-0.01,41,122098,卖盘
1589,13:27:12,29.79,0.01,56,166824,买盘
1590,13:27:09,29.78,-0.01,11,32758,卖盘
1591,13:27:06,29.79,0.01,21,62559,买盘
1592,13:27:03,29.78,--,20,59560,卖盘
1593,13:27:00,29.78,-0.01,5,14890,卖盘
1594,13:26:57,29.79,0.01,16,47664,买盘
1595,13:26:54,29.78,-0.01,10,29780,买盘
1596,13:26:51,29.79,--,7,20853,买盘
1597,13:26:48,29.79,0.02,30,89370,买盘
1598,13:26:45,29.77,-0.01,1,2977,卖盘
1599,13:26:42,29.78,0.01,32,95296,买盘
1600,13:26:39,29.77,-0.01,50,148850,卖盘
1601,13:26:36,29.78,0.01,37,110186,买盘
1602,13:26:33,29.77,--,34,101218,买盘
1603,13:26:30,29.77,--,18,53586,买盘
1604,13:26:27,29.77,--,2,5954,买盘
1605,13:26:24,29.77,--,17,50609,买盘
1606,13:26:21,29.77,--,42,125034,买盘
1607,13:26:18,29.77,--,8,23816,买盘
1608,13:26:15,29.77,--,5,14885,买盘
1609,13:26:12,29.77,--,28,83356,买盘
1610,13:26:09,29.77,-0.01,12,35724,卖盘
1611,13:26:06,29.78,0.01,6,17868,买盘
1612,13:26:03,29.77,0.02,9,26793,买盘
1613,13:25:54,29.75,0.03,38,113050,买盘
1614,13:25:51,29.72,-0.01,12,35664,卖盘
1615,13:25:48,29.73,0.01,13,38649,中性盘
1616,13:25:45,29.72,-0.03,3,8916,卖盘
1617,13:25:42,29.75,0.04,15,44625,买盘
1618,13:25:33,29.71,-0.01,74,220032,卖盘
1619,13:25:27,29.72,--,26,77272,买盘
1620,13:25:24,29.72,0.01,33,98076,买盘
1621,13:25:21,29.71,--,15,44565,卖盘
1622,13:25:18,29.71,--,1,2971,卖盘
1623,13:25:15,29.71,-0.01,12,35652,卖盘
1624,13:25:12,29.72,--,45,133740,买盘
1625,13:25:09,29.72,--,12,35664,买盘
1626,13:25:06,29.72,--,50,148600,买盘
1627,13:25:03,29.72,--,19,56468,买盘
1628,13:25:00,29.72,--,10,29720,买盘
1629,13:24:57,29.72,0.01,8,23776,买盘
1630,13:24:54,29.71,--,12,35652,卖盘
1631,13:24:51,29.71,-0.01,5,14855,卖盘
1632,13:24:48,29.72,0.01,3,8916,买盘
1633,13:24:45,29.71,-0.01,5,14855,卖盘
1634,13:24:42,29.72,0.01,22,65384,买盘
1635,13:24:36,29.71,--,2,5942,卖盘
1636,13:24:33,29.71,--,11,32681,卖盘
1637,13:24:30,29.71,-0.01,13,38623,卖盘
1638,13:24:24,29.72,--,23,68356,买盘
1639,13:24:21,29.72,--,10,29720,买盘
1640,13:24:18,29.72,0.01,36,109934,买盘
1641,13:24:15,29.71,-0.01,4,11884,中性盘
1642,13:24:12,29.72,0.01,10,29720,买盘
1643,13:24:09,29.71,--,31,92101,买盘
1644,13:24:06,29.71,0.01,20,59420,买盘
1645,13:24:03,29.7,--,36,106920,卖盘
1646,13:24:00,29.7,--,137,406890,卖盘
1647,13:23:57,29.7,--,10,29700,卖盘
1648,13:23:54,29.7,-0.01,27,80190,卖盘
1649,13:23:51,29.71,0.01,10,29710,买盘
1650,13:23:45,29.7,-0.01,11,32670,卖盘
1651,13:23:42,29.71,0.01,28,83188,买盘
1652,13:23:39,29.7,--,5,16750,买盘
1653,13:23:36,29.7,--,2,5940,买盘
1654,13:23:33,29.7,-0.01,19,57499,卖盘
1655,13:23:30,29.71,0.01,7,20797,买盘
1656,13:23:27,29.7,--,19,58330,买盘
1657,13:23:24,29.7,--,37,109890,买盘
1658,13:23:21,29.7,--,70,207900,买盘
1659,13:23:18,29.7,-0.01,77,228690,卖盘
1660,13:23:15,29.71,-0.01,6,17826,卖盘
1661,13:23:12,29.72,--,11,32692,买盘
1662,13:23:09,29.72,0.01,10,29720,买盘
1663,13:23:06,29.71,-0.01,2,5942,卖盘
1664,13:23:03,29.72,0.02,11,32692,买盘
1665,13:22:57,29.7,--,9,26730,卖盘
1666,13:22:54,29.7,-0.02,40,118800,卖盘
1667,13:22:51,29.72,0.01,1,2972,买盘
1668,13:22:48,29.71,-0.01,4,11884,卖盘
1669,13:22:45,29.72,--,3,8916,买盘
1670,13:22:42,29.72,0.01,36,106992,买盘
1671,13:22:39,29.71,-0.01,63,187173,卖盘
1672,13:22:36,29.72,0.01,23,68356,买盘
1673,13:22:33,29.71,-0.01,17,50507,卖盘
1674,13:22:27,29.72,--,31,92132,买盘
1675,13:22:24,29.72,0.02,10,29720,买盘
1676,13:22:21,29.7,-0.02,97,288090,卖盘
1677,13:22:18,29.72,0.02,64,190208,买盘
1678,13:22:15,29.7,-0.02,85,252450,卖盘
1679,13:22:12,29.72,--,25,74300,买盘
1680,13:22:06,29.72,--,40,118880,买盘
1681,13:22:03,29.72,0.01,10,29720,买盘
1682,13:22:00,29.71,-0.01,12,35652,卖盘
1683,13:21:57,29.72,--,17,50524,买盘
1684,13:21:54,29.72,0.01,21,62412,买盘
1685,13:21:51,29.71,--,19,56449,卖盘
1686,13:21:48,29.71,-0.01,3,8913,卖盘
1687,13:21:45,29.72,--,8,23776,买盘
1688,13:21:42,29.72,--,10,29720,买盘
1689,13:21:39,29.72,0.01,1,2972,买盘
1690,13:21:36,29.71,-0.01,22,65362,卖盘
1691,13:21:33,29.72,--,10,29720,买盘
1692,13:21:30,29.72,0.01,7,20804,买盘
1693,13:21:24,29.71,-0.01,32,95072,卖盘
1694,13:21:18,29.72,0.02,7,20804,买盘
1695,13:21:15,29.7,-0.02,17,50490,卖盘
1696,13:21:12,29.72,0.01,180,534960,买盘
1697,13:21:06,29.71,--,16,47536,卖盘
1698,13:21:03,29.71,-0.01,16,47536,卖盘
1699,13:21:00,29.72,--,22,65384,买盘
1700,13:20:57,29.72,--,42,124824,买盘
1701,13:20:54,29.72,--,25,74300,买盘
1702,13:20:48,29.72,--,27,80244,买盘
1703,13:20:42,29.72,--,16,47552,买盘
1704,13:20:39,29.72,--,52,154544,买盘
1705,13:20:36,29.72,--,3,8916,买盘
1706,13:20:33,29.72,--,10,29720,买盘
1707,13:20:30,29.72,0.01,4,11888,买盘
1708,13:20:27,29.71,--,8,23768,卖盘
1709,13:20:24,29.71,-0.01,14,41594,中性盘
1710,13:20:18,29.72,--,3,8916,买盘
1711,13:20:15,29.72,0.02,5,14860,买盘
1712,13:20:12,29.7,-0.02,15,44550,卖盘
1713,13:20:03,29.72,0.04,20,59440,买盘
1714,13:19:57,29.68,--,10,29680,卖盘
1715,13:19:54,29.68,-0.04,11,32648,卖盘
1716,13:19:48,29.72,0.04,3,8916,买盘
1717,13:19:42,29.68,-0.04,54,160272,卖盘
1718,13:19:39,29.72,0.04,3,8916,买盘
1719,13:19:36,29.68,-0.01,33,97944,卖盘
1720,13:19:33,29.69,-0.01,27,80163,卖盘
1721,13:19:30,29.7,--,4,11880,买盘
1722,13:19:27,29.7,--,47,139590,买盘
1723,13:19:24,29.7,--,17,50490,买盘
1724,13:19:21,29.7,--,6,17820,买盘
1725,13:19:18,29.7,--,281,836114,卖盘
1726,13:19:12,29.7,-0.01,96,285120,卖盘
1727,13:19:03,29.71,--,23,68333,买盘
1728,13:18:57,29.71,--,11,32681,买盘
1729,13:18:54,29.71,--,10,29710,买盘
1730,13:18:51,29.71,-0.01,228,677388,卖盘
1731,13:18:48,29.72,--,40,118880,买盘
1732,13:18:45,29.72,--,3,8916,买盘
1733,13:18:42,29.72,--,10,29720,买盘
1734,13:18:39,29.72,--,105,312060,买盘
1735,13:18:36,29.72,--,180,534960,卖盘
1736,13:18:33,29.72,--,26,77272,卖盘
1737,13:18:30,29.72,-0.04,6,17832,卖盘
1738,13:18:24,29.76,--,10,29760,买盘
1739,13:18:21,29.76,0.03,1,2976,买盘
1740,13:18:18,29.73,-0.02,101,300273,卖盘
1741,13:18:15,29.75,--,2,5950,买盘
1742,13:18:12,29.75,--,10,29750,买盘
1743,13:18:06,29.75,0.03,5,14875,买盘
1744,13:18:03,29.72,-0.03,15,44580,卖盘
1745,13:18:00,29.75,-0.01,1,2975,买盘
1746,13:17:54,29.76,--,20,59520,买盘
1747,13:17:51,29.76,0.04,2,5952,买盘
1748,13:17:45,29.72,-0.04,11,32692,卖盘
1749,13:17:42,29.76,--,13,38688,买盘
1750,13:17:36,29.76,--,1,2976,买盘
1751,13:17:33,29.76,--,16,47616,买盘
1752,13:17:30,29.76,0.02,24,71929,买盘
1753,13:17:27,29.74,--,79,237414,卖盘
1754,13:17:24,29.74,-0.01,15,44610,卖盘
1755,13:17:21,29.75,0.01,2,5950,买盘
1756,13:17:15,29.74,-0.01,45,133830,卖盘
1757,13:17:12,29.75,0.02,11,34718,买盘
1758,13:17:09,29.73,0.02,39,117433,买盘
1759,13:17:06,29.71,-0.02,97,289672,卖盘
1760,13:17:03,29.73,-0.01,11,32703,中性盘
1761,13:17:00,29.74,--,300,892200,买盘
1762,13:16:54,29.74,--,17,50558,买盘
1763,13:16:42,29.74,-0.01,255,761195,卖盘
1764,13:16:39,29.75,-0.01,14,41650,卖盘
1765,13:16:36,29.76,0.01,3,8928,买盘
1766,13:16:33,29.75,-0.01,21,62475,卖盘
1767,13:16:30,29.76,--,21,62496,买盘
1768,13:16:27,29.76,--,3,8928,买盘
1769,13:16:24,29.76,--,10,29760,买盘
1770,13:16:21,29.76,0.01,11,32736,买盘
1771,13:16:18,29.75,-0.01,5,14875,卖盘
1772,13:16:12,29.76,--,10,29760,买盘
1773,13:16:09,29.76,-0.03,157,468214,卖盘
1774,13:16:03,29.79,0.01,12,35748,买盘
1775,13:16:00,29.78,--,9,26802,买盘
1776,13:15:57,29.78,0.01,11,32758,买盘
1777,13:15:54,29.77,--,11,34741,卖盘
1778,13:15:48,29.77,--,6,17862,卖盘
1779,13:15:45,29.77,-0.03,7,20839,卖盘
1780,13:15:42,29.8,--,19,56620,买盘
1781,13:15:36,29.8,--,1,2980,买盘
1782,13:15:33,29.8,0.02,43,128140,买盘
1783,13:15:24,29.78,-0.02,11,32758,卖盘
1784,13:15:21,29.8,--,30,89400,买盘
1785,13:15:18,29.8,--,6,17880,买盘
1786,13:15:15,29.8,--,2,5960,买盘
1787,13:15:12,29.8,0.02,13,38740,中性盘
1788,13:15:09,29.78,0.01,2,5956,中性盘
1789,13:15:03,29.77,-0.03,15,44655,卖盘
1790,13:15:00,29.8,0.02,15,44700,买盘
1791,13:14:57,29.78,-0.02,3,8934,卖盘
1792,13:14:54,29.8,-0.01,25,74500,卖盘
1793,13:14:51,29.81,0.03,14,41734,买盘
1794,13:14:48,29.78,--,7,20846,卖盘
1795,13:14:45,29.78,-0.02,12,35736,卖盘
1796,13:14:42,29.8,--,10,29800,买盘
1797,13:14:36,29.8,-0.01,103,306940,卖盘
1798,13:14:33,29.81,--,13,38753,买盘
1799,13:14:27,29.81,--,36,107316,买盘
1800,13:14:24,29.81,0.01,10,29810,买盘
1801,13:14:21,29.8,-0.01,16,47680,卖盘
1802,13:14:18,29.81,0.01,2,5962,买盘
1803,13:14:15,29.8,-0.01,4,11920,卖盘
1804,13:14:12,29.81,--,23,68563,买盘
1805,13:14:09,29.81,0.01,1,2981,买盘
1806,13:14:06,29.8,-0.01,10,29800,卖盘
1807,13:14:03,29.81,--,10,29810,买盘
1808,13:13:54,29.81,0.01,10,29810,买盘
1809,13:13:48,29.8,--,46,137080,卖盘
1810,13:13:45,29.8,-0.01,14,41720,卖盘
1811,13:13:42,29.81,--,44,131164,买盘
1812,13:13:36,29.81,0.01,3,8943,买盘
1813,13:13:33,29.8,--,24,71520,卖盘
1814,13:13:30,29.8,--,41,122180,卖盘
1815,13:13:27,29.8,--,5,14900,卖盘
1816,13:13:24,29.8,--,30,89400,卖盘
1817,13:13:21,29.8,-0.01,9,26820,卖盘
1818,13:13:18,29.81,0.01,4,11924,买盘
1819,13:13:15,29.8,--,15,44700,卖盘
1820,13:13:12,29.8,-0.01,16,47680,卖盘
1821,13:13:09,29.81,0.01,26,77506,买盘
1822,13:13:06,29.8,--,30,89400,卖盘
1823,13:13:03,29.8,--,82,244360,卖盘
1824,13:12:57,29.8,-0.01,1,2980,卖盘
1825,13:12:54,29.81,--,10,29810,买盘
1826,13:12:51,29.81,0.01,1,2981,买盘
1827,13:12:45,29.8,--,80,238400,卖盘
1828,13:12:42,29.8,0.02,26,77480,买盘
1829,13:12:39,29.78,--,5,14890,卖盘
1830,13:12:36,29.78,-0.03,6,17868,卖盘
1831,13:12:33,29.81,--,10,29810,买盘
1832,13:12:30,29.81,--,10,29810,买盘
1833,13:12:27,29.81,0.01,34,101354,买盘
1834,13:12:24,29.8,--,48,143040,卖盘
1835,13:12:21,29.8,-0.01,9,26820,卖盘
1836,13:12:18,29.81,0.01,7,20867,买盘
1837,13:12:15,29.8,-0.01,50,149000,卖盘
1838,13:12:12,29.81,--,25,74525,买盘
1839,13:12:06,29.81,--,16,47696,买盘
1840,13:12:03,29.81,0.01,36,107316,买盘
1841,13:12:00,29.8,-0.01,5,14900,卖盘
1842,13:11:54,29.81,--,21,62601,买盘
1843,13:11:48,29.81,0.01,20,59620,买盘
1844,13:11:45,29.8,-0.01,1,2980,卖盘
1845,13:11:42,29.81,0.01,15,44715,买盘
1846,13:11:39,29.8,--,8,23840,卖盘
1847,13:11:36,29.8,-0.01,7,20860,卖盘
1848,13:11:33,29.81,0.01,10,29810,买盘
1849,13:11:30,29.8,--,6,17880,卖盘
1850,13:11:24,29.8,-0.01,17,50660,卖盘
1851,13:11:21,29.81,0.01,83,247423,买盘
1852,13:11:18,29.8,--,2,5960,买盘
1853,13:11:12,29.8,0.01,11,32780,买盘
1854,13:11:03,29.79,0.01,10,29790,买盘
1855,13:11:00,29.78,-0.01,13,38714,卖盘
1856,13:10:54,29.79,--,10,29790,买盘
1857,13:10:51,29.79,--,1,2979,买盘
1858,13:10:48,29.79,--,12,35748,买盘
1859,13:10:45,29.79,--,1,2979,买盘
1860,13:10:42,29.79,--,42,125118,卖盘
1861,13:10:39,29.79,--,1,2979,卖盘
1862,13:10:33,29.79,-0.01,18,53622,卖盘
1863,13:10:30,29.8,0.01,8,23840,买盘
1864,13:10:27,29.79,-0.02,2,5958,卖盘
1865,13:10:24,29.81,--,10,29810,买盘
1866,13:10:21,29.81,--,3,8943,买盘
1867,13:10:18,29.81,--,1,2981,买盘
1868,13:10:15,29.81,--,1,2981,买盘
1869,13:10:12,29.81,0.01,38,113278,买盘
1870,13:10:06,29.8,-0.01,9,26820,卖盘
1871,13:10:03,29.81,0.01,11,32791,买盘
1872,13:10:00,29.8,--,9,26820,卖盘
1873,13:09:54,29.8,--,13,38740,买盘
1874,13:09:48,29.8,--,11,32780,买盘
1875,13:09:42,29.8,-0.01,44,131120,中性盘
1876,13:09:33,29.81,0.01,10,29810,买盘
1877,13:09:30,29.8,--,62,184760,买盘
1878,13:09:24,29.8,0.01,15,44700,买盘
1879,13:09:21,29.79,-0.01,1,2979,卖盘
1880,13:09:18,29.8,0.01,21,62580,买盘
1881,13:09:15,29.79,-0.01,7,20853,卖盘
1882,13:09:12,29.8,0.01,10,29800,买盘
1883,13:09:09,29.79,-0.01,20,59580,卖盘
1884,13:09:06,29.8,0.01,2,5960,买盘
1885,13:09:03,29.79,--,59,175761,卖盘
1886,13:09:00,29.79,--,15,44685,卖盘
1887,13:08:57,29.79,--,105,312795,卖盘
1888,13:08:54,29.79,-0.01,289,860931,卖盘
1889,13:08:51,29.8,--,51,151980,买盘
1890,13:08:42,29.8,0.01,10,29800,买盘
1891,13:08:39,29.79,--,148,440892,买盘
1892,13:08:36,29.79,0.01,20,59580,买盘
1893,13:08:33,29.78,-0.01,29,86362,卖盘
1894,13:08:27,29.79,--,1,2979,买盘
1895,13:08:24,29.79,0.01,10,29790,买盘
1896,13:08:21,29.78,--,88,264297,买盘
1897,13:08:18,29.78,--,6,17868,买盘
1898,13:08:12,29.78,--,21,62538,买盘
1899,13:08:03,29.78,0.01,10,29780,买盘
1900,13:08:00,29.77,0.02,3,8931,买盘
1901,13:07:54,29.75,--,60,178500,卖盘
1902,13:07:51,29.75,-0.02,5,14875,卖盘
1903,13:07:45,29.77,0.01,50,148850,买盘
1904,13:07:42,29.76,--,20,59520,买盘
1905,13:07:39,29.76,0.01,4,11904,买盘
1906,13:07:33,29.75,-0.02,26,77350,卖盘
1907,13:07:30,29.77,0.02,30,89310,买盘
1908,13:07:27,29.75,-0.01,6,17850,卖盘
1909,13:07:24,29.76,0.01,10,29760,买盘
1910,13:07:21,29.75,-0.01,100,297500,卖盘
1911,13:07:18,29.76,0.01,2,5952,中性盘
1912,13:07:15,29.75,--,8,23800,卖盘
1913,13:07:12,29.75,-0.02,18,53550,卖盘
1914,13:07:06,29.77,-0.01,6,18606,卖盘
1915,13:07:03,29.78,0.01,11,34991,买盘
1916,13:07:00,29.77,-0.01,3,8931,中性盘
1917,13:06:54,29.78,0.03,10,29780,买盘
1918,13:06:51,29.75,-0.02,7,20825,卖盘
1919,13:06:48,29.77,--,10,31407,买盘
1920,13:06:42,29.77,--,11,34086,卖盘
1921,13:06:39,29.77,-0.01,1,4614,买盘
1922,13:06:33,29.78,0.01,12,35736,买盘
1923,13:06:24,29.77,0.02,9,26793,买盘
1924,13:06:21,29.75,--,5,14875,卖盘
1925,13:06:18,29.75,--,19,58012,买盘
1926,13:06:12,29.75,0.01,10,29750,买盘
1927,13:06:06,29.74,0.01,10,29740,中性盘
1928,13:06:03,29.73,-0.01,95,282435,卖盘
1929,13:05:54,29.74,--,10,29740,买盘
1930,13:05:51,29.74,0.01,11,32714,买盘
1931,13:05:45,29.73,-0.01,4,11892,卖盘
1932,13:05:42,29.74,0.01,10,29740,买盘
1933,13:05:36,29.73,-0.01,7,20811,卖盘
1934,13:05:33,29.74,-0.01,19,57993,卖盘
1935,13:05:30,29.75,0.01,31,92225,买盘
1936,13:05:27,29.74,-0.01,5,16357,卖盘
1937,13:05:24,29.75,--,10,29750,买盘
1938,13:05:18,29.75,0.01,3,8925,买盘
1939,13:05:15,29.74,-0.01,9,26766,卖盘
1940,13:05:12,29.75,0.01,15,44625,买盘
1941,13:05:09,29.74,-0.01,7,20818,卖盘
1942,13:05:06,29.75,--,5,14875,买盘
1943,13:05:03,29.75,--,10,29750,买盘
1944,13:05:00,29.75,-0.03,32,95200,卖盘
1945,13:04:54,29.78,0.03,14,41692,买盘
1946,13:04:48,29.75,-0.03,10,29750,卖盘
1947,13:04:42,29.78,--,21,62538,买盘
1948,13:04:39,29.78,0.01,8,23824,买盘
1949,13:04:33,29.77,-0.01,14,41678,卖盘
1950,13:04:24,29.78,--,10,29780,买盘
1951,13:04:18,29.78,--,4,11912,买盘
1952,13:04:15,29.78,--,5,14890,买盘
1953,13:04:12,29.78,-0.01,16,47648,卖盘
1954,13:04:06,29.79,--,12,35748,买盘
1955,13:04:03,29.79,--,10,29790,买盘
1956,13:04:00,29.79,0.01,16,47664,买盘
1957,13:03:57,29.78,--,4,11912,买盘
1958,13:03:54,29.78,--,15,44670,买盘
1959,13:03:51,29.78,-0.01,20,59560,中性盘
1960,13:03:42,29.79,0.01,17,50643,买盘
1961,13:03:36,29.78,0.04,2,5956,买盘
1962,13:03:33,29.74,-0.05,17,50558,中性盘
1963,13:03:27,29.79,0.01,80,238320,买盘
1964,13:03:24,29.78,0.02,10,29780,买盘
1965,13:03:21,29.76,-0.03,1,2976,卖盘
1966,13:03:18,29.79,0.01,2,5958,买盘
1967,13:03:15,29.78,-0.01,10,29780,中性盘
1968,13:03:09,29.79,0.04,50,148950,买盘
1969,13:03:06,29.75,0.02,6,17850,买盘
1970,13:03:03,29.73,-0.02,16,47568,卖盘
1971,13:03:00,29.75,-0.03,84,249900,卖盘
1972,13:02:57,29.78,-0.01,29,86362,卖盘
1973,13:02:54,29.79,0.01,10,29790,买盘
1974,13:02:51,29.78,--,226,673028,买盘
1975,13:02:45,29.78,--,1,2978,买盘
1976,13:02:42,29.78,--,10,29780,买盘
1977,13:02:39,29.78,--,10,29780,买盘
1978,13:02:33,29.78,--,10,29780,买盘
1979,13:02:30,29.78,0.03,4,11912,买盘
1980,13:02:24,29.75,--,11,32725,卖盘
1981,13:02:21,29.75,-0.03,8,23800,卖盘
1982,13:02:18,29.78,0.01,1,2978,买盘
1983,13:02:15,29.77,--,1,2977,中性盘
1984,13:02:12,29.77,--,20,59540,买盘
1985,13:02:03,29.77,0.02,11,32747,买盘
1986,13:02:00,29.75,--,5,14875,卖盘
1987,13:01:57,29.75,-0.02,1,2975,卖盘
1988,13:01:54,29.77,--,10,29770,买盘
1989,13:01:42,29.77,0.02,10,29770,买盘
1990,13:01:39,29.75,--,41,121975,买盘
1991,13:01:33,29.75,--,10,29750,买盘
1992,13:01:30,29.75,-0.02,6,17850,卖盘
1993,13:01:24,29.77,0.01,10,29770,买盘
1994,13:01:18,29.76,0.01,2,5952,买盘
1995,13:01:15,29.75,-0.01,1,2975,卖盘
1996,13:01:12,29.76,--,67,199392,买盘
1997,13:01:09,29.76,--,41,122016,卖盘
1998,13:01:06,29.76,-0.01,1,2976,卖盘
1999,13:01:03,29.77,0.01,50,148850,买盘
2000,13:01:00,29.76,-0.01,4,11904,卖盘
2001,13:00:54,29.77,0.01,10,29770,买盘
2002,13:00:51,29.76,--,1,2976,卖盘
2003,13:00:48,29.76,--,33,98208,买盘
2004,13:00:45,29.76,--,5,14880,买盘
2005,13:00:42,29.76,--,11,32736,买盘
2006,13:00:39,29.76,--,51,151776,买盘
2007,13:00:36,29.76,-0.01,3,8928,卖盘
2008,13:00:33,29.77,--,10,29770,买盘
2009,13:00:24,29.77,0.02,11,32747,买盘
2010,13:00:15,29.75,-0.01,1,2975,卖盘
2011,13:00:12,29.76,--,10,29760,买盘
2012,13:00:09,29.76,0.01,3,8928,买盘
2013,13:00:06,29.75,0.03,10,29750,卖盘
2014,13:00:03,29.72,0.01,407,1211090,中性盘
2015,13:00:00,29.71,-0.04,5,14855,卖盘
2016,11:30:00,29.75,--,0,0,买盘
2017,11:29:57,29.75,0.01,10,29750,买盘
2018,11:29:54,29.74,0.03,15,44610,买盘
2019,11:29:48,29.71,-0.02,116,344636,卖盘
2020,11:29:39,29.73,0.02,10,29730,买盘
2021,11:29:33,29.71,-0.02,2,5942,卖盘
2022,11:29:30,29.73,--,1,2973,买盘
2023,11:29:27,29.73,--,10,29730,买盘
2024,11:29:21,29.73,--,3,8919,买盘
2025,11:29:18,29.73,0.02,17,50541,买盘
2026,11:29:12,29.71,-0.02,4,11884,卖盘
2027,11:29:09,29.73,0.02,10,29730,买盘
2028,11:29:06,29.71,-0.02,5,14855,卖盘
2029,11:29:00,29.73,0.02,10,29730,买盘
2030,11:28:57,29.71,-0.02,11,32681,卖盘
2031,11:28:48,29.73,--,13,38649,买盘
2032,11:28:45,29.73,--,1,2973,买盘
2033,11:28:39,29.73,0.03,10,29730,买盘
2034,11:28:36,29.7,-0.03,30,89100,卖盘
2035,11:28:30,29.73,-0.01,2,5946,卖盘
2036,11:28:27,29.74,--,9,26766,买盘
2037,11:28:18,29.74,0.03,9,26766,买盘
2038,11:28:12,29.71,--,1,2971,买盘
2039,11:28:09,29.71,0.01,10,29710,买盘
2040,11:28:06,29.7,--,1,2970,卖盘
2041,11:28:00,29.7,-0.01,2,5940,卖盘
2042,11:27:57,29.71,--,14,41594,买盘
2043,11:27:54,29.71,--,2,5942,买盘
2044,11:27:51,29.71,0.01,5,14855,买盘
2045,11:27:48,29.7,-0.01,11,32670,卖盘
2046,11:27:45,29.71,--,1,2971,买盘
2047,11:27:42,29.71,--,6,17826,买盘
2048,11:27:39,29.71,-0.03,13,38623,卖盘
2049,11:27:33,29.74,--,10,29740,买盘
2050,11:27:30,29.74,--,1,2974,买盘
2051,11:27:27,29.74,0.02,9,26766,买盘
2052,11:27:24,29.72,-0.02,5,14860,卖盘
2053,11:27:18,29.74,0.03,7,20818,买盘
2054,11:27:12,29.71,0.01,28,83188,买盘
2055,11:27:09,29.7,-0.01,12,35640,卖盘
2056,11:27:03,29.71,-0.03,7,20797,卖盘
2057,11:26:57,29.74,--,10,29740,买盘
2058,11:26:51,29.74,--,7,20818,买盘
2059,11:26:48,29.74,--,11,32714,买盘
2060,11:26:45,29.74,--,1,2974,买盘
2061,11:26:42,29.74,-0.01,33,98142,卖盘
2062,11:26:39,29.75,0.01,14,41650,买盘
2063,11:26:36,29.74,-0.01,2,5948,卖盘
2064,11:26:27,29.75,0.01,10,29750,买盘
2065,11:26:21,29.74,0.03,15,44610,买盘
2066,11:26:18,29.71,0.01,16,47536,买盘
2067,11:26:12,29.7,--,10,29700,卖盘
2068,11:26:09,29.7,-0.05,11,32670,卖盘
2069,11:26:06,29.75,0.05,22,65450,买盘
2070,11:26:03,29.7,-0.05,8,23760,卖盘
2071,11:25:57,29.75,0.05,10,29750,买盘
2072,11:25:54,29.7,-0.05,4,11880,卖盘
2073,11:25:48,29.75,-0.01,10,29750,买盘
2074,11:25:39,29.76,0.06,9,26784,买盘
2075,11:25:36,29.7,--,1,2970,卖盘
2076,11:25:33,29.7,--,5,14850,卖盘
2077,11:25:30,29.7,-0.01,6,17820,卖盘
2078,11:25:27,29.71,0.01,15,44565,中性盘
2079,11:25:21,29.7,--,7,21502,卖盘
2080,11:25:18,29.7,-0.02,68,202672,卖盘
2081,11:25:15,29.72,--,11,32692,卖盘
2082,11:25:09,29.72,0.02,12,35664,中性盘
2083,11:25:06,29.7,-0.02,203,602910,卖盘
2084,11:25:03,29.72,-0.05,2,5944,卖盘
2085,11:24:57,29.77,--,10,29770,买盘
2086,11:24:48,29.77,0.06,9,26793,买盘
2087,11:24:39,29.71,-0.06,15,46644,卖盘
2088,11:24:33,29.77,-0.01,2,5954,卖盘
2089,11:24:27,29.78,0.07,13,39607,买盘
2090,11:24:24,29.71,--,3,8913,卖盘
2091,11:24:21,29.71,-0.07,51,151521,卖盘
2092,11:24:18,29.78,0.07,12,35736,买盘
2093,11:24:15,29.71,-0.06,100,297100,卖盘
2094,11:24:12,29.77,--,9,26793,买盘
2095,11:24:09,29.77,--,70,208390,买盘
2096,11:24:06,29.77,0.02,2,5954,买盘
2097,11:24:03,29.75,-0.02,6,17850,卖盘
2098,11:24:00,29.77,--,15,44655,买盘
2099,11:23:57,29.77,--,17,50609,买盘
2100,11:23:51,29.77,-0.02,9,26793,卖盘
2101,11:23:48,29.79,0.02,9,26811,买盘
2102,11:23:42,29.77,-0.01,1,2977,卖盘
2103,11:23:39,29.78,--,10,29780,买盘
2104,11:23:36,29.78,-0.01,12,35736,卖盘
2105,11:23:33,29.79,0.01,4,11916,买盘
2106,11:23:30,29.78,0.03,12,35736,中性盘
2107,11:23:27,29.75,-0.02,15,44625,卖盘
2108,11:23:24,29.77,--,10,29770,买盘
2109,11:23:18,29.77,--,11,32747,买盘
2110,11:23:15,29.77,--,7,20839,买盘
2111,11:23:09,29.77,0.02,10,29770,买盘
2112,11:23:00,29.75,-0.02,1,2975,卖盘
2113,11:22:57,29.77,--,14,41678,卖盘
2114,11:22:54,29.77,-0.02,11,32747,卖盘
2115,11:22:48,29.79,0.02,11,32769,买盘
2116,11:22:45,29.77,-0.01,5,14885,卖盘
2117,11:22:42,29.78,--,10,29780,买盘
2118,11:22:39,29.78,--,12,35736,买盘
2119,11:22:36,29.78,--,11,32758,买盘
2120,11:22:33,29.78,--,56,166768,买盘
2121,11:22:27,29.78,--,17,50626,买盘
2122,11:22:24,29.78,--,19,56582,买盘
2123,11:22:21,29.78,--,20,59560,买盘
2124,11:22:18,29.78,0.01,10,29780,买盘
2125,11:22:15,29.77,--,1,2977,卖盘
2126,11:22:12,29.77,--,26,77402,买盘
2127,11:22:09,29.77,--,10,29770,买盘
2128,11:22:06,29.77,--,3,8931,买盘
2129,11:21:57,29.77,--,13,38701,买盘
2130,11:21:54,29.77,--,2,5954,买盘
2131,11:21:48,29.77,0.02,11,32747,买盘
2132,11:21:42,29.75,--,1,2975,卖盘
2133,11:21:39,29.75,0.01,14,41650,中性盘
2134,11:21:30,29.74,-0.02,1,2974,卖盘
2135,11:21:27,29.76,--,10,29760,买盘
2136,11:21:21,29.76,-0.01,6,17856,卖盘
2137,11:21:18,29.77,0.01,12,35724,买盘
2138,11:21:12,29.76,0.03,2,5952,卖盘
2139,11:21:09,29.73,--,10,29730,卖盘
2140,11:21:03,29.73,-0.04,8,23784,中性盘
2141,11:20:57,29.77,0.05,10,29770,买盘
2142,11:20:54,29.72,--,14,41608,卖盘
2143,11:20:51,29.72,-0.05,50,148600,卖盘
2144,11:20:48,29.77,--,10,29770,买盘
2145,11:20:45,29.77,0.05,1,2977,买盘
2146,11:20:42,29.72,-0.05,8,23776,卖盘
2147,11:20:39,29.77,0.05,10,29770,买盘
2148,11:20:36,29.72,-0.01,4,11888,卖盘
2149,11:20:33,29.73,0.02,5,14865,卖盘
2150,11:20:30,29.71,-0.06,10,29710,卖盘
2151,11:20:27,29.77,--,10,29770,买盘
2152,11:20:18,29.77,--,12,35724,买盘
2153,11:20:15,29.77,--,6,17862,卖盘
2154,11:20:12,29.77,-0.01,322,958594,卖盘
2155,11:20:09,29.78,--,9,26802,买盘
2156,11:20:03,29.78,--,6,17868,买盘
2157,11:20:00,29.78,-0.01,15,44670,卖盘
2158,11:19:57,29.79,0.01,17,50643,买盘
2159,11:19:54,29.78,--,17,50626,卖盘
2160,11:19:48,29.78,-0.01,53,159799,卖盘
2161,11:19:45,29.79,--,9,26811,卖盘
2162,11:19:42,29.79,--,33,99319,卖盘
2163,11:19:39,29.79,--,17,50643,卖盘
2164,11:19:36,29.79,--,162,482598,卖盘
2165,11:19:33,29.79,-0.01,29,86391,卖盘
2166,11:19:30,29.8,--,42,125160,买盘
2167,11:19:27,29.8,0.01,86,257948,买盘
2168,11:19:24,29.79,--,7,20853,卖盘
2169,11:19:21,29.79,--,231,691038,买盘
2170,11:19:18,29.79,0.01,21,62559,买盘
2171,11:19:12,29.78,-0.01,2,5956,卖盘
2172,11:19:09,29.79,--,50,148950,买盘
2173,11:19:06,29.79,0.01,57,169803,买盘
2174,11:19:03,29.78,--,19,56582,卖盘
2175,11:19:00,29.78,0.01,203,604534,买盘
2176,11:18:57,29.77,0.01,44,130988,买盘
2177,11:18:54,29.76,-0.03,15,44640,卖盘
2178,11:18:48,29.79,0.03,18,53622,买盘
2179,11:18:45,29.76,--,11,32736,卖盘
2180,11:18:42,29.76,-0.01,69,205344,卖盘
2181,11:18:39,29.77,--,22,65494,买盘
2182,11:18:36,29.77,0.01,21,62517,买盘
2183,11:18:33,29.76,--,66,196416,卖盘
2184,11:18:30,29.76,-0.01,6,17856,卖盘
2185,11:18:27,29.77,0.01,21,62517,买盘
2186,11:18:24,29.76,--,8,23808,卖盘
2187,11:18:21,29.76,-0.02,127,377952,卖盘
2188,11:18:18,29.78,--,11,32758,买盘
2189,11:18:12,29.78,-0.01,5,14890,买盘
2190,11:18:09,29.79,0.04,10,29790,买盘
2191,11:18:03,29.75,-0.01,13,38675,中性盘
2192,11:17:57,29.76,-0.03,20,59520,中性盘
2193,11:17:54,29.79,0.08,409,1218411,买盘
2194,11:17:51,29.71,-0.01,17,50507,卖盘
2195,11:17:48,29.72,0.01,17,50524,买盘
2196,11:17:45,29.71,--,2,5942,卖盘
2197,11:17:42,29.71,--,19,56449,买盘
2198,11:17:36,29.71,0.02,171,508041,买盘
2199,11:17:33,29.69,--,10,29690,买盘
2200,11:17:30,29.69,--,10,29690,买盘
2201,11:17:27,29.69,0.02,9,26721,买盘
2202,11:17:18,29.67,-0.01,58,172086,卖盘
2203,11:17:15,29.68,0.01,13,38584,中性盘
2204,11:17:12,29.67,-0.02,7,20769,卖盘
2205,11:17:09,29.69,0.02,26,77194,买盘
2206,11:17:06,29.67,--,6,17802,卖盘
2207,11:17:03,29.67,0.01,1,2967,卖盘
2208,11:17:00,29.66,--,20,59320,卖盘
2209,11:16:57,29.66,--,45,133470,卖盘
2210,11:16:54,29.66,-0.02,75,222450,卖盘
2211,11:16:51,29.68,0.02,1,2968,买盘
2212,11:16:48,29.66,--,40,118640,卖盘
2213,11:16:42,29.66,-0.02,8,23728,卖盘
2214,11:16:39,29.68,0.01,9,26712,买盘
2215,11:16:36,29.67,-0.01,5,14835,中性盘
2216,11:16:30,29.68,-0.01,12,35616,中性盘
2217,11:16:27,29.69,--,26,77194,买盘
2218,11:16:18,29.69,0.03,11,32659,买盘
2219,11:16:09,29.66,-0.02,114,338124,卖盘
2220,11:16:06,29.68,--,3,8904,卖盘
2221,11:16:03,29.68,--,5,14840,卖盘
2222,11:16:00,29.68,-0.01,23,68264,卖盘
2223,11:15:57,29.69,0.01,10,29690,买盘
2224,11:15:51,29.68,-0.01,2,5936,卖盘
2225,11:15:48,29.69,--,10,29690,买盘
2226,11:15:45,29.69,--,11,32659,卖盘
2227,11:15:39,29.69,--,14,41566,卖盘
2228,11:15:36,29.69,0.01,14,41566,买盘
2229,11:15:30,29.68,--,6,17808,买盘
2230,11:15:27,29.68,0.01,23,68264,买盘
2231,11:15:24,29.67,--,10,29670,买盘
2232,11:15:18,29.67,-0.03,15,44505,中性盘
2233,11:15:09,29.7,--,178,528660,买盘
2234,11:15:06,29.7,0.02,10,29700,买盘
2235,11:15:03,29.68,-0.02,5,14840,中性盘
2236,11:14:57,29.7,0.02,41,121770,买盘
2237,11:14:51,29.68,-0.02,3,8904,卖盘
2238,11:14:48,29.7,0.02,16,47520,买盘
2239,11:14:45,29.68,0.01,1,2968,中性盘
2240,11:14:39,29.67,-0.03,70,207690,卖盘
2241,11:14:36,29.7,--,1,2970,买盘
2242,11:14:27,29.7,0.01,20,59400,买盘
2243,11:14:24,29.69,--,8,23752,卖盘
2244,11:14:21,29.69,-0.01,2,7927,中性盘
2245,11:14:18,29.7,0.01,26,77220,买盘
2246,11:14:15,29.69,0.02,13,38597,中性盘
2247,11:14:12,29.67,--,3,8901,卖盘
2248,11:14:09,29.67,-0.03,30,89010,卖盘
2249,11:14:03,29.7,0.03,3,8910,买盘
2250,11:14:00,29.67,-0.03,1,2967,卖盘
2251,11:13:57,29.7,--,13,38610,买盘
2252,11:13:54,29.7,--,1,2970,买盘
2253,11:13:51,29.7,0.03,3,8910,买盘
2254,11:13:48,29.67,-0.02,31,91977,卖盘
2255,11:13:45,29.69,--,22,65318,卖盘
2256,11:13:39,29.69,-0.01,14,41566,中性盘
2257,11:13:33,29.7,--,27,80190,买盘
2258,11:13:27,29.7,0.01,14,41580,买盘
2259,11:13:24,29.69,0.02,5,14845,中性盘
2260,11:13:21,29.67,-0.03,7,20769,卖盘
2261,11:13:18,29.7,0.03,11,32670,买盘
2262,11:13:12,29.67,-0.03,3,8901,中性盘
2263,11:13:09,29.7,0.04,11,32670,买盘
2264,11:13:06,29.66,-0.04,214,634724,卖盘
2265,11:13:03,29.7,0.04,18,53460,买盘
2266,11:12:57,29.66,-0.01,21,62286,卖盘
2267,11:12:54,29.67,-0.03,14,41538,卖盘
2268,11:12:48,29.7,0.04,9,26730,买盘
2269,11:12:39,29.66,-0.04,18,53388,卖盘
2270,11:12:36,29.7,0.03,18,53460,买盘
2271,11:12:33,29.67,-0.02,4,11868,卖盘
2272,11:12:27,29.69,0.02,16,47504,买盘
2273,11:12:24,29.67,--,9,26703,买盘
2274,11:12:21,29.67,--,17,50439,买盘
2275,11:12:18,29.67,--,13,38571,卖盘
2276,11:12:09,29.67,-0.01,26,77142,卖盘
2277,11:12:06,29.68,0.01,9,26712,买盘
2278,11:12:03,29.67,--,25,74175,卖盘
2279,11:11:57,29.67,-0.02,23,68241,卖盘
2280,11:11:48,29.69,0.01,10,29690,买盘
2281,11:11:45,29.68,--,1,2968,卖盘
2282,11:11:42,29.68,-0.01,11,32648,卖盘
2283,11:11:39,29.69,--,10,29690,买盘
2284,11:11:36,29.69,0.01,1,2969,买盘
2285,11:11:33,29.68,-0.01,1,2968,卖盘
2286,11:11:30,29.69,--,10,29690,买盘
2287,11:11:27,29.69,0.01,10,29690,买盘
2288,11:11:21,29.68,-0.01,3,8904,卖盘
2289,11:11:18,29.69,0.01,59,175171,买盘
2290,11:11:15,29.68,--,11,32648,卖盘
2291,11:11:12,29.68,--,11,32648,中性盘
2292,11:11:09,29.68,--,9,26712,买盘
2293,11:11:06,29.68,0.01,7,20776,买盘
2294,11:11:03,29.67,-0.01,16,47472,中性盘
2295,11:10:57,29.68,0.02,10,29680,买盘
2296,11:10:51,29.66,0.01,7,20762,中性盘
2297,11:10:48,29.65,-0.02,40,118600,卖盘
2298,11:10:39,29.67,0.01,84,249228,买盘
2299,11:10:36,29.66,--,12,35592,买盘
2300,11:10:30,29.66,-0.02,69,204654,卖盘
2301,11:10:27,29.68,--,11,32648,买盘
2302,11:10:18,29.68,0.02,4,11872,买盘
2303,11:10:15,29.66,0.01,5,14830,买盘
2304,11:10:12,29.65,-0.01,7,20755,卖盘
2305,11:10:09,29.66,0.01,10,29660,买盘
2306,11:10:06,29.65,0.01,1,5040,买盘
2307,11:10:03,29.64,-0.01,19,56316,卖盘
2308,11:10:00,29.65,--,128,380409,卖盘
2309,11:09:57,29.65,-0.01,17,50405,卖盘
2310,11:09:54,29.66,-0.01,51,151266,卖盘
2311,11:09:51,29.67,0.01,53,157251,买盘
2312,11:09:48,29.66,--,13,38558,卖盘
2313,11:09:45,29.66,0.01,69,204654,中性盘
2314,11:09:42,29.65,-0.01,200,593000,卖盘
2315,11:09:39,29.66,-0.01,27,80082,卖盘
2316,11:09:33,29.67,0.01,2,5934,买盘
2317,11:09:30,29.66,-0.01,10,29660,卖盘
2318,11:09:27,29.67,--,20,59340,买盘
2319,11:09:24,29.67,-0.01,11,32637,中性盘
2320,11:09:21,29.68,--,6,17808,买盘
2321,11:09:18,29.68,0.02,22,65296,买盘
2322,11:09:15,29.66,-0.02,82,245288,卖盘
2323,11:09:12,29.68,--,1,2968,买盘
2324,11:09:09,29.68,0.01,10,29680,买盘
2325,11:09:06,29.67,0.01,9,26703,中性盘
2326,11:09:03,29.66,--,14,41524,卖盘
2327,11:09:00,29.66,-0.03,150,444900,卖盘
2328,11:08:57,29.69,0.03,10,29690,买盘
2329,11:08:54,29.66,--,20,59320,卖盘
2330,11:08:51,29.66,-0.02,4,11864,卖盘
2331,11:08:48,29.68,0.02,10,29680,买盘
2332,11:08:45,29.66,0.01,5,14830,中性盘
2333,11:08:39,29.65,-0.01,30,88950,卖盘
2334,11:08:36,29.66,0.01,9,26694,中性盘
2335,11:08:30,29.65,-0.04,1,2965,卖盘
2336,11:08:27,29.69,0.03,12,37617,买盘
2337,11:08:24,29.66,0.01,10,29660,中性盘
2338,11:08:21,29.65,-0.03,35,103775,卖盘
2339,11:08:18,29.68,0.03,10,29680,买盘
2340,11:08:15,29.65,--,80,237200,卖盘
2341,11:08:12,29.65,-0.01,46,136390,卖盘
2342,11:08:09,29.66,--,60,177960,买盘
2343,11:08:03,29.66,-0.03,174,518427,卖盘
2344,11:08:00,29.69,-0.01,12,35628,卖盘
2345,11:07:57,29.7,--,16,47520,买盘
2346,11:07:48,29.7,--,16,47520,买盘
2347,11:07:45,29.7,--,14,41580,卖盘
2348,11:07:42,29.7,--,28,83160,卖盘
2349,11:07:39,29.7,-0.01,32,95040,卖盘
2350,11:07:36,29.71,0.01,5,14855,买盘
2351,11:07:33,29.7,--,19,56430,卖盘
2352,11:07:30,29.7,-0.01,2,5940,卖盘
2353,11:07:27,29.71,--,9,26739,买盘
2354,11:07:24,29.71,--,30,89130,买盘
2355,11:07:21,29.71,0.01,5,14855,中性盘
2356,11:07:18,29.7,-0.01,29,86130,卖盘
2357,11:07:15,29.71,-0.01,8,23768,卖盘
2358,11:07:09,29.72,0.01,44,130768,卖盘
2359,11:06:57,29.71,-0.02,13,38623,卖盘
2360,11:06:51,29.73,-0.03,1,2973,卖盘
2361,11:06:48,29.76,0.06,10,29760,中性盘
2362,11:06:45,29.7,-0.09,43,127710,卖盘
2363,11:06:42,29.79,--,50,148950,买盘
2364,11:06:39,29.79,0.02,10,29790,买盘
2365,11:06:36,29.77,-0.01,9,26793,卖盘
2366,11:06:33,29.78,-0.01,35,104230,卖盘
2367,11:06:30,29.79,--,33,98307,买盘
2368,11:06:27,29.79,-0.01,61,181719,卖盘
2369,11:06:24,29.8,0.01,10,29800,买盘
2370,11:06:21,29.79,-0.01,9,26811,卖盘
2371,11:06:18,29.8,0.02,117,348660,买盘
2372,11:06:15,29.78,0.01,92,273976,买盘
2373,11:06:12,29.77,--,1,2977,卖盘
2374,11:06:09,29.77,-0.01,7,20839,中性盘
2375,11:06:06,29.78,0.07,539,1605142,买盘
2376,11:06:03,29.71,-0.06,39,115869,卖盘
2377,11:05:57,29.77,0.01,11,32747,买盘
2378,11:05:54,29.76,0.05,13,38688,中性盘
2379,11:05:51,29.71,-0.06,17,50507,卖盘
2380,11:05:48,29.77,0.06,15,44655,买盘
2381,11:05:42,29.71,-0.06,21,62391,卖盘
2382,11:05:39,29.77,0.05,9,26793,买盘
2383,11:05:33,29.72,--,2,6835,中性盘
2384,11:05:27,29.72,--,25,74300,卖盘
2385,11:05:21,29.72,-0.05,21,62412,卖盘
2386,11:05:18,29.77,--,11,32747,买盘
2387,11:05:12,29.77,0.01,25,74425,买盘
2388,11:05:09,29.76,0.02,12,35712,中性盘
2389,11:05:06,29.74,-0.03,31,92194,卖盘
2390,11:05:00,29.77,0.01,62,184574,买盘
2391,11:04:57,29.76,0.01,16,47616,卖盘
2392,11:04:48,29.75,0.03,11,32725,中性盘
2393,11:04:45,29.72,--,10,29720,卖盘
2394,11:04:42,29.72,-0.03,23,68356,卖盘
2395,11:04:39,29.75,--,6,17850,买盘
2396,11:04:36,29.75,0.03,18,53550,买盘
2397,11:04:33,29.72,-0.02,8,23776,卖盘
2398,11:04:27,29.74,0.04,13,38662,买盘
2399,11:04:24,29.7,-0.02,30,89100,卖盘
2400,11:04:18,29.72,--,25,74300,买盘
2401,11:04:12,29.72,0.02,6,17832,买盘
2402,11:04:09,29.7,-0.01,14,41580,卖盘
2403,11:04:06,29.71,-0.01,70,207970,卖盘
2404,11:04:00,29.72,--,46,136712,买盘
2405,11:03:57,29.72,--,15,44580,买盘
2406,11:03:54,29.72,0.02,157,466604,买盘
2407,11:03:51,29.7,-0.02,7,20790,卖盘
2408,11:03:48,29.72,0.01,23,68356,买盘
2409,11:03:45,29.71,--,12,35652,卖盘
2410,11:03:42,29.71,--,2,5942,卖盘
2411,11:03:39,29.71,--,11,32681,卖盘
2412,11:03:36,29.71,0.01,25,74275,买盘
2413,11:03:33,29.7,-0.01,6,17820,卖盘
2414,11:03:27,29.71,--,10,29710,买盘
2415,11:03:24,29.71,--,10,29710,买盘
2416,11:03:21,29.71,--,10,29710,买盘
2417,11:03:18,29.71,--,22,65362,买盘
2418,11:03:15,29.71,--,19,56449,买盘
2419,11:03:12,29.71,--,10,29710,买盘
2420,11:03:09,29.71,--,10,29710,买盘
2421,11:03:06,29.71,--,13,38623,买盘
2422,11:03:03,29.71,--,18,53478,卖盘
2423,11:03:00,29.71,-0.01,46,136666,卖盘
2424,11:02:57,29.72,0.01,9,26748,买盘
2425,11:02:51,29.71,--,13,38623,卖盘
2426,11:02:48,29.71,-0.01,23,68333,卖盘
2427,11:02:45,29.72,0.02,72,213984,买盘
2428,11:02:39,29.7,-0.02,48,142560,卖盘
2429,11:02:33,29.72,--,11,32692,买盘
2430,11:02:27,29.72,0.02,10,29720,买盘
2431,11:02:24,29.7,-0.02,7,20790,卖盘
2432,11:02:21,29.72,0.01,147,436884,买盘
2433,11:02:18,29.71,--,11,32681,买盘
2434,11:02:12,29.71,--,5,14855,买盘
2435,11:02:09,29.71,--,20,59420,买盘
2436,11:02:03,29.71,-0.01,57,169347,卖盘
2437,11:01:57,29.72,0.01,19,56468,买盘
2438,11:01:54,29.71,--,30,89130,卖盘
2439,11:01:51,29.71,--,4,11884,卖盘
2440,11:01:48,29.71,-0.01,39,115869,卖盘
2441,11:01:45,29.72,0.02,14,41608,买盘
2442,11:01:42,29.7,-0.02,7,20790,卖盘
2443,11:01:39,29.72,0.02,10,29720,买盘
2444,11:01:36,29.7,--,4,11880,卖盘
2445,11:01:33,29.7,--,5,14850,卖盘
2446,11:01:30,29.7,0.01,17,50490,中性盘
2447,11:01:27,29.69,--,12,35628,卖盘
2448,11:01:24,29.69,--,3,8907,卖盘
2449,11:01:18,29.69,-0.01,22,65318,卖盘
2450,11:01:15,29.7,0.01,21,62370,买盘
2451,11:01:12,29.69,--,8,23752,卖盘
2452,11:01:09,29.69,-0.01,24,71256,卖盘
2453,11:01:03,29.7,--,33,98010,买盘
2454,11:00:57,29.7,-0.02,62,184140,卖盘
2455,11:00:54,29.72,--,10,29720,买盘
2456,11:00:48,29.72,0.01,10,29720,买盘
2457,11:00:45,29.71,0.01,4,11884,买盘
2458,11:00:42,29.7,--,7,20790,卖盘
2459,11:00:39,29.7,-0.01,15,44550,卖盘
2460,11:00:36,29.71,--,30,89130,买盘
2461,11:00:30,29.71,--,36,106956,买盘
2462,11:00:27,29.71,--,10,29710,买盘
2463,11:00:24,29.71,--,11,32681,买盘
2464,11:00:18,29.71,0.01,12,35652,买盘
2465,11:00:15,29.7,--,9,26730,卖盘
2466,11:00:12,29.7,-0.01,10,29700,卖盘
2467,11:00:09,29.71,--,19,56449,买盘
2468,11:00:06,29.71,0.01,12,35652,买盘
2469,11:00:03,29.7,--,24,71280,卖盘
2470,11:00:00,29.7,0.01,4,11880,中性盘
2471,10:59:57,29.69,-0.01,21,62349,卖盘
2472,10:59:54,29.7,-0.01,8,23760,中性盘
2473,10:59:51,29.71,0.02,10,29710,买盘
2474,10:59:48,29.69,-0.01,28,83132,卖盘
2475,10:59:42,29.7,0.01,11,32670,买盘
2476,10:59:39,29.69,-0.01,14,41566,卖盘
2477,10:59:36,29.7,0.01,10,29700,买盘
2478,10:59:33,29.69,--,1,2969,卖盘
2479,10:59:30,29.69,-0.02,15,44535,卖盘
2480,10:59:27,29.71,0.02,10,29710,买盘
2481,10:59:24,29.69,--,14,41566,卖盘
2482,10:59:21,29.69,-0.02,6,17814,卖盘
2483,10:59:18,29.71,0.01,11,32681,买盘
2484,10:59:15,29.7,0.01,10,29700,买盘
2485,10:59:12,29.69,-0.01,9,26721,卖盘
2486,10:59:09,29.7,-0.02,9,26730,中性盘
2487,10:59:00,29.72,--,10,29720,买盘
2488,10:58:57,29.72,0.01,14,41608,买盘
2489,10:58:54,29.71,-0.01,18,53478,卖盘
2490,10:58:48,29.72,0.02,10,29720,中性盘
2491,10:58:39,29.7,-0.03,12,35640,卖盘
2492,10:58:33,29.73,0.03,16,47568,买盘
2493,10:58:30,29.7,-0.03,8,23760,卖盘
2494,10:58:27,29.73,0.03,24,71352,买盘
2495,10:58:21,29.7,-0.03,4,11880,卖盘
2496,10:58:18,29.73,0.04,10,29730,买盘
2497,10:58:09,29.69,--,14,41566,卖盘
2498,10:58:06,29.69,--,110,326590,卖盘
2499,10:58:03,29.69,-0.04,7,20783,卖盘
2500,10:57:57,29.73,0.04,10,29730,买盘
2501,10:57:54,29.69,--,114,339089,买盘
2502,10:57:51,29.69,--,13,38597,买盘
2503,10:57:48,29.69,-0.01,288,857417,卖盘
2504,10:57:45,29.7,0.01,6,17820,中性盘
2505,10:57:39,29.69,--,8,24375,卖盘
2506,10:57:36,29.69,--,28,83132,卖盘
2507,10:57:33,29.69,--,4,11876,卖盘
2508,10:57:30,29.69,0.02,202,600420,买盘
2509,10:57:27,29.67,--,23,68241,买盘
2510,10:57:24,29.67,-0.01,393,1168315,卖盘
2511,10:57:21,29.68,--,88,261184,买盘
2512,10:57:18,29.68,--,51,151368,买盘
2513,10:57:15,29.68,--,414,1228752,买盘
2514,10:57:12,29.68,--,5,14840,买盘
2515,10:57:09,29.68,0.01,10,29680,买盘
2516,10:57:06,29.67,-0.01,14,41538,卖盘
2517,10:57:03,29.68,--,45,133560,买盘
2518,10:57:00,29.68,--,42,124656,买盘
2519,10:56:57,29.68,0.01,42,124656,买盘
2520,10:56:54,29.67,-0.01,47,139449,卖盘
2521,10:56:48,29.68,0.03,93,276706,买盘
2522,10:56:45,29.65,-0.01,88,260920,卖盘
2523,10:56:39,29.66,-0.03,360,1070043,卖盘
2524,10:56:33,29.69,-0.04,1,2969,中性盘
2525,10:56:27,29.73,0.05,9,26757,买盘
2526,10:56:24,29.68,-0.05,514,1525552,卖盘
2527,10:56:21,29.73,--,20,59460,买盘
2528,10:56:18,29.73,--,19,56487,买盘
2529,10:56:12,29.73,-0.01,155,460815,卖盘
2530,10:56:09,29.74,0.01,18,53532,中性盘
2531,10:56:03,29.73,-0.01,500,1486500,卖盘
2532,10:55:57,29.74,0.02,14,41636,中性盘
2533,10:55:51,29.72,-0.01,69,205068,卖盘
2534,10:55:48,29.73,-0.02,10,29730,买盘
2535,10:55:45,29.75,-0.04,233,693175,卖盘
2536,10:55:42,29.79,-0.01,1,2979,卖盘
2537,10:55:39,29.8,0.02,115,342700,买盘
2538,10:55:36,29.78,-0.02,5,14890,卖盘
2539,10:55:33,29.8,0.02,41,122180,买盘
2540,10:55:27,29.78,0.01,12,35736,买盘
2541,10:55:24,29.77,-0.03,9,26793,卖盘
2542,10:55:21,29.8,0.02,446,1329080,买盘
2543,10:55:18,29.78,-0.01,14,41692,卖盘
2544,10:55:12,29.79,--,11,32769,买盘
2545,10:55:09,29.79,--,20,59580,卖盘
2546,10:55:06,29.79,0.01,40,119160,买盘
2547,10:55:03,29.78,-0.02,7,20846,卖盘
2548,10:55:00,29.8,--,21,62580,买盘
2549,10:54:57,29.8,0.01,15,44700,买盘
2550,10:54:54,29.79,--,36,107244,卖盘
2551,10:54:51,29.79,--,22,65538,卖盘
2552,10:54:48,29.79,--,25,74475,卖盘
2553,10:54:45,29.79,0.01,72,214488,买盘
2554,10:54:42,29.78,-0.01,28,83384,卖盘
2555,10:54:39,29.79,0.03,19,56601,买盘
2556,10:54:36,29.76,0.01,1,2976,中性盘
2557,10:54:27,29.75,--,18,53550,卖盘
2558,10:54:24,29.75,-0.02,590,1755250,卖盘
2559,10:54:21,29.77,-0.01,17,50609,卖盘
2560,10:54:18,29.78,0.02,32,95296,买盘
2561,10:54:12,29.76,-0.03,5,14880,卖盘
2562,10:54:09,29.79,0.03,10,29790,买盘
2563,10:54:06,29.76,-0.01,22,65472,卖盘
2564,10:54:03,29.77,-0.03,17,50609,中性盘
2565,10:53:57,29.8,0.03,310,923800,买盘
2566,10:53:54,29.77,-0.02,119,354739,卖盘
2567,10:53:51,29.79,--,77,229383,买盘
2568,10:53:48,29.79,0.01,34,101286,买盘
2569,10:53:45,29.78,0.01,87,259086,买盘
2570,10:53:42,29.77,--,115,343307,卖盘
2571,10:53:39,29.77,0.07,73,218869,买盘
2572,10:53:36,29.7,-0.06,879,2612352,卖盘
2573,10:53:33,29.76,-0.01,2,5952,中性盘
2574,10:53:30,29.77,-0.01,1,2977,买盘
2575,10:53:27,29.78,--,20,59560,买盘
2576,10:53:21,29.78,--,6,17868,买盘
2577,10:53:18,29.78,0.01,20,59560,买盘
2578,10:53:15,29.77,0.02,15,44655,中性盘
2579,10:53:12,29.75,-0.01,20,59500,卖盘
2580,10:53:09,29.76,--,60,178560,卖盘
2581,10:53:06,29.76,0.01,11,32736,卖盘
2582,10:53:00,29.75,-0.03,20,59500,卖盘
2583,10:52:57,29.78,--,20,59560,买盘
2584,10:52:54,29.78,-0.01,2,5956,中性盘
2585,10:52:48,29.79,0.01,9,26811,买盘
2586,10:52:45,29.78,0.03,10,29780,买盘
2587,10:52:39,29.75,0.01,18,53550,卖盘
2588,10:52:36,29.74,--,13,38662,卖盘
2589,10:52:33,29.74,-0.04,5,14870,卖盘
2590,10:52:30,29.78,0.01,10,29780,买盘
2591,10:52:27,29.77,0.04,10,29770,买盘
2592,10:52:24,29.73,-0.07,11,32703,卖盘
2593,10:52:21,29.8,0.04,40,119200,买盘
2594,10:52:18,29.76,-0.01,49,145824,中性盘
2595,10:52:15,29.77,-0.02,178,530977,卖盘
2596,10:52:12,29.79,0.01,148,443483,买盘
2597,10:52:09,29.78,--,58,172724,卖盘
2598,10:52:06,29.78,0.05,379,1130955,买盘
2599,10:52:03,29.73,-0.05,812,2414759,卖盘
2600,10:51:57,29.78,0.01,11,32758,买盘
2601,10:51:54,29.77,0.01,4,11908,中性盘
2602,10:51:51,29.76,-0.03,34,101184,卖盘
2603,10:51:48,29.79,0.01,32,97711,买盘
2604,10:51:45,29.78,--,8,23824,卖盘
2605,10:51:42,29.78,--,40,119120,买盘
2606,10:51:39,29.78,0.01,20,59560,买盘
2607,10:51:36,29.77,--,151,449527,卖盘
2608,10:51:33,29.77,--,68,203031,买盘
2609,10:51:30,29.77,--,38,113126,买盘
2610,10:51:27,29.77,--,20,59540,买盘
2611,10:51:24,29.77,-0.01,159,473343,卖盘
2612,10:51:21,29.78,--,23,68494,卖盘
2613,10:51:18,29.78,-0.01,42,125076,卖盘
2614,10:51:15,29.79,0.01,50,148950,买盘
2615,10:51:12,29.78,--,2,5956,卖盘
2616,10:51:09,29.78,0.01,13,38714,中性盘
2617,10:51:06,29.77,--,27,82760,卖盘
2618,10:51:03,29.77,--,9,26793,卖盘
2619,10:50:57,29.77,0.01,22,65494,买盘
2620,10:50:54,29.76,--,21,62496,卖盘
2621,10:50:51,29.76,--,366,1091209,买盘
2622,10:50:48,29.76,--,20,59520,买盘
2623,10:50:45,29.76,0.01,10,29760,买盘
2624,10:50:42,29.75,-0.01,51,151725,卖盘
2625,10:50:39,29.76,-0.02,16,47616,卖盘
2626,10:50:33,29.78,--,3,8934,卖盘
2627,10:50:30,29.78,-0.01,73,217394,中性盘
2628,10:50:27,29.79,0.02,48,142992,买盘
2629,10:50:24,29.77,--,23,68471,中性盘
2630,10:50:18,29.77,0.01,25,74425,买盘
2631,10:50:15,29.76,-0.01,17,50592,中性盘
2632,10:50:12,29.77,--,20,59540,买盘
2633,10:50:09,29.77,--,153,455481,卖盘
2634,10:50:06,29.77,-0.02,17,50609,卖盘
2635,10:50:03,29.79,0.01,12,35748,买盘
2636,10:50:00,29.78,--,1,2978,卖盘
2637,10:49:57,29.78,-0.01,8,23824,买盘
2638,10:49:54,29.79,0.05,617,1838043,买盘
2639,10:49:51,29.74,-0.02,9,26766,卖盘
2640,10:49:48,29.76,-0.01,42,124992,卖盘
2641,10:49:45,29.77,--,11,32747,买盘
2642,10:49:42,29.77,-0.01,87,258999,卖盘
2643,10:49:39,29.78,0.01,11,32758,买盘
2644,10:49:36,29.77,-0.01,15,44655,卖盘
2645,10:49:33,29.78,--,5,14890,卖盘
2646,10:49:30,29.78,-0.01,16,47648,卖盘
2647,10:49:27,29.79,0.02,18,53622,买盘
2648,10:49:24,29.77,--,1,2977,卖盘
2649,10:49:21,29.77,-0.01,70,208390,卖盘
2650,10:49:18,29.78,0.02,27,80406,买盘
2651,10:49:12,29.76,-0.01,24,71424,卖盘
2652,10:49:09,29.77,--,9,26793,买盘
2653,10:49:06,29.77,0.01,12,35724,中性盘
2654,10:49:00,29.76,-0.01,11,32736,卖盘
2655,10:48:57,29.77,-0.02,14,41678,卖盘
2656,10:48:48,29.79,--,10,29790,买盘
2657,10:48:45,29.79,0.03,10,29790,中性盘
2658,10:48:42,29.76,-0.01,25,74400,卖盘
2659,10:48:39,29.77,-0.01,22,65494,卖盘
2660,10:48:36,29.78,--,13,38714,卖盘
2661,10:48:33,29.78,0.01,4,11912,中性盘
2662,10:48:30,29.77,-0.02,5,14885,卖盘
2663,10:48:27,29.79,0.01,18,53622,买盘
2664,10:48:24,29.78,-0.02,28,83384,卖盘
2665,10:48:18,29.8,0.02,19,56620,买盘
2666,10:48:12,29.78,-0.02,5,14890,卖盘
2667,10:48:09,29.8,0.01,10,29800,买盘
2668,10:48:06,29.79,0.01,4,11916,买盘
2669,10:48:03,29.78,-0.02,5,14890,中性盘
2670,10:47:57,29.8,--,15,44700,买盘
2671,10:47:54,29.8,--,50,149000,卖盘
2672,10:47:48,29.8,-0.01,27,80460,中性盘
2673,10:47:45,29.81,-0.01,40,119240,买盘
2674,10:47:42,29.82,0.02,49,146118,买盘
2675,10:47:39,29.8,--,25,76586,卖盘
2676,10:47:36,29.8,-0.01,20,59600,卖盘
2677,10:47:33,29.81,0.01,15,44715,中性盘
2678,10:47:30,29.8,--,4,11920,卖盘
2679,10:47:27,29.8,-0.01,140,417200,卖盘
2680,10:47:24,29.81,-0.01,11,32791,中性盘
2681,10:47:18,29.82,-0.01,11,32802,买盘
2682,10:47:15,29.83,0.01,34,101422,买盘
2683,10:47:12,29.82,0.02,2,5964,卖盘
2684,10:47:09,29.8,--,13,38740,卖盘
2685,10:47:06,29.8,--,236,704174,买盘
2686,10:47:03,29.8,--,35,104300,买盘
2687,10:47:00,29.8,-0.03,775,2311586,卖盘
2688,10:46:57,29.83,0.01,10,29830,买盘
2689,10:46:54,29.82,0.01,20,59640,买盘
2690,10:46:51,29.81,--,11,32791,卖盘
2691,10:46:48,29.81,--,27,80487,卖盘
2692,10:46:45,29.81,-0.01,62,184822,卖盘
2693,10:46:42,29.82,0.01,3,8946,买盘
2694,10:46:39,29.81,--,42,125202,卖盘
2695,10:46:36,29.81,-0.01,1,2981,卖盘
2696,10:46:33,29.82,0.02,14,41748,卖盘
2697,10:46:30,29.8,--,3,8940,卖盘
2698,10:46:27,29.8,-0.02,39,116220,卖盘
2699,10:46:24,29.82,0.01,12,35784,买盘
2700,10:46:21,29.81,0.01,11,32791,中性盘
2701,10:46:18,29.8,-0.02,22,65560,卖盘
2702,10:46:15,29.82,0.01,54,161028,买盘
2703,10:46:12,29.81,--,158,470998,买盘
2704,10:46:09,29.81,0.01,10,29810,买盘
2705,10:46:06,29.8,0.01,479,1428314,买盘
2706,10:46:03,29.79,-0.01,75,223425,卖盘
2707,10:46:00,29.8,0.01,29,86420,买盘
2708,10:45:57,29.79,-0.01,48,142992,卖盘
2709,10:45:54,29.8,--,8,23840,买盘
2710,10:45:51,29.8,0.01,73,217540,买盘
2711,10:45:48,29.79,-0.01,15,44685,卖盘
2712,10:45:45,29.8,--,3,8940,买盘
2713,10:45:42,29.8,--,2,5960,买盘
2714,10:45:39,29.8,0.01,10,29800,买盘
2715,10:45:36,29.79,-0.01,17,50672,卖盘
2716,10:45:30,29.8,--,10,29800,买盘
2717,10:45:27,29.8,0.01,110,327800,买盘
2718,10:45:24,29.79,--,2,5958,卖盘
2719,10:45:21,29.79,-0.01,24,71496,买盘
2720,10:45:18,29.8,--,23,68540,买盘
2721,10:45:15,29.8,0.01,19,56620,买盘
2722,10:45:12,29.79,0.01,10,29790,买盘
2723,10:45:09,29.78,-0.01,30,89340,卖盘
2724,10:45:06,29.79,--,55,163845,卖盘
2725,10:45:03,29.79,--,18,53622,卖盘
2726,10:45:00,29.79,--,92,274068,买盘
2727,10:44:57,29.79,--,10,29790,买盘
2728,10:44:54,29.79,--,8,23832,买盘
2729,10:44:48,29.79,--,32,95328,买盘
2730,10:44:45,29.79,-0.01,16,47664,中性盘
2731,10:44:39,29.8,0.01,9,26820,买盘
2732,10:44:36,29.79,--,1,2979,买盘
2733,10:44:33,29.79,0.01,4,11916,买盘
2734,10:44:30,29.78,-0.02,18,53604,卖盘
2735,10:44:27,29.8,--,13,38740,买盘
2736,10:44:24,29.8,--,27,80460,买盘
2737,10:44:21,29.8,0.02,27,80460,买盘
2738,10:44:18,29.78,-0.02,26,77428,卖盘
2739,10:44:15,29.8,0.02,97,289060,买盘
2740,10:44:12,29.78,--,157,467546,卖盘
2741,10:44:09,29.78,-0.01,31,92318,卖盘
2742,10:44:06,29.79,-0.01,12,35748,中性盘
2743,10:44:03,29.8,0.02,10,29800,买盘
2744,10:44:00,29.78,-0.02,54,160812,卖盘
2745,10:43:57,29.8,0.01,173,515540,买盘
2746,10:43:54,29.79,0.01,8,23832,买盘
2747,10:43:51,29.78,--,30,89340,卖盘
2748,10:43:48,29.78,0.03,1107,3296914,买盘
2749,10:43:45,29.75,--,2,5950,买盘
2750,10:43:42,29.75,0.03,1,2975,买盘
2751,10:43:39,29.72,-0.03,22,65384,卖盘
2752,10:43:36,29.75,0.02,524,1558900,买盘
2753,10:43:33,29.73,-0.01,9,26757,卖盘
2754,10:43:27,29.74,0.02,10,29740,买盘
2755,10:43:21,29.72,-0.02,3,8916,卖盘
2756,10:43:18,29.74,0.02,56,166544,买盘
2757,10:43:09,29.72,-0.02,15,44580,中性盘
2758,10:43:03,29.74,0.02,212,630488,买盘
2759,10:43:00,29.72,0.01,2,5944,买盘
2760,10:42:57,29.71,--,27,80217,卖盘
2761,10:42:54,29.71,-0.01,5,14855,卖盘
2762,10:42:51,29.72,--,156,463632,买盘
2763,10:42:48,29.72,--,39,115908,买盘
2764,10:42:45,29.72,0.01,21,62412,买盘
2765,10:42:42,29.71,--,2,5942,卖盘
2766,10:42:39,29.71,--,16,47536,卖盘
2767,10:42:36,29.71,--,18,53478,卖盘
2768,10:42:30,29.71,-0.01,3,8913,卖盘
2769,10:42:27,29.72,0.02,211,627092,买盘
2770,10:42:24,29.7,--,5,14850,卖盘
2771,10:42:21,29.7,--,2,5940,卖盘
2772,10:42:18,29.7,--,50,148500,卖盘
2773,10:42:15,29.7,--,24,71280,卖盘
2774,10:42:12,29.7,--,73,216810,卖盘
2775,10:42:09,29.7,--,11,32670,卖盘
2776,10:42:03,29.7,--,5,14850,卖盘
2777,10:42:00,29.7,-0.01,17,50490,卖盘
