,time,price,change,volume,amount,type
0,15:00:03,24.0,0.03,2457,5896800,买盘
1,14:57:00,23.97,-0.02,5,11985,中性盘
2,14:56:57,23.99,-0.01,3,7196,中性盘
3,14:56:54,24.0,0.01,12,28800,买盘
4,14:56:51,23.99,--,6,14393,买盘
5,14:56:45,23.99,0.04,1,2399,买盘
6,14:56:39,23.95,-0.05,17,40715,卖盘
7,14:56:36,24.0,--,5,12000,买盘
8,14:56:33,24.0,0.01,140,336000,买盘
9,14:56:30,23.99,--,91,218309,卖盘
10,14:56:27,23.99,--,10,23990,卖盘
11,14:56:24,23.99,0.03,120,287880,买盘
12,14:56:21,23.96,-0.03,320,766720,卖盘
13,14:56:18,23.99,-0.01,318,762882,中性盘
14,14:56:12,24.0,0.03,13,31200,买盘
15,14:56:09,23.97,-0.02,67,160599,卖盘
16,14:56:06,23.99,--,163,391037,买盘
17,14:56:03,23.99,0.01,86,206314,买盘
18,14:56:00,23.98,-0.01,96,232582,卖盘
19,14:55:57,23.99,--,19,45581,买盘
20,14:55:54,23.99,--,43,103157,买盘
21,14:55:51,23.99,0.01,37,88763,买盘
22,14:55:48,23.98,-0.01,249,597102,卖盘
23,14:55:45,23.99,0.01,158,379042,买盘
24,14:55:42,23.98,--,82,196636,卖盘
25,14:55:39,23.98,--,3,7194,卖盘
26,14:55:36,23.98,--,175,419673,买盘
27,14:55:30,23.98,0.01,5,11990,买盘
28,14:55:27,23.97,-0.01,15,35955,卖盘
29,14:55:24,23.98,--,76,182248,买盘
30,14:55:21,23.98,--,7,16786,买盘
31,14:55:18,23.98,-0.01,9,21582,卖盘
32,14:55:15,23.99,0.02,46,110354,买盘
33,14:55:12,23.97,-0.02,119,285243,卖盘
34,14:55:09,23.99,0.01,42,100758,买盘
35,14:55:06,23.98,0.01,11,26378,中性盘
36,14:55:00,23.97,--,11,26367,卖盘
37,14:54:57,23.97,-0.02,133,318801,卖盘
38,14:54:54,23.99,0.01,100,239899,买盘
39,14:54:51,23.98,0.01,14,33572,买盘
40,14:54:48,23.97,0.01,15,35955,买盘
41,14:54:45,23.96,-0.02,38,91383,卖盘
42,14:54:39,23.98,0.02,45,107910,买盘
43,14:54:36,23.96,-0.01,4,9584,卖盘
44,14:54:33,23.97,-0.01,120,287640,卖盘
45,14:54:30,23.98,--,15,35970,买盘
46,14:54:27,23.98,0.02,65,155870,买盘
47,14:54:24,23.96,--,52,124592,卖盘
48,14:54:21,23.96,--,10,23960,卖盘
49,14:54:18,23.96,--,119,285124,卖盘
50,14:54:15,23.96,0.01,20,47920,买盘
51,14:54:12,23.95,-0.02,3,7185,卖盘
52,14:54:09,23.97,0.02,41,98277,买盘
53,14:54:03,23.95,-0.01,14,33530,卖盘
54,14:54:00,23.96,--,7,16772,卖盘
55,14:53:57,23.96,--,10,23960,卖盘
56,14:53:54,23.96,--,3,7188,卖盘
57,14:53:48,23.96,-0.01,19,45524,卖盘
58,14:53:42,23.97,--,240,575280,买盘
59,14:53:39,23.97,0.01,44,105468,买盘
60,14:53:36,23.96,--,21,50316,卖盘
61,14:53:33,23.96,--,2,4792,卖盘
62,14:53:24,23.96,--,30,71880,卖盘
63,14:53:21,23.96,--,19,45524,卖盘
64,14:53:18,23.96,--,47,112612,买盘
65,14:53:15,23.96,--,27,64692,买盘
66,14:53:12,23.96,0.01,10,23960,买盘
67,14:53:06,23.95,--,11,26345,卖盘
68,14:53:03,23.95,-0.01,46,110170,卖盘
69,14:52:57,23.96,--,6,14376,买盘
70,14:52:54,23.96,0.01,36,86256,买盘
71,14:52:51,23.95,--,21,50295,卖盘
72,14:52:48,23.95,--,2,4790,卖盘
73,14:52:42,23.95,--,4,9580,卖盘
74,14:52:39,23.95,--,12,28740,卖盘
75,14:52:33,23.95,--,5,11975,卖盘
76,14:52:30,23.95,0.01,217,519715,买盘
77,14:52:24,23.94,-0.01,11,26334,卖盘
78,14:52:21,23.95,0.02,65,155675,买盘
79,14:52:09,23.93,--,11,26323,卖盘
80,14:52:06,23.93,0.01,39,93327,买盘
81,14:52:03,23.92,-0.01,20,47840,卖盘
82,14:52:00,23.93,--,10,23930,买盘
83,14:51:57,23.93,0.01,65,155545,买盘
84,14:51:54,23.92,-0.01,21,50232,卖盘
85,14:51:51,23.93,--,70,167510,买盘
86,14:51:45,23.93,--,10,23930,买盘
87,14:51:42,23.93,0.02,111,265623,买盘
88,14:51:36,23.91,--,27,64557,买盘
89,14:51:30,23.91,-0.01,87,208017,卖盘
90,14:51:27,23.92,0.01,5,11960,卖盘
91,14:51:21,23.91,--,8,19128,卖盘
92,14:51:12,23.91,-0.02,121,289311,卖盘
93,14:51:09,23.93,0.02,10,23930,买盘
94,14:50:57,23.91,--,35,83685,卖盘
95,14:50:45,23.91,-0.02,11,26301,卖盘
96,14:50:42,23.93,0.01,10,23930,买盘
97,14:50:39,23.92,--,9,21528,买盘
98,14:50:30,23.92,-0.01,2,4784,卖盘
99,14:50:27,23.93,--,1,2393,买盘
100,14:50:18,23.93,0.01,100,239300,买盘
101,14:50:15,23.92,--,21,50232,卖盘
102,14:50:06,23.92,--,9,21528,卖盘
103,14:50:00,23.92,0.01,1,2392,中性盘
104,14:49:51,23.91,-0.01,6,14346,卖盘
105,14:49:48,23.92,0.01,60,143520,买盘
106,14:49:45,23.91,--,11,26301,卖盘
107,14:49:39,23.91,--,50,119550,卖盘
108,14:49:18,23.91,--,45,107595,买盘
109,14:49:09,23.91,--,6,14346,买盘
110,14:49:03,23.91,--,5,11955,买盘
111,14:48:57,23.91,--,10,23910,买盘
112,14:48:54,23.91,--,65,155415,卖盘
113,14:48:30,23.91,--,13,31083,卖盘
114,14:48:18,23.91,-0.01,40,95640,卖盘
115,14:48:12,23.92,0.01,2,4784,买盘
116,14:48:09,23.91,-0.01,7,16737,卖盘
117,14:48:06,23.92,0.01,10,23920,买盘
118,14:47:51,23.91,0.01,161,384951,买盘
119,14:47:39,23.9,-0.01,30,71700,卖盘
120,14:47:33,23.91,0.01,2,4782,买盘
121,14:47:30,23.9,-0.01,55,131450,卖盘
122,14:47:21,23.91,0.01,20,47820,买盘
123,14:47:12,23.9,--,1,2390,卖盘
124,14:47:03,23.9,--,2,4780,卖盘
125,14:47:00,23.9,--,5,11950,卖盘
126,14:46:57,23.9,--,5,11950,卖盘
127,14:46:54,23.9,--,50,119500,买盘
128,14:46:39,23.9,--,2,4780,卖盘
129,14:46:30,23.9,--,6,14340,买盘
130,14:46:24,23.9,--,5,11950,买盘
131,14:46:21,23.9,--,1,2390,买盘
132,14:46:18,23.9,--,2,4780,买盘
133,14:46:15,23.9,--,1,2390,卖盘
134,14:46:03,23.9,--,2,4780,买盘
135,14:46:00,23.9,-0.01,12,28680,卖盘
136,14:45:54,23.91,0.01,5,11955,买盘
137,14:45:42,23.9,-0.01,6,14340,卖盘
138,14:45:33,23.91,0.01,22,52602,买盘
139,14:45:30,23.9,--,31,74090,卖盘
140,14:45:24,23.9,--,1,2390,卖盘
141,14:45:21,23.9,-0.01,10,23900,卖盘
142,14:45:12,23.91,0.01,20,47820,买盘
143,14:45:09,23.9,--,15,35850,卖盘
144,14:44:57,23.9,-0.01,4,9560,卖盘
145,14:44:54,23.91,--,1,2391,买盘
146,14:44:42,23.91,-0.02,5,11955,卖盘
147,14:44:39,23.93,0.01,30,71790,买盘
148,14:44:27,23.92,--,11,26312,卖盘
149,14:44:18,23.92,-0.01,208,497536,卖盘
150,14:44:12,23.93,-0.03,10,23930,卖盘
151,14:44:09,23.96,0.01,53,126988,买盘
152,14:44:03,23.95,--,8,19160,买盘
153,14:44:00,23.95,--,12,28740,卖盘
154,14:43:57,23.95,-0.01,10,23950,卖盘
155,14:43:39,23.96,--,8,19168,卖盘
156,14:43:36,23.96,--,217,519932,卖盘
157,14:43:30,23.96,--,14,33544,卖盘
158,14:43:21,23.96,--,3,7188,卖盘
159,14:43:18,23.96,--,21,50316,卖盘
160,14:43:12,23.96,--,3,7188,卖盘
161,14:43:09,23.96,--,36,86256,买盘
162,14:43:06,23.96,0.01,4,9584,买盘
163,14:43:03,23.95,--,78,186810,卖盘
164,14:43:00,23.95,--,4,9580,卖盘
165,14:42:51,23.95,--,1,2395,卖盘
166,14:42:48,23.95,--,10,23950,卖盘
167,14:42:30,23.95,-0.02,1,2395,卖盘
168,14:42:24,23.97,--,10,23970,买盘
169,14:42:21,23.97,--,1,2397,买盘
170,14:42:18,23.97,--,11,26367,卖盘
171,14:42:15,23.97,-0.01,10,23970,卖盘
172,14:42:09,23.98,0.01,2,4796,买盘
173,14:42:06,23.97,--,13,31161,买盘
174,14:42:03,23.97,--,6,14382,买盘
175,14:41:45,23.97,0.02,6,14382,中性盘
176,14:41:27,23.95,-0.03,5,11975,卖盘
177,14:41:21,23.98,--,6,14388,买盘
178,14:41:18,23.98,0.02,22,52756,买盘
179,14:41:12,23.96,--,2,4792,买盘
180,14:40:57,23.96,--,3,7188,卖盘
181,14:40:45,23.96,-0.03,2,4792,卖盘
182,14:40:36,23.99,0.04,1,2399,买盘
183,14:40:30,23.95,-0.04,25,59875,卖盘
184,14:40:24,23.99,0.03,15,35985,买盘
185,14:40:21,23.96,-0.04,6,14376,中性盘
186,14:40:15,24.0,0.03,198,475200,买盘
187,14:40:06,23.97,--,9,21573,买盘
188,14:40:00,23.97,0.04,3,7191,买盘
189,14:39:42,23.93,-0.02,80,191440,卖盘
190,14:39:21,23.95,-0.02,12,28740,卖盘
191,14:39:12,23.97,--,12,30657,卖盘
192,14:39:03,23.97,-0.01,431,1033107,卖盘
193,14:38:51,23.98,--,15,35970,买盘
194,14:38:45,23.98,--,12,28776,卖盘
195,14:38:42,23.98,0.01,8,19184,中性盘
196,14:38:39,23.97,-0.02,40,95880,卖盘
197,14:38:33,23.99,0.02,6,14393,买盘
198,14:38:24,23.97,--,60,143820,卖盘
199,14:38:21,23.97,--,11,26367,卖盘
200,14:38:12,23.97,--,3,7191,卖盘
201,14:38:09,23.97,--,83,199454,买盘
202,14:38:06,23.97,0.03,456,1093032,买盘
203,14:38:00,23.94,-0.01,4,9576,中性盘
204,14:37:54,23.95,--,8,19160,买盘
205,14:37:21,23.95,0.02,1,2395,买盘
206,14:37:12,23.93,-0.02,5,11965,卖盘
207,14:37:09,23.95,0.02,10,23950,买盘
208,14:37:00,23.93,-0.02,3,7179,卖盘
209,14:36:54,23.95,0.02,2,4790,买盘
210,14:36:48,23.93,--,5,11965,卖盘
211,14:36:45,23.93,--,10,23930,卖盘
212,14:36:33,23.93,--,6,14358,卖盘
213,14:36:27,23.93,--,7,16751,卖盘
214,14:36:24,23.93,--,34,81362,卖盘
215,14:36:21,23.93,--,11,26323,卖盘
216,14:36:12,23.93,0.01,18,45108,买盘
217,14:36:09,23.92,--,1,2392,卖盘
218,14:36:06,23.92,-0.01,11,26312,卖盘
219,14:36:00,23.93,0.01,16,38288,买盘
220,14:35:54,23.92,--,36,86112,卖盘
221,14:35:51,23.92,-0.01,4,9568,卖盘
222,14:35:48,23.93,--,10,23930,买盘
223,14:35:45,23.93,--,2,4786,买盘
224,14:35:42,23.93,--,5,11965,买盘
225,14:35:33,23.93,--,10,23930,买盘
226,14:35:30,23.93,--,2,4786,买盘
227,14:35:27,23.93,-0.02,396,949566,卖盘
228,14:35:24,23.95,-0.01,19,45505,卖盘
229,14:35:21,23.96,0.01,2,4792,买盘
230,14:35:18,23.95,--,3,7185,卖盘
231,14:35:15,23.95,0.02,72,174044,买盘
232,14:35:12,23.93,--,5,11965,卖盘
233,14:35:09,23.93,--,6,14358,卖盘
234,14:35:03,23.93,0.01,303,726323,买盘
235,14:35:00,23.92,-0.01,1,2392,卖盘
236,14:34:54,23.93,0.01,20,47860,买盘
237,14:34:51,23.92,-0.01,10,23920,卖盘
238,14:34:45,23.93,--,12,28716,买盘
239,14:34:36,23.93,--,302,722686,买盘
240,14:34:33,23.93,--,1,2393,买盘
241,14:34:30,23.93,--,10,23930,买盘
242,14:34:27,23.93,-0.01,57,136401,卖盘
243,14:34:24,23.94,-0.01,520,1244880,卖盘
244,14:34:21,23.95,--,1,2395,买盘
245,14:34:18,23.95,--,7,16765,买盘
246,14:34:09,23.95,--,2,4790,买盘
247,14:34:03,23.95,--,4,9580,买盘
248,14:33:57,23.95,-0.01,83,199575,卖盘
249,14:33:54,23.96,--,164,394860,买盘
250,14:33:51,23.96,--,2,4792,买盘
251,14:33:48,23.96,0.01,15,35940,买盘
252,14:33:36,23.95,0.02,196,471503,买盘
253,14:33:33,23.93,-0.01,41,98113,卖盘
254,14:33:30,23.94,--,300,718200,买盘
255,14:33:27,23.94,-0.01,49,118742,卖盘
256,14:33:24,23.95,-0.01,100,239500,卖盘
257,14:33:21,23.96,0.01,6,14376,买盘
258,14:33:18,23.95,--,100,239500,卖盘
259,14:33:12,23.95,--,12,28740,卖盘
260,14:33:06,23.95,0.02,289,693113,买盘
261,14:32:57,23.93,--,61,145973,买盘
262,14:32:54,23.93,--,5,11965,买盘
263,14:32:51,23.93,--,34,81362,买盘
264,14:32:42,23.93,--,20,47860,买盘
265,14:32:39,23.93,--,99,236907,买盘
266,14:32:27,23.93,--,668,1600390,买盘
267,14:32:21,23.93,0.02,1,2393,买盘
268,14:32:18,23.91,--,2,4782,卖盘
269,14:32:15,23.91,--,1,2391,卖盘
270,14:32:00,23.91,--,117,282066,买盘
271,14:31:57,23.91,--,10,23910,买盘
272,14:31:54,23.91,--,10,23910,买盘
273,14:31:48,23.91,0.01,242,578622,买盘
274,14:31:45,23.9,-0.01,8,19120,卖盘
275,14:31:42,23.91,--,10,23910,买盘
276,14:31:39,23.91,--,12,28692,买盘
277,14:31:36,23.91,--,50,119550,买盘
278,14:31:30,23.91,--,8,19128,买盘
279,14:31:27,23.91,-0.02,207,494937,卖盘
280,14:31:24,23.93,--,98,234514,买盘
281,14:31:21,23.93,0.02,2,4786,中性盘
282,14:31:00,23.91,-0.03,1,2391,卖盘
283,14:30:57,23.94,0.01,18,43092,买盘
284,14:30:54,23.93,0.01,92,220156,买盘
285,14:30:42,23.92,-0.01,6,14352,卖盘
286,14:30:36,23.93,--,8,19144,买盘
287,14:30:33,23.93,--,48,114864,买盘
288,14:30:27,23.93,--,240,576234,买盘
289,14:30:21,23.93,0.01,1,2393,买盘
290,14:30:12,23.92,0.01,15,35880,买盘
291,14:30:06,23.91,-0.01,1,2391,卖盘
292,14:29:57,23.92,--,50,119600,买盘
293,14:29:54,23.92,--,150,358800,买盘
294,14:29:51,23.92,0.03,105,251160,买盘
295,14:29:48,23.89,-0.03,5,11945,中性盘
296,14:29:45,23.92,0.03,543,1301056,买盘
297,14:29:42,23.89,--,6,15671,买盘
298,14:29:39,23.89,--,5,11945,买盘
299,14:29:36,23.89,--,42,100338,买盘
300,14:29:33,23.89,--,21,50169,买盘
301,14:29:27,23.89,-0.01,217,518413,卖盘
302,14:29:24,23.9,-0.01,25,59750,卖盘
303,14:29:21,23.91,0.01,1,2391,买盘
304,14:29:18,23.9,--,4,9560,买盘
305,14:29:12,23.9,--,8,19120,买盘
306,14:29:06,23.9,--,30,71700,买盘
307,14:29:03,23.9,--,15,35850,买盘
308,14:28:42,23.9,--,10,23900,买盘
309,14:28:36,23.9,--,42,100380,卖盘
310,14:28:33,23.9,--,15,35850,买盘
311,14:28:30,23.9,0.02,5,11950,卖盘
312,14:28:27,23.88,-0.03,384,919260,卖盘
313,14:28:21,23.91,--,1,2391,买盘
314,14:28:18,23.91,--,28,66948,买盘
315,14:28:03,23.91,-0.01,91,219517,卖盘
316,14:27:57,23.92,0.01,100,239200,买盘
317,14:27:54,23.91,--,2,4782,卖盘
318,14:27:36,23.91,--,15,35865,卖盘
319,14:27:27,23.91,-0.03,291,697598,卖盘
320,14:27:21,23.94,--,1,2394,买盘
321,14:27:06,23.94,0.02,22,52668,买盘
322,14:26:54,23.92,--,4,11003,卖盘
323,14:26:51,23.92,--,10,23920,卖盘
324,14:26:45,23.92,--,1,2392,卖盘
325,14:26:42,23.92,--,5,11960,卖盘
326,14:26:39,23.92,0.02,79,189924,买盘
327,14:26:36,23.9,-0.01,26,62139,卖盘
328,14:26:30,23.91,--,62,148242,买盘
329,14:26:27,23.91,-0.01,323,772890,卖盘
330,14:26:24,23.92,-0.02,1,2392,卖盘
331,14:26:21,23.94,0.02,2,4788,买盘
332,14:26:18,23.92,-0.02,9,21528,中性盘
333,14:26:12,23.94,0.02,22,52668,买盘
334,14:26:06,23.92,0.01,6,14352,中性盘
335,14:26:00,23.91,--,50,119550,卖盘
336,14:25:57,23.91,--,2,4782,卖盘
337,14:25:48,23.91,--,1,2391,卖盘
338,14:25:36,23.91,--,1,2391,卖盘
339,14:25:27,23.91,--,261,625485,卖盘
340,14:25:24,23.91,-0.03,1,2391,卖盘
341,14:25:21,23.94,0.03,1,2394,买盘
342,14:25:12,23.91,--,1,2391,卖盘
343,14:25:06,23.91,0.01,431,1030879,买盘
344,14:25:00,23.9,--,11,26290,卖盘
345,14:24:51,23.9,-0.01,1,2390,卖盘
346,14:24:48,23.91,0.01,31,74121,买盘
347,14:24:42,23.9,--,1,2390,卖盘
348,14:24:30,23.9,-0.01,1,2390,卖盘
349,14:24:27,23.91,-0.05,283,676653,卖盘
350,14:24:21,23.96,0.02,2,4792,买盘
351,14:24:15,23.94,-0.01,30,71820,卖盘
352,14:24:12,23.95,--,77,184415,买盘
353,14:24:09,23.95,0.01,6,14370,买盘
354,14:24:06,23.94,--,4,9576,卖盘
355,14:23:54,23.94,-0.01,1,2394,卖盘
356,14:23:48,23.95,0.01,2,4790,买盘
357,14:23:45,23.94,--,1,2394,卖盘
358,14:23:42,23.94,--,163,390222,卖盘
359,14:23:39,23.94,0.04,21,50274,买盘
360,14:23:36,23.9,--,1,2390,卖盘
361,14:23:27,23.9,--,63,152004,卖盘
362,14:23:24,23.9,-0.04,1,2390,卖盘
363,14:23:21,23.94,--,1,2394,买盘
364,14:23:18,23.94,0.04,5,11970,买盘
365,14:23:15,23.9,--,1,2390,卖盘
366,14:23:09,23.9,-0.05,500,1195000,卖盘
367,14:23:06,23.95,-0.01,49,117355,卖盘
368,14:23:03,23.96,--,11,26356,买盘
369,14:22:54,23.96,0.03,10,23960,买盘
370,14:22:51,23.93,-0.01,5,11965,卖盘
371,14:22:48,23.94,--,1,2394,卖盘
372,14:22:45,23.94,--,3,7182,买盘
373,14:22:39,23.94,0.04,11,26334,买盘
374,14:22:36,23.9,-0.03,403,963170,卖盘
375,14:22:30,23.93,--,5,11965,卖盘
376,14:22:27,23.93,-0.01,1,2393,卖盘
377,14:22:24,23.94,--,54,129276,买盘
378,14:22:21,23.94,0.01,2,4788,买盘
379,14:22:18,23.93,--,30,71790,卖盘
380,14:22:15,23.93,--,1,2393,卖盘
381,14:22:12,23.93,--,3,7179,卖盘
382,14:22:09,23.93,--,1,2393,卖盘
383,14:22:06,23.93,--,10,23930,卖盘
384,14:22:00,23.93,-0.01,2,4786,卖盘
385,14:21:48,23.94,--,4,9576,买盘
386,14:21:39,23.94,--,55,131670,卖盘
387,14:21:33,23.94,--,1,2394,卖盘
388,14:21:24,23.94,-0.02,1,2394,中性盘
389,14:21:21,23.96,0.03,1,2396,买盘
390,14:21:09,23.93,--,1,2393,卖盘
391,14:21:03,23.93,-0.04,1,2393,卖盘
392,14:21:00,23.97,0.01,7,16779,买盘
393,14:20:54,23.96,--,1,2396,卖盘
394,14:20:51,23.96,-0.01,29,69484,卖盘
395,14:20:48,23.97,0.01,419,1004343,买盘
396,14:20:45,23.96,--,50,119800,卖盘
397,14:20:42,23.96,--,3,7188,卖盘
398,14:20:39,23.96,-0.01,1,2396,卖盘
399,14:20:33,23.97,0.01,5,11985,买盘
400,14:20:27,23.96,--,9,21564,卖盘
401,14:20:24,23.96,-0.01,1,2396,卖盘
402,14:20:21,23.97,0.01,1,2397,买盘
403,14:20:18,23.96,--,40,95840,卖盘
404,14:20:15,23.96,-0.01,32,76672,卖盘
405,14:20:12,23.97,0.01,100,239700,买盘
406,14:20:03,23.96,--,1,2396,卖盘
407,14:20:00,23.96,--,5,11980,卖盘
408,14:19:54,23.96,--,1,2396,卖盘
409,14:19:45,23.96,-0.01,5,11980,卖盘
410,14:19:42,23.97,0.01,6,14382,买盘
411,14:19:33,23.96,--,10,23960,卖盘
412,14:19:27,23.96,--,10,23960,卖盘
413,14:19:21,23.96,-0.01,2,4792,卖盘
414,14:19:18,23.97,0.01,14,33558,买盘
415,14:19:15,23.96,--,12,29997,买盘
416,14:19:12,23.96,-0.01,39,94594,卖盘
417,14:19:09,23.97,0.01,7,16779,买盘
418,14:19:03,23.96,0.03,55,133025,买盘
419,14:18:57,23.93,-0.03,1,2393,中性盘
420,14:18:54,23.96,0.04,4,9584,买盘
421,14:18:51,23.92,--,52,124384,卖盘
422,14:18:48,23.92,-0.04,1,2392,卖盘
423,14:18:45,23.96,--,13,31148,买盘
424,14:18:42,23.96,--,4,9584,买盘
425,14:18:39,23.96,0.05,8,19168,买盘
426,14:18:36,23.91,-0.05,1,2391,卖盘
427,14:18:24,23.96,-0.01,144,346174,卖盘
428,14:18:21,23.97,--,1,2397,买盘
429,14:18:18,23.97,0.01,10,23970,买盘
430,14:18:15,23.96,-0.01,1,2396,卖盘
431,14:18:12,23.97,--,12,28764,卖盘
432,14:18:06,23.97,--,10,23970,卖盘
433,14:18:03,23.97,-0.01,1,2397,卖盘
434,14:18:00,23.98,--,13,31174,买盘
435,14:17:54,23.98,0.01,458,1098284,买盘
436,14:17:51,23.97,-0.02,1,2397,中性盘
437,14:17:48,23.99,0.03,10,23990,买盘
438,14:17:42,23.96,-0.04,19,45524,卖盘
439,14:17:30,24.0,--,26,62400,买盘
440,14:17:27,24.0,--,32,76800,卖盘
441,14:17:18,24.0,0.04,428,1027200,买盘
442,14:17:12,23.96,0.06,274,657749,买盘
443,14:17:09,23.9,-0.02,1,2390,卖盘
444,14:17:03,23.92,0.01,14,33488,买盘
445,14:17:00,23.91,0.01,55,131505,买盘
446,14:16:48,23.9,-0.01,1,2390,卖盘
447,14:16:45,23.91,0.02,300,717300,买盘
448,14:16:42,23.89,-0.01,9,21501,卖盘
449,14:16:39,23.9,--,35,83650,买盘
450,14:16:36,23.9,0.01,68,162520,买盘
451,14:16:30,23.89,-0.01,3,7167,卖盘
452,14:16:24,23.9,0.01,48,114720,买盘
453,14:16:21,23.89,--,6,14334,卖盘
454,14:16:18,23.89,-0.01,3,7167,卖盘
455,14:16:15,23.9,0.01,316,755240,买盘
456,14:16:09,23.89,-0.01,15,35835,中性盘
457,14:16:06,23.9,--,6,14340,买盘
458,14:16:00,23.9,0.02,9,21510,买盘
459,14:15:57,23.88,-0.01,1,2388,卖盘
460,14:15:54,23.89,-0.01,57,136173,卖盘
461,14:15:48,23.9,0.01,10,23900,买盘
462,14:15:45,23.89,--,1,2389,卖盘
463,14:15:39,23.89,-0.01,10,23890,卖盘
464,14:15:36,23.9,0.01,4,9560,买盘
465,14:15:33,23.89,--,1,2389,卖盘
466,14:15:27,23.89,0.02,14,33446,买盘
467,14:15:24,23.87,--,7,16709,卖盘
468,14:15:21,23.87,-0.02,9,21483,卖盘
469,14:15:18,23.89,0.02,23,54947,买盘
470,14:15:12,23.87,-0.02,1,2387,卖盘
471,14:15:09,23.89,0.02,10,23890,买盘
472,14:15:03,23.87,--,10,23870,卖盘
473,14:15:00,23.87,--,31,73997,卖盘
474,14:14:57,23.87,--,12,28644,买盘
475,14:14:54,23.87,--,10,23870,买盘
476,14:14:51,23.87,-0.02,178,424886,卖盘
477,14:14:48,23.89,0.02,23,54947,中性盘
478,14:14:39,23.87,-0.01,137,327019,卖盘
479,14:14:36,23.88,0.01,2,4776,卖盘
480,14:14:30,23.87,-0.01,10,23870,卖盘
481,14:14:21,23.88,--,1,2388,买盘
482,14:14:18,23.88,--,30,71640,买盘
483,14:14:15,23.88,0.02,9,21492,买盘
484,14:14:09,23.86,-0.01,30,71580,卖盘
485,14:14:06,23.87,--,6,14322,卖盘
486,14:14:03,23.87,-0.01,1,2387,卖盘
487,14:14:00,23.88,--,3,7164,买盘
488,14:13:57,23.88,0.02,4,9552,买盘
489,14:13:51,23.86,-0.01,1,2386,卖盘
490,14:13:48,23.87,0.01,26,62062,买盘
491,14:13:42,23.86,-0.01,101,240986,卖盘
492,14:13:33,23.87,0.01,4,9548,买盘
493,14:13:30,23.86,--,1,2386,卖盘
494,14:13:27,23.86,-0.01,20,47720,卖盘
495,14:13:24,23.87,--,4,9548,买盘
496,14:13:21,23.87,--,2,4774,买盘
497,14:13:18,23.87,0.01,26,62062,买盘
498,14:13:09,23.86,--,22,52492,卖盘
499,14:12:57,23.86,--,3,7158,卖盘
500,14:12:48,23.86,-0.01,1,2386,卖盘
501,14:12:39,23.87,0.01,9,21483,买盘
502,14:12:36,23.86,-0.01,1,2386,卖盘
503,14:12:30,23.87,0.01,36,85932,买盘
504,14:12:24,23.86,-0.01,1,2386,卖盘
505,14:12:21,23.87,--,1,2387,买盘
506,14:12:18,23.87,0.01,21,50127,买盘
507,14:12:12,23.86,-0.01,1,2386,卖盘
508,14:12:09,23.87,-0.01,118,283480,卖盘
509,14:12:06,23.88,0.01,4,9552,买盘
510,14:12:03,23.87,--,10,23870,卖盘
511,14:12:00,23.87,-0.01,1,2387,卖盘
512,14:11:57,23.88,--,2,4776,买盘
513,14:11:51,23.88,--,1,2388,买盘
514,14:11:45,23.88,-0.01,24,57312,买盘
515,14:11:36,23.89,-0.01,20,47780,买盘
516,14:11:30,23.9,0.03,7,16730,买盘
517,14:11:27,23.87,-0.01,66,157542,卖盘
518,14:11:21,23.88,--,35,83580,卖盘
519,14:11:06,23.88,-0.02,4,9552,卖盘
520,14:10:57,23.9,0.02,4,9560,买盘
521,14:10:51,23.88,--,7,16716,买盘
522,14:10:48,23.88,--,6,14328,买盘
523,14:10:30,23.88,--,4,9552,买盘
524,14:10:27,23.88,--,10,23880,买盘
525,14:10:21,23.88,-0.02,24,57312,卖盘
526,14:10:15,23.9,--,5,11950,买盘
527,14:10:09,23.9,--,30,71700,买盘
528,14:10:00,23.9,--,4,9560,买盘
529,14:09:51,23.9,-0.01,23,54970,卖盘
530,14:09:42,23.91,0.01,1,2391,买盘
531,14:09:36,23.9,0.03,4,9560,卖盘
532,14:09:33,23.87,-0.03,32,76384,卖盘
533,14:09:30,23.9,--,1,2390,卖盘
534,14:09:27,23.9,-0.01,100,239000,卖盘
535,14:09:21,23.91,--,8,19128,买盘
536,14:09:15,23.91,--,4,9564,买盘
537,14:09:03,23.91,0.01,70,167370,中性盘
538,14:08:48,23.9,-0.01,112,267680,卖盘
539,14:08:39,23.91,0.01,5,11955,买盘
540,14:08:27,23.9,--,100,239000,卖盘
541,14:08:21,23.9,--,26,62139,卖盘
542,14:08:18,23.9,-0.01,4,9560,卖盘
543,14:08:15,23.91,0.01,100,239100,买盘
544,14:08:09,23.9,-0.01,7,16730,卖盘
545,14:08:06,23.91,--,32,76512,买盘
546,14:08:00,23.91,--,3,7173,买盘
547,14:07:57,23.91,0.01,7,16737,买盘
548,14:07:48,23.9,--,700,1673000,卖盘
549,14:07:39,23.9,-0.01,1,2390,卖盘
550,14:07:33,23.91,0.01,13,31083,买盘
551,14:07:27,23.9,-0.01,1,2390,卖盘
552,14:07:21,23.91,--,1,2391,买盘
553,14:07:18,23.91,0.01,12,28692,买盘
554,14:07:03,23.9,-0.01,35,83650,卖盘
555,14:07:00,23.91,0.01,7,16737,买盘
556,14:06:51,23.9,-0.01,13,31069,卖盘
557,14:06:48,23.91,0.01,9,21519,买盘
558,14:06:45,23.9,--,10,23900,卖盘
559,14:06:42,23.9,-0.01,5,11950,卖盘
560,14:06:39,23.91,0.01,5,11955,买盘
561,14:06:36,23.9,--,10,23900,卖盘
562,14:06:24,23.9,--,23,57001,卖盘
563,14:06:21,23.9,--,144,345092,买盘
564,14:06:18,23.9,--,5,11950,买盘
565,14:06:12,23.9,0.03,5,11950,买盘
566,14:06:09,23.87,-0.03,20,47740,卖盘
567,14:06:06,23.9,--,6,14340,买盘
568,14:05:57,23.9,--,33,78870,买盘
569,14:05:42,23.9,--,1,2390,买盘
570,14:05:30,23.9,--,9,21510,买盘
571,14:05:21,23.9,--,1,2390,买盘
572,14:05:18,23.9,--,48,114720,买盘
573,14:05:15,23.9,--,3,7170,买盘
574,14:05:12,23.9,--,4,9560,买盘
575,14:05:06,23.9,--,2,4780,买盘
576,14:05:03,23.9,--,26,62139,买盘
577,14:04:57,23.9,--,173,413470,买盘
578,14:04:48,23.9,--,8,19120,买盘
579,14:04:45,23.9,--,21,50190,买盘
580,14:04:39,23.9,--,54,129059,买盘
581,14:04:36,23.9,0.02,68,162520,买盘
582,14:04:33,23.88,--,68,162384,买盘
583,14:04:30,23.88,-0.02,31,74028,卖盘
584,14:04:27,23.9,--,68,162520,买盘
585,14:04:24,23.9,--,34,81260,买盘
586,14:04:21,23.9,0.01,2,4780,买盘
587,14:04:12,23.89,0.01,7,16723,买盘
588,14:04:09,23.88,--,2,4776,卖盘
589,14:04:03,23.88,--,3,7164,卖盘
590,14:03:54,23.88,-0.02,4,9552,卖盘
591,14:03:42,23.9,0.02,15,35850,买盘
592,14:03:36,23.88,-0.02,100,238800,卖盘
593,14:03:33,23.9,0.01,5,11950,买盘
594,14:03:27,23.89,--,3,7167,买盘
595,14:03:21,23.89,--,1,2389,买盘
596,14:03:18,23.89,-0.01,1,2389,卖盘
597,14:03:15,23.9,0.01,10,23900,买盘
598,14:03:12,23.89,-0.01,1,2389,卖盘
599,14:03:03,23.9,--,6,14340,买盘
600,14:02:54,23.9,--,35,83650,买盘
601,14:02:48,23.9,--,6,14340,买盘
602,14:02:42,23.9,0.02,11,26290,买盘
603,14:02:39,23.88,-0.02,14,33432,卖盘
604,14:02:33,23.9,--,9,21510,买盘
605,14:02:27,23.9,--,2,4780,买盘
606,14:02:21,23.9,0.05,101,241390,买盘
607,14:02:18,23.85,-0.01,7,16695,卖盘
608,14:02:15,23.86,0.01,6,14316,买盘
609,14:02:00,23.85,--,3,7155,卖盘
610,14:01:57,23.85,--,23,56357,卖盘
611,14:01:54,23.85,0.01,17,41999,买盘
612,14:01:51,23.84,-0.01,1,2384,卖盘
613,14:01:48,23.85,--,4,9540,买盘
614,14:01:45,23.85,0.01,296,705960,买盘
615,14:01:42,23.84,--,106,252704,卖盘
616,14:01:39,23.84,--,5,11920,卖盘
617,14:01:30,23.84,-0.01,15,35760,卖盘
618,14:01:21,23.85,--,1,2385,买盘
619,14:01:15,23.85,-0.02,197,470775,卖盘
620,14:01:12,23.87,--,1,2387,买盘
621,14:01:06,23.87,-0.03,4,9548,中性盘
622,14:01:03,23.9,--,24,57360,买盘
623,14:00:54,23.9,0.03,1,2390,买盘
624,14:00:48,23.87,--,41,98821,买盘
625,14:00:45,23.87,-0.01,14,34850,卖盘
626,14:00:42,23.88,-0.02,2,4776,买盘
627,14:00:36,23.9,--,21,50190,卖盘
628,14:00:33,23.9,0.03,3,7170,买盘
629,14:00:27,23.87,--,4,9548,卖盘
630,14:00:24,23.87,-0.03,80,190960,卖盘
631,14:00:21,23.9,--,1,2390,买盘
632,14:00:15,23.9,--,148,354580,卖盘
633,14:00:12,23.9,0.02,54,129155,买盘
634,14:00:09,23.88,--,26,63759,卖盘
635,14:00:06,23.88,-0.02,2,4776,卖盘
636,14:00:03,23.9,-0.02,49,117970,卖盘
637,13:59:57,23.92,--,28,66976,卖盘
638,13:59:54,23.92,--,84,200928,卖盘
639,13:59:51,23.92,--,10,23920,卖盘
640,13:59:48,23.92,--,6,14352,卖盘
641,13:59:45,23.92,--,1,2392,卖盘
642,13:59:42,23.92,--,69,165048,买盘
643,13:59:30,23.92,-0.01,2,4784,卖盘
644,13:59:21,23.93,--,2,4786,买盘
645,13:59:18,23.93,0.03,35,83755,买盘
646,13:59:09,23.9,--,47,113859,卖盘
647,13:59:06,23.9,--,50,119500,卖盘
648,13:58:54,23.9,-0.02,13,31069,卖盘
649,13:58:48,23.92,--,19,45448,卖盘
650,13:58:45,23.92,--,64,153088,卖盘
651,13:58:42,23.92,--,27,64584,卖盘
652,13:58:39,23.92,-0.01,5,11960,卖盘
653,13:58:36,23.93,0.01,4,9572,买盘
654,13:58:30,23.92,--,5,11960,卖盘
655,13:58:24,23.92,-0.01,10,23920,卖盘
656,13:58:21,23.93,--,1,2393,买盘
657,13:58:15,23.93,0.01,5,11965,买盘
658,13:58:12,23.92,--,5,11960,卖盘
659,13:58:06,23.92,-0.01,2,4784,卖盘
660,13:58:00,23.93,0.01,1,2393,中性盘
661,13:57:33,23.92,-0.02,53,126776,卖盘
662,13:57:27,23.94,--,3,7182,买盘
663,13:57:21,23.94,--,1,2394,买盘
664,13:57:15,23.94,--,1,2394,买盘
665,13:57:09,23.94,--,7,16758,买盘
666,13:56:57,23.94,0.02,29,69426,买盘
667,13:56:48,23.92,--,13,31096,卖盘
668,13:56:36,23.92,-0.02,3,7176,卖盘
669,13:56:33,23.94,--,2,4788,买盘
670,13:56:24,23.94,--,28,67032,买盘
671,13:56:21,23.94,0.02,1,2394,买盘
672,13:56:18,23.92,--,10,23920,卖盘
673,13:56:09,23.92,--,20,47840,卖盘
674,13:55:51,23.92,-0.03,1,2392,中性盘
675,13:55:36,23.95,--,1,2395,买盘
676,13:55:27,23.95,--,1,2395,买盘
677,13:55:24,23.95,-0.01,194,465779,卖盘
678,13:55:21,23.96,0.01,102,244392,买盘
679,13:55:18,23.95,-0.01,200,479000,卖盘
680,13:55:15,23.96,-0.01,6,14376,买盘
681,13:55:12,23.97,0.02,317,759849,买盘
682,13:55:06,23.95,-0.02,500,1197500,卖盘
683,13:55:03,23.97,--,6,14382,买盘
684,13:54:57,23.97,--,64,153408,买盘
685,13:54:54,23.97,--,76,182172,卖盘
686,13:54:51,23.97,--,14,33558,卖盘
687,13:54:48,23.97,--,5,11985,卖盘
688,13:54:36,23.97,-0.01,5,11985,买盘
689,13:54:33,23.98,0.02,300,719400,买盘
690,13:54:30,23.96,-0.01,45,109065,卖盘
691,13:54:24,23.97,-0.01,7,16779,买盘
692,13:54:21,23.98,0.02,1,2398,买盘
693,13:54:15,23.96,--,110,263560,卖盘
694,13:54:12,23.96,-0.01,31,74276,卖盘
695,13:54:09,23.97,--,4,9588,买盘
696,13:54:03,23.97,--,5,11985,买盘
697,13:53:54,23.97,-0.01,4,9588,中性盘
698,13:53:48,23.98,0.01,200,479600,买盘
699,13:53:45,23.97,-0.01,4,9588,卖盘
700,13:53:36,23.98,--,4,9592,买盘
701,13:53:33,23.98,-0.01,250,599500,买盘
702,13:53:27,23.99,--,1,2399,买盘
703,13:53:21,23.99,0.01,1,2399,买盘
704,13:53:18,23.98,0.01,20,47960,买盘
705,13:53:09,23.97,-0.02,2,4794,卖盘
706,13:53:00,23.99,0.02,100,239899,买盘
707,13:52:57,23.97,-0.01,2,4794,卖盘
708,13:52:54,23.98,0.01,1,2398,买盘
709,13:52:42,23.97,-0.01,21,50337,卖盘
710,13:52:33,23.98,-0.01,1,2398,卖盘
711,13:52:30,23.99,0.01,4,9596,买盘
712,13:52:21,23.98,-0.01,13,31174,卖盘
713,13:52:18,23.99,--,27,64772,买盘
714,13:52:15,23.99,0.01,30,71970,买盘
715,13:52:09,23.98,-0.01,10,23980,卖盘
716,13:52:03,23.99,0.01,1,2399,买盘
717,13:52:00,23.98,-0.01,3,7194,卖盘
718,13:51:57,23.99,--,3,7196,买盘
719,13:51:54,23.99,0.01,4,9596,买盘
720,13:51:51,23.98,--,10,23980,卖盘
721,13:51:39,23.98,--,21,50358,买盘
722,13:51:36,23.98,--,14,33572,买盘
723,13:51:30,23.98,-0.01,32,76736,卖盘
724,13:51:18,23.99,--,11,26389,买盘
725,13:51:09,23.99,--,10,23990,买盘
726,13:51:03,23.99,--,2,4798,买盘
727,13:51:00,23.99,--,5,11995,买盘
728,13:50:54,23.99,--,10,23990,买盘
729,13:50:45,23.99,-0.01,47,112752,卖盘
730,13:50:42,24.0,0.01,16,38400,买盘
731,13:50:36,23.99,--,2,4798,卖盘
732,13:50:33,23.99,-0.01,48,115151,卖盘
733,13:50:30,24.0,--,33,79200,买盘
734,13:50:27,24.0,--,14,33600,卖盘
735,13:50:24,24.0,--,114,273600,买盘
736,13:50:21,24.0,--,2,4800,买盘
737,13:50:18,24.0,0.04,14,33600,买盘
738,13:50:12,23.96,-0.04,46,110216,卖盘
739,13:50:09,24.0,--,1,2400,买盘
740,13:50:06,24.0,--,9,21600,卖盘
741,13:50:03,24.0,--,17,40800,卖盘
742,13:50:00,24.0,-0.02,2,4800,卖盘
743,13:49:57,24.02,0.01,49,117698,买盘
744,13:49:48,24.01,0.03,368,883568,买盘
745,13:49:45,23.98,--,36,86328,买盘
746,13:49:42,23.98,0.01,15,35970,买盘
747,13:49:39,23.97,--,5,11985,买盘
748,13:49:36,23.97,--,41,98277,买盘
749,13:49:33,23.97,0.01,16,38352,买盘
750,13:49:27,23.96,-0.01,24,57504,卖盘
751,13:49:21,23.97,--,13,31161,买盘
752,13:49:18,23.97,--,2,4794,买盘
753,13:49:15,23.97,--,7,16779,买盘
754,13:49:12,23.97,--,6,14382,买盘
755,13:49:06,23.97,0.02,372,891684,买盘
756,13:49:03,23.95,--,3,7185,卖盘
757,13:49:00,23.95,0.03,529,1266955,买盘
758,13:48:51,23.92,0.01,1,2392,买盘
759,13:48:39,23.91,-0.01,40,95640,卖盘
760,13:48:33,23.92,0.01,1,2392,买盘
761,13:48:27,23.91,-0.01,27,64557,卖盘
762,13:48:18,23.92,0.01,2,4784,买盘
763,13:48:09,23.91,-0.01,15,35865,卖盘
764,13:48:00,23.92,0.01,1,2392,买盘
765,13:47:57,23.91,-0.01,10,23910,卖盘
766,13:47:33,23.92,0.02,36,86112,买盘
767,13:47:24,23.9,-0.02,28,66920,卖盘
768,13:47:21,23.92,0.02,1,2392,买盘
769,13:47:18,23.9,--,29,71054,卖盘
770,13:47:03,23.9,-0.02,100,239000,卖盘
771,13:46:51,23.92,0.02,5,11960,中性盘
772,13:46:33,23.9,-0.03,120,286800,卖盘
773,13:46:30,23.93,--,1,2393,买盘
774,13:46:27,23.93,-0.02,7,16751,卖盘
775,13:46:24,23.95,--,3,7185,买盘
776,13:46:21,23.95,0.02,2,4790,买盘
777,13:46:12,23.93,--,5,11965,卖盘
778,13:46:06,23.93,-0.02,17,40681,卖盘
779,13:45:48,23.95,--,4,9580,买盘
780,13:45:30,23.95,-0.01,5,11975,中性盘
781,13:45:21,23.96,0.01,22,52712,买盘
782,13:45:18,23.95,-0.01,1,2395,中性盘
783,13:45:06,23.96,--,108,258768,买盘
784,13:45:03,23.96,0.01,26,62296,买盘
785,13:44:57,23.95,-0.01,1,2395,卖盘
786,13:44:51,23.96,--,2,4792,买盘
787,13:44:45,23.96,0.01,100,239600,买盘
788,13:44:42,23.95,-0.01,5,11975,卖盘
789,13:44:33,23.96,0.01,1,2396,买盘
790,13:44:30,23.95,0.05,1241,2972195,买盘
791,13:44:24,23.9,-0.01,9,21510,中性盘
792,13:44:18,23.91,0.03,1,2391,买盘
793,13:44:15,23.88,-0.02,50,119400,卖盘
794,13:44:12,23.9,--,2,4780,卖盘
795,13:44:03,23.9,--,5,11950,卖盘
796,13:44:00,23.9,0.02,0,1218,中性盘
797,13:43:42,23.88,-0.03,41,97908,卖盘
798,13:43:36,23.91,--,5,11955,买盘
799,13:43:33,23.91,--,2,4782,买盘
800,13:43:21,23.91,0.01,1,2391,买盘
801,13:43:15,23.9,--,12,28680,卖盘
802,13:43:06,23.9,-0.01,2,4780,卖盘
803,13:43:00,23.91,--,2,4782,买盘
804,13:42:54,23.91,--,60,143460,买盘
805,13:42:51,23.91,--,10,23910,买盘
806,13:42:45,23.91,0.01,4,9564,买盘
807,13:42:42,23.9,-0.01,1,2390,卖盘
808,13:42:33,23.91,0.01,1,2391,买盘
809,13:42:30,23.9,--,4,11448,买盘
810,13:42:24,23.9,0.01,129,308310,买盘
811,13:42:21,23.89,-0.01,28,66892,卖盘
812,13:42:18,23.9,--,1,2390,买盘
813,13:42:15,23.9,--,9,21510,买盘
814,13:42:12,23.9,--,102,244281,卖盘
815,13:42:09,23.9,--,17,40630,卖盘
816,13:42:06,23.9,--,20,47800,卖盘
817,13:42:00,23.9,0.01,280,669200,买盘
818,13:41:54,23.89,0.01,25,59725,买盘
819,13:41:51,23.88,-0.01,29,71138,卖盘
820,13:41:45,23.89,--,35,83615,买盘
821,13:41:42,23.89,0.02,7,16723,买盘
822,13:41:39,23.87,-0.02,20,47740,中性盘
823,13:41:36,23.89,--,13,31057,买盘
824,13:41:33,23.89,--,45,107505,买盘
825,13:41:30,23.89,--,44,105116,买盘
826,13:41:24,23.89,--,126,301014,买盘
827,13:41:21,23.89,--,22,52558,买盘
828,13:41:15,23.89,--,46,109894,买盘
829,13:41:12,23.89,0.01,84,200676,买盘
830,13:41:09,23.88,--,5,11940,卖盘
831,13:41:06,23.88,0.03,285,681081,买盘
832,13:41:03,23.85,-0.01,15,35775,卖盘
833,13:41:00,23.86,0.01,22,52492,买盘
834,13:40:57,23.85,--,114,271890,买盘
835,13:40:54,23.85,--,22,52470,买盘
836,13:40:51,23.85,--,31,73935,买盘
837,13:40:48,23.85,--,1,2385,买盘
838,13:40:45,23.85,--,52,124020,买盘
839,13:40:42,23.85,--,21,50085,买盘
840,13:40:33,23.85,--,14,33390,买盘
841,13:40:30,23.85,--,9,21465,买盘
842,13:40:24,23.85,--,5,11925,买盘
843,13:40:21,23.85,-0.01,40,95400,中性盘
844,13:40:09,23.86,-0.01,19,45334,中性盘
845,13:40:03,23.87,--,85,202895,买盘
846,13:40:00,23.87,--,43,102641,买盘
847,13:39:54,23.87,0.03,9,21483,买盘
848,13:39:51,23.84,-0.01,273,650832,卖盘
849,13:39:45,23.85,-0.02,3,7155,卖盘
850,13:39:42,23.87,--,28,66836,买盘
851,13:39:36,23.87,--,6,14322,买盘
852,13:39:30,23.87,--,4,9548,买盘
853,13:39:24,23.87,--,6,14322,买盘
854,13:39:21,23.87,0.02,3,7161,买盘
855,13:39:18,23.85,-0.02,5,11925,卖盘
856,13:39:12,23.87,-0.02,4,11433,卖盘
857,13:39:09,23.89,0.02,4,9556,买盘
858,13:39:06,23.87,--,2,4774,卖盘
859,13:39:03,23.87,--,7,16709,卖盘
860,13:38:57,23.87,--,1,2387,卖盘
861,13:38:51,23.87,0.02,0,501,买盘
862,13:38:48,23.85,-0.02,3,7155,卖盘
863,13:38:45,23.87,--,5,11935,买盘
864,13:38:42,23.87,--,9,21483,买盘
865,13:38:39,23.87,--,4,9548,买盘
866,13:38:36,23.87,-0.01,17,40579,卖盘
867,13:38:33,23.88,--,19,45372,买盘
868,13:38:30,23.88,--,11,26268,买盘
869,13:38:24,23.88,--,7,16716,买盘
870,13:38:21,23.88,0.01,5,11940,买盘
871,13:38:15,23.87,-0.01,26,62062,卖盘
872,13:38:12,23.88,-0.01,2,4776,中性盘
873,13:38:09,23.89,0.02,9,21501,买盘
874,13:38:00,23.87,-0.01,33,78771,卖盘
875,13:37:57,23.88,0.01,4,9552,中性盘
876,13:37:54,23.87,-0.02,17,40579,卖盘
877,13:37:51,23.89,--,27,64503,买盘
878,13:37:48,23.89,--,72,172008,买盘
879,13:37:45,23.89,-0.01,19,45391,卖盘
880,13:37:42,23.9,0.01,16,38240,买盘
881,13:37:39,23.89,-0.01,7,16723,卖盘
882,13:37:36,23.9,0.01,48,114720,中性盘
883,13:37:30,23.89,-0.01,6,14334,卖盘
884,13:37:27,23.9,0.01,17,40630,买盘
885,13:37:24,23.89,0.01,8,19112,买盘
886,13:37:21,23.88,-0.01,14,33432,卖盘
887,13:37:18,23.89,0.02,96,230872,买盘
888,13:37:12,23.87,0.03,281,670747,买盘
889,13:37:09,23.84,--,15,35760,买盘
890,13:37:06,23.84,--,3,7152,买盘
891,13:37:03,23.84,-0.04,1715,4088560,卖盘
892,13:37:00,23.88,--,24,57312,买盘
893,13:36:57,23.88,--,11,26268,买盘
894,13:36:54,23.88,--,1,2388,买盘
895,13:36:51,23.88,--,8,19104,买盘
896,13:36:48,23.88,--,5,11940,买盘
897,13:36:45,23.88,-0.02,56,134587,卖盘
898,13:36:39,23.9,--,10,23900,买盘
899,13:36:30,23.9,-0.01,6,14340,卖盘
900,13:36:24,23.91,0.02,11,26301,买盘
901,13:36:21,23.89,-0.02,5,11945,卖盘
902,13:36:18,23.91,0.02,1,2391,买盘
903,13:36:15,23.89,-0.01,23,56929,卖盘
904,13:36:09,23.9,--,10,25835,买盘
905,13:36:06,23.9,--,6,14340,买盘
906,13:36:03,23.9,--,1,2390,买盘
907,13:35:57,23.9,0.01,37,88430,买盘
908,13:35:51,23.89,-0.01,5,11945,卖盘
909,13:35:48,23.9,--,80,191200,买盘
910,13:35:33,23.9,--,18,43474,卖盘
911,13:35:27,23.9,--,65,157285,卖盘
912,13:35:24,23.9,-0.01,20,47800,卖盘
913,13:35:21,23.91,0.01,1,2391,买盘
914,13:35:18,23.9,--,2,4780,卖盘
915,13:35:15,23.9,--,100,239000,卖盘
916,13:35:06,23.9,--,12,28680,卖盘
917,13:35:03,23.9,--,10,23900,卖盘
918,13:35:00,23.9,--,8,19120,卖盘
919,13:34:57,23.9,--,16,38240,买盘
920,13:34:54,23.9,--,12,28680,买盘
921,13:34:42,23.9,--,417,996629,卖盘
922,13:34:33,23.9,--,3,7170,卖盘
923,13:34:30,23.9,--,25,59750,卖盘
924,13:34:27,23.9,-0.01,7,16730,卖盘
925,13:34:21,23.91,0.01,1,2391,买盘
926,13:34:15,23.9,--,2,4780,卖盘
927,13:34:03,23.9,-0.01,2,4780,卖盘
928,13:33:30,23.91,--,27,64557,买盘
929,13:33:24,23.91,--,119,284529,卖盘
930,13:33:21,23.91,-0.01,5,11955,卖盘
931,13:33:18,23.92,--,1,2392,买盘
932,13:33:12,23.92,--,2,4784,买盘
933,13:33:09,23.92,0.01,10,23920,买盘
934,13:33:03,23.91,--,5,11955,卖盘
935,13:32:57,23.91,-0.01,20,47820,卖盘
936,13:32:27,23.92,--,18,43056,卖盘
937,13:32:21,23.92,--,18,43056,买盘
938,13:32:18,23.92,0.02,2,4784,买盘
939,13:32:06,23.9,-0.01,2,4780,卖盘
940,13:32:00,23.91,0.01,38,90858,中性盘
941,13:31:36,23.9,-0.02,100,239000,卖盘
942,13:31:27,23.92,--,11,26312,买盘
943,13:31:21,23.92,0.01,1,2392,买盘
944,13:31:12,23.91,--,2,4782,买盘
945,13:31:06,23.91,0.01,20,47820,中性盘
946,13:31:00,23.9,--,82,195980,卖盘
947,13:30:36,23.9,-0.02,20,47800,卖盘
948,13:30:33,23.92,0.01,183,437736,买盘
949,13:30:27,23.91,--,14,33474,卖盘
950,13:30:21,23.91,-0.01,20,47820,卖盘
951,13:30:18,23.92,0.02,1,2392,买盘
952,13:30:09,23.9,-0.01,50,119500,卖盘
953,13:30:03,23.91,--,20,47820,买盘
954,13:30:00,23.91,0.01,10,23910,买盘
955,13:29:57,23.9,-0.01,100,239000,卖盘
956,13:29:54,23.91,--,32,76512,卖盘
957,13:29:42,23.91,0.01,9,21519,买盘
958,13:29:39,23.9,-0.01,5,11950,卖盘
959,13:29:24,23.91,--,1,2391,买盘
960,13:29:18,23.91,--,1,2391,买盘
961,13:29:15,23.91,-0.01,9,21519,卖盘
962,13:29:12,23.92,0.02,27,64584,买盘
963,13:29:00,23.9,-0.02,47,112330,卖盘
964,13:28:57,23.92,0.01,34,81328,买盘
965,13:28:54,23.91,--,108,258228,卖盘
966,13:28:51,23.91,0.01,135,322785,买盘
967,13:28:45,23.9,-0.01,46,109940,卖盘
968,13:28:36,23.91,0.01,16,38256,买盘
969,13:28:33,23.9,--,2,4780,卖盘
970,13:28:30,23.9,--,26,62139,买盘
971,13:28:24,23.9,--,10,23900,买盘
972,13:28:21,23.9,--,2,4780,买盘
973,13:28:18,23.9,--,23,54970,买盘
974,13:28:00,23.9,0.02,8,19120,买盘
975,13:27:57,23.88,--,14,33432,买盘
976,13:27:51,23.88,-0.02,40,95520,卖盘
977,13:27:48,23.9,--,20,47800,买盘
978,13:27:45,23.9,--,5,11950,买盘
979,13:27:42,23.9,0.01,29,69310,买盘
980,13:27:36,23.89,-0.01,24,57336,卖盘
981,13:27:33,23.9,--,6,14340,买盘
982,13:27:27,23.9,--,6,14340,买盘
983,13:27:24,23.9,0.02,20,47800,买盘
984,13:27:21,23.88,--,32,76416,买盘
985,13:27:18,23.88,--,8,19104,买盘
986,13:27:15,23.88,-0.02,128,305664,卖盘
987,13:27:12,23.9,0.01,8,19120,买盘
988,13:27:09,23.89,0.01,23,54947,买盘
989,13:27:06,23.88,-0.01,31,74028,卖盘
990,13:27:03,23.89,--,26,62114,买盘
991,13:27:00,23.89,0.01,6,14334,买盘
992,13:26:57,23.88,-0.01,24,57312,卖盘
993,13:26:51,23.89,--,22,52558,买盘
994,13:26:48,23.89,--,6,14334,买盘
995,13:26:45,23.89,--,10,23890,买盘
996,13:26:39,23.89,-0.01,20,47780,卖盘
997,13:26:24,23.9,--,7,16730,买盘
998,13:26:21,23.9,0.01,12,28680,买盘
999,13:26:15,23.89,--,28,66892,买盘
1000,13:26:06,23.89,0.01,21,50169,买盘
1001,13:26:00,23.88,-0.01,24,57312,卖盘
1002,13:25:57,23.89,--,20,47780,买盘
1003,13:25:36,23.89,--,17,40613,买盘
1004,13:25:30,23.89,--,30,71670,买盘
1005,13:25:24,23.89,--,12,28668,买盘
1006,13:25:18,23.89,0.01,11,26279,买盘
1007,13:25:09,23.88,-0.01,3,7164,卖盘
1008,13:24:48,23.89,0.01,10,23890,买盘
1009,13:24:39,23.88,-0.01,2,4776,卖盘
1010,13:24:27,23.89,--,1,2389,买盘
1011,13:24:18,23.89,--,1,2389,买盘
1012,13:24:15,23.89,0.01,10,23890,买盘
1013,13:24:12,23.88,--,6,14328,卖盘
1014,13:24:09,23.88,--,6,14328,卖盘
1015,13:23:57,23.88,-0.01,23,54924,卖盘
1016,13:23:48,23.89,0.01,12,28668,买盘
1017,13:23:42,23.88,--,20,47760,卖盘
1018,13:23:39,23.88,-0.01,10,23880,卖盘
1019,13:23:21,23.89,--,6,14334,买盘
1020,13:23:18,23.89,0.01,16,38224,中性盘
1021,13:23:12,23.88,--,38,91460,卖盘
1022,13:23:09,23.88,--,9,21492,卖盘
1023,13:23:06,23.88,-0.01,100,238800,卖盘
1024,13:23:03,23.89,--,14,33446,买盘
1025,13:22:57,23.89,--,22,54230,卖盘
1026,13:22:54,23.89,-0.01,17,40613,卖盘
1027,13:22:33,23.9,--,10,23900,买盘
1028,13:22:30,23.9,--,3,7170,卖盘
1029,13:22:27,23.9,-0.01,11,26290,卖盘
1030,13:22:18,23.91,--,1,2391,买盘
1031,13:22:09,23.91,0.02,16,38256,中性盘
1032,13:22:06,23.89,-0.03,50,119450,卖盘
1033,13:22:03,23.92,0.01,45,107640,买盘
1034,13:22:00,23.91,--,11,26301,卖盘
1035,13:21:48,23.91,0.01,6,14346,中性盘
1036,13:21:42,23.9,-0.01,244,583160,卖盘
1037,13:21:36,23.91,0.01,208,497328,买盘
1038,13:21:30,23.9,-0.01,793,1897588,卖盘
1039,13:21:24,23.91,--,23,54993,买盘
1040,13:21:18,23.91,-0.01,89,212799,卖盘
1041,13:21:03,23.92,0.01,2,4784,买盘
1042,13:20:51,23.91,--,5,11955,卖盘
1043,13:20:48,23.91,--,10,23910,卖盘
1044,13:20:39,23.91,-0.01,6,14346,卖盘
1045,13:20:24,23.92,0.01,50,119600,买盘
1046,13:20:21,23.91,-0.01,42,100422,卖盘
1047,13:20:18,23.92,0.01,1,2392,买盘
1048,13:20:06,23.91,--,18,43038,卖盘
1049,13:20:00,23.91,--,5,11955,卖盘
1050,13:19:57,23.91,-0.01,6,14346,卖盘
1051,13:19:33,23.92,-0.02,3,7176,卖盘
1052,13:19:21,23.94,--,2,4788,买盘
1053,13:19:18,23.94,--,100,239400,买盘
1054,13:19:15,23.94,--,5,11970,买盘
1055,13:19:09,23.94,0.01,7,16758,买盘
1056,13:19:06,23.93,-0.01,3,7179,卖盘
1057,13:19:00,23.94,0.01,20,47880,买盘
1058,13:18:45,23.93,--,3,7179,买盘
1059,13:18:18,23.93,0.01,1,2393,买盘
1060,13:18:15,23.92,0.01,11,26312,买盘
1061,13:17:57,23.91,0.01,53,126723,买盘
1062,13:17:48,23.9,--,6,14340,卖盘
1063,13:17:39,23.9,-0.01,11,27078,卖盘
1064,13:17:36,23.91,0.01,17,40647,买盘
1065,13:17:24,23.9,-0.01,42,100380,卖盘
1066,13:17:21,23.91,--,1,2391,买盘
1067,13:17:15,23.91,--,1,2391,买盘
1068,13:17:06,23.91,--,25,59775,买盘
1069,13:17:03,23.91,--,3,7173,卖盘
1070,13:16:57,23.91,-0.01,22,52602,卖盘
1071,13:16:54,23.92,0.01,2,4784,买盘
1072,13:16:48,23.91,--,5,11955,买盘
1073,13:16:30,23.91,-0.01,28,66948,卖盘
1074,13:16:18,23.92,0.01,3,7176,买盘
1075,13:16:15,23.91,--,1,2391,卖盘
1076,13:16:03,23.91,--,8,19128,卖盘
1077,13:15:54,23.91,-0.01,30,71730,卖盘
1078,13:15:30,23.92,--,5,11960,买盘
1079,13:15:18,23.92,--,1,2392,买盘
1080,13:14:51,23.92,--,6,14352,买盘
1081,13:14:39,23.92,--,5,11960,买盘
1082,13:14:21,23.92,-0.02,3,8778,卖盘
1083,13:14:18,23.94,0.02,2,4788,买盘
1084,13:13:39,23.92,-0.01,2,5573,卖盘
1085,13:13:36,23.93,--,7,16751,买盘
1086,13:13:24,23.93,--,2,4786,买盘
1087,13:13:18,23.93,-0.01,1,2393,中性盘
1088,13:12:54,23.94,0.01,10,23940,买盘
1089,13:12:45,23.93,--,11,26323,卖盘
1090,13:12:39,23.93,--,53,126829,买盘
1091,13:12:36,23.93,--,2,4786,买盘
1092,13:12:30,23.93,--,10,23930,买盘
1093,13:12:27,23.93,--,18,43074,买盘
1094,13:12:24,23.93,-0.01,38,90934,卖盘
1095,13:12:21,23.94,0.01,1,2394,买盘
1096,13:12:15,23.93,--,10,23930,卖盘
1097,13:11:54,23.93,0.02,195,466635,买盘
1098,13:11:51,23.91,--,5,11955,中性盘
1099,13:11:45,23.91,--,17,40647,卖盘
1100,13:11:33,23.91,-0.02,50,119550,卖盘
1101,13:11:30,23.93,--,80,191440,买盘
1102,13:11:27,23.93,--,51,122043,买盘
1103,13:11:18,23.93,0.01,1,2393,买盘
1104,13:11:09,23.92,-0.01,10,23920,卖盘
1105,13:11:03,23.93,--,273,653289,卖盘
1106,13:11:00,23.93,-0.01,10,23930,卖盘
1107,13:10:45,23.94,0.01,21,50274,买盘
1108,13:10:42,23.93,--,10,23930,卖盘
1109,13:10:30,23.93,-0.01,10,23930,卖盘
1110,13:10:18,23.94,0.02,2,4788,买盘
1111,13:10:09,23.92,-0.02,10,23920,卖盘
1112,13:10:03,23.94,0.01,10,23940,买盘
1113,13:09:57,23.93,--,2,4786,卖盘
1114,13:09:54,23.93,--,8,19144,卖盘
1115,13:09:45,23.93,-0.01,3,7179,卖盘
1116,13:09:42,23.94,--,17,40698,买盘
1117,13:09:39,23.94,--,20,47880,买盘
1118,13:09:33,23.94,0.01,11,26334,买盘
1119,13:09:30,23.93,--,19,45467,卖盘
1120,13:09:24,23.93,-0.01,33,78969,卖盘
1121,13:09:18,23.94,--,1,2394,买盘
1122,13:09:06,23.94,--,4,9576,买盘
1123,13:08:51,23.94,--,13,31122,买盘
1124,13:08:45,23.94,0.01,9,21546,买盘
1125,13:08:42,23.93,-0.01,5,11965,卖盘
1126,13:08:39,23.94,--,10,23940,买盘
1127,13:08:36,23.94,--,5,11970,买盘
1128,13:08:33,23.94,--,5,11970,买盘
1129,13:08:18,23.94,0.01,2,4788,买盘
1130,13:08:12,23.93,--,4,9572,卖盘
1131,13:08:09,23.93,--,38,90934,买盘
1132,13:07:57,23.93,0.03,76,181868,买盘
1133,13:07:51,23.9,-0.02,30,71700,卖盘
1134,13:07:48,23.92,--,13,31096,卖盘
1135,13:07:45,23.92,--,10,23920,卖盘
1136,13:07:42,23.92,-0.01,19,45448,卖盘
1137,13:07:39,23.93,--,5,11965,买盘
1138,13:07:24,23.93,--,31,74183,买盘
1139,13:07:18,23.93,--,5,11965,买盘
1140,13:07:15,23.93,--,1,2393,买盘
1141,13:07:12,23.93,--,32,76576,买盘
1142,13:07:03,23.93,--,3,7179,买盘
1143,13:06:36,23.93,0.01,1,2393,买盘
1144,13:06:30,23.92,-0.01,10,23920,卖盘
1145,13:06:18,23.93,0.01,1,2393,买盘
1146,13:06:15,23.92,--,40,95680,买盘
1147,13:06:03,23.92,0.02,2,4784,买盘
1148,13:05:45,23.9,--,8,19120,卖盘
1149,13:05:24,23.9,--,4,9560,卖盘
1150,13:05:21,23.9,-0.02,8,19120,卖盘
1151,13:05:18,23.92,--,2,4784,买盘
1152,13:04:48,23.92,0.02,30,71760,买盘
1153,13:04:42,23.9,-0.04,8,19120,卖盘
1154,13:04:18,23.94,--,1,2394,买盘
1155,13:04:00,23.94,--,1,2394,买盘
1156,13:03:57,23.94,--,30,71820,买盘
1157,13:03:45,23.94,--,10,23940,买盘
1158,13:03:27,23.94,--,2,4788,买盘
1159,13:03:18,23.94,--,1,2394,买盘
1160,13:03:09,23.94,0.04,200,478800,买盘
1161,13:03:06,23.9,0.02,21,50190,买盘
1162,13:03:00,23.88,--,10,23880,卖盘
1163,13:02:57,23.88,-0.02,4,9552,卖盘
1164,13:02:39,23.9,-0.03,211,505102,卖盘
1165,13:02:30,23.93,--,30,71790,买盘
1166,13:02:18,23.93,--,1,2393,买盘
1167,13:01:57,23.93,--,3,7179,买盘
1168,13:01:45,23.93,0.03,9,21537,买盘
1169,13:01:42,23.9,--,1,2390,卖盘
1170,13:01:21,23.9,-0.03,212,508257,卖盘
1171,13:01:18,23.93,0.01,2,4786,买盘
1172,13:01:03,23.92,-0.01,5,11960,卖盘
1173,13:00:54,23.93,--,9,21537,买盘
1174,13:00:15,23.93,--,25,59825,卖盘
1175,13:00:06,23.93,--,24,57432,卖盘
1176,13:00:03,23.93,--,113,270409,买盘
1177,13:00:00,23.93,--,0,0,买盘
1178,11:30:00,23.93,--,0,0,买盘
1179,11:29:42,23.93,--,1,2393,买盘
1180,11:29:36,23.93,--,5,11965,买盘
1181,11:29:18,23.93,-0.01,1,2393,中性盘
1182,11:28:57,23.94,--,5,11970,买盘
1183,11:28:36,23.94,--,1,2394,买盘
1184,11:28:33,23.94,--,20,47880,买盘
1185,11:28:27,23.94,--,51,122094,买盘
1186,11:28:18,23.94,0.01,25,59850,买盘
1187,11:28:12,23.93,--,2,4786,买盘
1188,11:28:03,23.93,-0.01,5,11965,卖盘
1189,11:27:57,23.94,0.01,3,7182,买盘
1190,11:27:51,23.93,-0.01,150,358950,卖盘
1191,11:27:45,23.94,0.01,8,19152,买盘
1192,11:27:24,23.93,-0.01,2,4786,卖盘
1193,11:27:18,23.94,--,88,210672,买盘
1194,11:27:15,23.94,0.01,5,11970,买盘
1195,11:27:12,23.93,--,83,198619,买盘
1196,11:26:30,23.93,0.03,25,59825,买盘
1197,11:26:27,23.9,-0.03,10,23900,卖盘
1198,11:26:18,23.93,0.04,6,14358,中性盘
1199,11:25:45,23.89,-0.01,43,102727,卖盘
1200,11:25:39,23.9,-0.02,20,47800,卖盘
1201,11:25:33,23.92,--,309,739128,买盘
1202,11:25:24,23.92,--,20,47840,买盘
1203,11:25:18,23.92,--,1,2392,买盘
1204,11:25:09,23.92,--,20,47840,买盘
1205,11:25:06,23.92,--,41,98072,卖盘
1206,11:25:00,23.92,-0.03,40,95680,卖盘
1207,11:24:57,23.95,0.03,60,143700,买盘
1208,11:24:54,23.92,-0.01,37,88504,卖盘
1209,11:24:48,23.93,--,2,4786,卖盘
1210,11:24:36,23.93,-0.02,5,11965,卖盘
1211,11:24:24,23.95,--,15,35925,买盘
1212,11:24:18,23.95,--,1,2395,买盘
1213,11:24:09,23.95,--,50,119750,买盘
1214,11:23:51,23.95,--,2,4790,买盘
1215,11:23:48,23.95,0.03,30,71850,买盘
1216,11:23:45,23.92,-0.03,53,126776,卖盘
1217,11:23:39,23.95,--,4,9580,买盘
1218,11:23:27,23.95,--,6,14370,买盘
1219,11:23:24,23.95,-0.01,1,2395,卖盘
1220,11:23:18,23.96,0.01,30,71880,买盘
1221,11:23:15,23.95,--,11,26345,卖盘
1222,11:23:03,23.95,--,5,11975,买盘
1223,11:23:00,23.95,--,15,35925,买盘
1224,11:22:57,23.95,0.04,10,23950,买盘
1225,11:22:54,23.91,-0.04,37,88467,卖盘
1226,11:22:48,23.95,-0.01,70,167650,卖盘
1227,11:22:21,23.96,--,15,35940,买盘
1228,11:22:18,23.96,0.01,2,4792,买盘
1229,11:22:15,23.95,0.04,20,47900,买盘
1230,11:22:03,23.91,-0.03,87,208017,卖盘
1231,11:22:00,23.94,--,8,19152,买盘
1232,11:21:57,23.94,--,2,4788,买盘
1233,11:21:45,23.94,-0.02,340,813960,卖盘
1234,11:21:39,23.96,0.02,17,40732,买盘
1235,11:21:36,23.94,--,149,356706,卖盘
1236,11:21:33,23.94,--,50,119700,卖盘
1237,11:21:24,23.94,-0.01,37,88578,卖盘
1238,11:21:18,23.95,--,1,2395,买盘
1239,11:21:12,23.95,--,10,23950,买盘
1240,11:20:57,23.95,--,55,131725,买盘
1241,11:20:54,23.95,0.01,19,45505,买盘
1242,11:20:48,23.94,0.03,3,7182,中性盘
1243,11:20:24,23.91,-0.04,45,107595,卖盘
1244,11:20:21,23.95,--,1,2395,买盘
1245,11:20:18,23.95,0.03,1,2395,买盘
1246,11:20:06,23.92,-0.03,3,7176,卖盘
1247,11:20:03,23.95,--,6,14370,卖盘
1248,11:20:00,23.95,--,19,45505,买盘
1249,11:19:54,23.95,-0.01,1,2395,买盘
1250,11:19:51,23.96,0.05,11,26356,买盘
1251,11:19:48,23.91,-0.05,5,11955,中性盘
1252,11:19:33,23.96,--,39,93444,卖盘
1253,11:19:27,23.96,-0.01,12,28752,中性盘
1254,11:19:18,23.97,0.06,86,206142,买盘
1255,11:19:12,23.91,0.01,4,9564,中性盘
1256,11:18:51,23.9,-0.02,7,16730,卖盘
1257,11:18:36,23.92,0.02,8,19136,买盘
1258,11:18:33,23.9,--,57,136230,买盘
1259,11:18:30,23.9,--,15,35850,买盘
1260,11:18:24,23.9,--,5,11950,买盘
1261,11:18:18,23.9,--,1,2390,买盘
1262,11:18:12,23.9,--,1,2390,买盘
1263,11:18:09,23.9,--,2,4780,买盘
1264,11:18:03,23.9,--,3,7170,买盘
1265,11:18:00,23.9,--,6,14340,买盘
1266,11:17:51,23.9,--,21,50190,买盘
1267,11:17:48,23.9,0.05,21,50190,买盘
1268,11:17:45,23.85,-0.04,137,326745,卖盘
1269,11:17:42,23.89,0.01,20,47780,买盘
1270,11:17:39,23.88,--,12,28656,买盘
1271,11:17:33,23.88,--,7,16716,买盘
1272,11:17:27,23.88,0.01,5,11940,买盘
1273,11:17:24,23.87,-0.01,10,23870,卖盘
1274,11:17:18,23.88,--,2,4776,买盘
1275,11:17:15,23.88,-0.01,5,11940,中性盘
1276,11:17:12,23.89,--,4,9556,买盘
1277,11:17:09,23.89,--,17,40613,买盘
1278,11:17:03,23.89,0.02,3,7167,买盘
1279,11:16:54,23.87,-0.03,5,11935,中性盘
1280,11:16:36,23.9,0.03,11,26290,买盘
1281,11:16:33,23.87,--,3,7161,买盘
1282,11:16:27,23.87,-0.05,73,174251,卖盘
1283,11:16:21,23.92,--,16,38272,买盘
1284,11:16:18,23.92,0.01,1,2392,买盘
1285,11:16:15,23.91,0.04,10,23910,买盘
1286,11:16:09,23.87,--,5,11935,卖盘
1287,11:16:06,23.87,-0.02,300,716100,卖盘
1288,11:16:03,23.89,0.02,1,2389,买盘
1289,11:15:57,23.87,-0.01,65,155155,卖盘
1290,11:15:54,23.88,-0.01,1,2388,中性盘
1291,11:15:45,23.89,0.01,12,28668,买盘
1292,11:15:39,23.88,--,15,35820,买盘
1293,11:15:36,23.88,--,12,28656,买盘
1294,11:15:33,23.88,0.01,4,9552,买盘
1295,11:15:27,23.87,-0.01,20,47740,卖盘
1296,11:15:18,23.88,0.02,7,16716,买盘
1297,11:15:12,23.86,-0.02,37,88282,卖盘
1298,11:15:06,23.88,--,4,9552,买盘
1299,11:14:57,23.88,--,17,40596,买盘
1300,11:14:54,23.88,--,2,4776,买盘
1301,11:14:51,23.88,0.01,11,26268,买盘
1302,11:14:45,23.87,-0.01,20,47740,卖盘
1303,11:14:42,23.88,0.01,9,21492,买盘
1304,11:14:39,23.87,-0.01,1,2387,卖盘
1305,11:14:18,23.88,--,23,54924,买盘
1306,11:14:12,23.88,--,2,4776,买盘
1307,11:14:09,23.88,--,36,85968,买盘
1308,11:14:06,23.88,0.03,7,16716,买盘
1309,11:14:03,23.85,-0.03,238,567630,卖盘
1310,11:14:00,23.88,--,16,38208,买盘
1311,11:13:57,23.88,0.01,26,62088,买盘
1312,11:13:45,23.87,-0.01,8,19096,卖盘
1313,11:13:36,23.88,--,23,54924,买盘
1314,11:13:30,23.88,--,17,40596,买盘
1315,11:13:27,23.88,--,52,124176,买盘
1316,11:13:21,23.88,-0.01,71,169548,卖盘
1317,11:13:18,23.89,0.01,2,4778,买盘
1318,11:13:15,23.88,-0.01,5,11940,卖盘
1319,11:13:12,23.89,--,2,4778,买盘
1320,11:13:06,23.89,--,9,21501,买盘
1321,11:12:54,23.89,0.02,15,35835,买盘
1322,11:12:48,23.87,-0.02,38,90706,卖盘
1323,11:12:42,23.89,--,32,76448,买盘
1324,11:12:33,23.89,0.01,9,21501,买盘
1325,11:12:21,23.88,-0.01,10,23880,卖盘
1326,11:12:18,23.89,--,1,2389,买盘
1327,11:12:15,23.89,0.03,17,40613,买盘
1328,11:12:12,23.86,--,45,107370,卖盘
1329,11:12:09,23.86,-0.02,800,1908800,卖盘
1330,11:12:00,23.88,0.01,13,31044,买盘
1331,11:11:42,23.87,-0.01,15,35805,卖盘
1332,11:11:39,23.88,0.01,52,124176,买盘
1333,11:11:36,23.87,--,37,88319,卖盘
1334,11:11:33,23.87,-0.01,10,23870,卖盘
1335,11:11:30,23.88,--,5,11940,买盘
1336,11:11:27,23.88,0.01,15,35820,买盘
1337,11:11:24,23.87,-0.01,30,71610,卖盘
1338,11:11:21,23.88,--,17,40596,买盘
1339,11:11:18,23.88,0.01,11,26268,买盘
1340,11:11:15,23.87,-0.01,2,4774,卖盘
1341,11:11:09,23.88,--,5,11940,买盘
1342,11:11:06,23.88,--,8,19104,买盘
1343,11:11:00,23.88,--,10,23880,买盘
1344,11:10:48,23.88,--,25,59700,买盘
1345,11:10:42,23.88,0.02,13,31044,买盘
1346,11:10:39,23.86,-0.03,275,656150,卖盘
1347,11:10:27,23.89,--,47,112283,买盘
1348,11:10:24,23.89,--,49,117061,买盘
1349,11:10:21,23.89,--,22,52558,买盘
1350,11:10:18,23.89,0.01,1,2389,买盘
1351,11:10:09,23.88,-0.01,20,47760,卖盘
1352,11:10:06,23.89,--,16,38224,买盘
1353,11:10:03,23.89,--,10,23890,买盘
1354,11:10:00,23.89,--,2,4778,买盘
1355,11:09:54,23.89,0.01,50,119450,中性盘
1356,11:09:33,23.88,--,10,23880,卖盘
1357,11:09:30,23.88,--,37,88356,卖盘
1358,11:09:27,23.88,-0.04,5,11940,卖盘
1359,11:09:24,23.92,0.03,16,38272,买盘
1360,11:09:18,23.89,0.01,1,2389,买盘
1361,11:09:09,23.88,--,13,31044,卖盘
1362,11:08:57,23.88,-0.01,10,23880,卖盘
1363,11:08:51,23.89,--,5,11945,卖盘
1364,11:08:42,23.89,-0.02,225,537525,卖盘
1365,11:08:39,23.91,0.01,60,143460,买盘
1366,11:08:33,23.9,-0.01,10,23900,卖盘
1367,11:08:24,23.91,--,10,23910,买盘
1368,11:08:21,23.91,-0.01,49,117159,卖盘
1369,11:08:18,23.92,0.01,52,124384,买盘
1370,11:08:15,23.91,--,165,394515,卖盘
1371,11:08:12,23.91,-0.01,20,47820,卖盘
1372,11:08:09,23.92,0.01,7,16744,买盘
1373,11:08:06,23.91,--,1,2391,卖盘
1374,11:08:03,23.91,-0.01,110,263010,卖盘
1375,11:07:57,23.92,--,15,35880,买盘
1376,11:07:51,23.92,0.01,10,23920,买盘
1377,11:07:48,23.91,-0.01,40,95640,卖盘
1378,11:07:42,23.92,--,10,23920,卖盘
1379,11:07:33,23.92,--,7,16744,卖盘
1380,11:07:30,23.92,-0.02,30,71760,卖盘
1381,11:07:24,23.94,0.01,31,74214,买盘
1382,11:07:21,23.93,-0.01,16,38288,卖盘
1383,11:07:18,23.94,--,1,2394,买盘
1384,11:07:15,23.94,0.01,15,35910,买盘
1385,11:07:09,23.93,--,30,71790,卖盘
1386,11:07:03,23.93,-0.01,40,95720,卖盘
1387,11:06:57,23.94,0.01,30,71820,买盘
1388,11:06:36,23.93,--,53,126829,买盘
1389,11:06:30,23.93,--,2,4786,买盘
1390,11:06:18,23.93,--,1,2393,买盘
1391,11:06:15,23.93,--,22,52646,买盘
1392,11:06:06,23.93,--,128,306304,卖盘
1393,11:06:03,23.93,-0.01,104,248872,卖盘
1394,11:06:00,23.94,--,124,296856,买盘
1395,11:05:54,23.94,--,50,119700,买盘
1396,11:05:51,23.94,--,18,43092,买盘
1397,11:05:45,23.94,-0.03,541,1295154,卖盘
1398,11:05:36,23.97,--,10,23970,买盘
1399,11:05:24,23.97,--,5,11985,买盘
1400,11:05:18,23.97,--,1,2397,买盘
1401,11:05:15,23.97,-0.01,19,45543,卖盘
1402,11:05:12,23.98,0.01,10,23980,买盘
1403,11:05:09,23.97,--,57,136629,卖盘
1404,11:05:03,23.97,--,5,11985,卖盘
1405,11:04:42,23.97,--,48,115056,买盘
1406,11:04:18,23.97,0.02,57,136629,买盘
1407,11:04:15,23.95,-0.02,1,2395,卖盘
1408,11:04:12,23.97,0.02,2,4794,买盘
1409,11:04:00,23.95,-0.02,3,7185,卖盘
1410,11:03:54,23.97,0.02,52,124644,买盘
1411,11:03:51,23.95,--,1,2395,卖盘
1412,11:03:48,23.95,--,45,107775,卖盘
1413,11:03:45,23.95,--,8,19160,买盘
1414,11:03:36,23.95,--,17,40715,买盘
1415,11:03:30,23.95,--,4,9580,买盘
1416,11:03:24,23.95,0.01,190,455050,中性盘
1417,11:03:21,23.94,-0.03,38,90972,卖盘
1418,11:03:18,23.97,0.02,1,2397,买盘
1419,11:03:15,23.95,--,25,59875,卖盘
1420,11:03:12,23.95,--,2,4790,卖盘
1421,11:03:00,23.95,-0.02,3,7185,卖盘
1422,11:02:51,23.97,0.02,17,40749,买盘
1423,11:02:45,23.95,--,1,2395,卖盘
1424,11:02:36,23.95,--,6,14370,卖盘
1425,11:02:33,23.95,--,40,95800,卖盘
1426,11:02:30,23.95,-0.02,2,4790,卖盘
1427,11:02:27,23.97,--,5,11985,买盘
1428,11:02:18,23.97,0.02,1,2397,买盘
1429,11:02:09,23.95,-0.02,20,47900,卖盘
1430,11:02:06,23.97,0.02,15,35955,买盘
1431,11:02:00,23.95,--,7,16765,卖盘
1432,11:01:33,23.95,-0.02,37,88615,卖盘
1433,11:01:27,23.97,--,1,2397,买盘
1434,11:01:24,23.97,-0.01,32,76704,卖盘
1435,11:01:18,23.98,--,8,19184,买盘
1436,11:00:54,23.98,0.03,57,136686,买盘
1437,11:00:45,23.95,-0.01,30,71850,卖盘
1438,11:00:42,23.96,--,52,124592,买盘
1439,11:00:36,23.96,0.01,1,2396,买盘
1440,11:00:33,23.95,--,30,71850,卖盘
1441,11:00:27,23.95,--,19,45505,卖盘
1442,11:00:21,23.95,--,9,21555,买盘
1443,11:00:18,23.95,0.01,1,2395,买盘
1444,11:00:15,23.94,-0.01,73,174762,卖盘
1445,11:00:09,23.95,-0.01,30,71850,卖盘
1446,11:00:03,23.96,0.02,2,4792,买盘
1447,10:59:51,23.94,-0.02,39,93366,卖盘
1448,10:59:45,23.96,--,18,43128,买盘
1449,10:59:39,23.96,--,1,2396,买盘
1450,10:59:18,23.96,0.03,4,9584,买盘
1451,10:59:15,23.93,-0.01,25,59825,卖盘
1452,10:59:03,23.94,0.01,2,4788,中性盘
1453,10:58:57,23.93,-0.03,71,169903,卖盘
1454,10:58:54,23.96,0.03,3,7188,买盘
1455,10:58:51,23.93,-0.01,5,11965,卖盘
1456,10:58:36,23.94,--,10,23940,买盘
1457,10:58:18,23.94,--,1,2394,买盘
1458,10:58:12,23.94,-0.02,7,16758,卖盘
1459,10:58:09,23.96,0.02,57,136572,买盘
1460,10:58:03,23.94,-0.02,34,81396,卖盘
1461,10:57:36,23.96,--,5,11980,买盘
1462,10:57:33,23.96,-0.04,26,62296,卖盘
1463,10:57:24,24.0,-0.01,10,24000,中性盘
1464,10:57:18,24.01,--,60,144060,买盘
1465,10:57:12,24.01,-0.01,20,48020,中性盘
1466,10:56:48,24.02,0.03,55,132110,买盘
1467,10:56:45,23.99,0.03,37,88763,买盘
1468,10:56:42,23.96,--,7,16772,卖盘
1469,10:56:33,23.96,-0.02,7,16772,中性盘
1470,10:56:24,23.98,0.02,18,43164,买盘
1471,10:56:18,23.96,0.01,1,2396,买盘
1472,10:56:06,23.95,--,39,93405,卖盘
1473,10:56:03,23.95,--,10,23950,卖盘
1474,10:56:00,23.95,--,20,47900,卖盘
1475,10:55:54,23.95,-0.01,1,2395,卖盘
1476,10:55:51,23.96,--,1,2396,买盘
1477,10:55:45,23.96,-0.01,1,2396,中性盘
1478,10:55:36,23.97,0.02,16,38352,买盘
1479,10:55:30,23.95,-0.02,2,4790,卖盘
1480,10:55:21,23.97,0.02,25,59925,买盘
1481,10:55:18,23.95,0.02,19,46702,买盘
1482,10:55:15,23.93,--,20,47860,卖盘
1483,10:55:12,23.93,-0.01,39,93327,卖盘
1484,10:55:06,23.94,-0.03,25,61047,卖盘
1485,10:54:51,23.97,0.02,17,40749,买盘
1486,10:54:48,23.95,--,17,40715,买盘
1487,10:54:45,23.95,--,3,7185,买盘
1488,10:54:39,23.95,-0.03,98,234710,卖盘
1489,10:54:33,23.98,--,4,9592,买盘
1490,10:54:30,23.98,0.03,1,2398,买盘
1491,10:54:24,23.95,-0.03,39,93405,卖盘
1492,10:54:18,23.98,0.01,1,2398,买盘
1493,10:54:09,23.97,-0.01,13,31161,买盘
1494,10:54:06,23.98,0.03,15,35970,买盘
1495,10:54:03,23.95,-0.02,31,74245,卖盘
1496,10:54:00,23.97,-0.02,37,88689,卖盘
1497,10:53:48,23.99,--,17,40783,卖盘
1498,10:53:45,23.99,0.01,4,9596,买盘
1499,10:53:42,23.98,--,1,2398,卖盘
1500,10:53:39,23.98,-0.01,39,93522,卖盘
1501,10:53:36,23.99,--,2,4798,买盘
1502,10:53:33,23.99,--,5,11995,买盘
1503,10:53:27,23.99,-0.01,12,28787,卖盘
1504,10:53:24,24.0,--,16,38400,买盘
1505,10:53:18,24.0,0.01,1,2400,买盘
1506,10:53:12,23.99,-0.01,56,134344,卖盘
1507,10:53:03,24.0,--,141,338400,卖盘
1508,10:52:57,24.0,--,110,264000,卖盘
1509,10:52:54,24.0,-0.02,39,93600,卖盘
1510,10:52:51,24.02,0.01,56,134512,买盘
1511,10:52:48,24.01,-0.01,2,4802,中性盘
1512,10:52:42,24.02,0.02,18,43236,买盘
1513,10:52:36,24.0,-0.01,48,115200,卖盘
1514,10:52:24,24.01,0.01,1,2401,买盘
1515,10:52:21,24.0,-0.01,4,9600,卖盘
1516,10:52:18,24.01,0.01,1,2401,买盘
1517,10:52:15,24.0,-0.02,49,117600,卖盘
1518,10:52:12,24.02,--,5,12010,中性盘
1519,10:52:09,24.02,-0.01,15,36030,卖盘
1520,10:51:51,24.03,-0.01,24,57672,卖盘
1521,10:51:48,24.04,0.01,11,26444,买盘
1522,10:51:45,24.03,--,3,7209,卖盘
1523,10:51:42,24.03,--,5,12015,卖盘
1524,10:51:39,24.03,--,534,1283202,买盘
1525,10:51:33,24.03,0.03,5,12015,卖盘
1526,10:51:21,24.0,-0.02,39,93600,卖盘
1527,10:51:18,24.02,0.01,10,24020,中性盘
1528,10:51:15,24.01,-0.03,20,48020,卖盘
1529,10:51:12,24.04,0.03,22,52888,中性盘
1530,10:51:06,24.01,0.01,10,24010,中性盘
1531,10:50:39,24.0,-0.09,153,367200,卖盘
1532,10:50:33,24.09,0.06,508,1223772,买盘
1533,10:50:18,24.03,0.03,7,16821,买盘
1534,10:50:15,24.0,-0.04,55,132000,卖盘
1535,10:50:12,24.04,0.04,17,40868,买盘
1536,10:50:09,24.0,-0.04,52,124800,卖盘
1537,10:50:06,24.04,0.04,12,28848,买盘
1538,10:49:54,24.0,-0.05,41,98400,卖盘
1539,10:49:51,24.05,--,15,36075,买盘
1540,10:49:48,24.05,0.04,11,26455,买盘
1541,10:49:30,24.01,-0.04,3,7203,卖盘
1542,10:49:24,24.05,0.04,37,88985,买盘
1543,10:49:21,24.01,-0.02,50,120050,卖盘
1544,10:49:18,24.03,--,8,19224,买盘
1545,10:49:03,24.03,-0.01,10,24030,卖盘
1546,10:48:57,24.04,--,10,24040,买盘
1547,10:48:51,24.04,-0.02,2,4808,卖盘
1548,10:48:48,24.06,--,6,14436,买盘
1549,10:48:45,24.06,--,15,36090,买盘
1550,10:48:39,24.06,--,30,72180,买盘
1551,10:48:36,24.06,-0.01,52,125112,卖盘
1552,10:48:30,24.07,--,3,7221,买盘
1553,10:48:27,24.07,--,18,43326,买盘
1554,10:48:24,24.07,--,1,2407,买盘
1555,10:48:21,24.07,-0.02,3,7221,买盘
1556,10:48:18,24.09,--,41,98769,买盘
1557,10:48:15,24.09,0.01,32,77088,买盘
1558,10:48:12,24.08,--,4,9632,买盘
1559,10:48:06,24.08,-0.02,1,2408,卖盘
1560,10:48:03,24.1,--,15,36150,买盘
1561,10:48:00,24.1,--,1,2410,买盘
1562,10:47:57,24.1,--,5,12050,买盘
1563,10:47:54,24.1,-0.01,54,130140,买盘
1564,10:47:51,24.11,--,789,1902279,买盘
1565,10:47:48,24.11,0.01,167,402637,买盘
1566,10:47:45,24.1,-0.01,27,65070,卖盘
1567,10:47:42,24.11,0.01,14,33754,买盘
1568,10:47:39,24.1,--,11,26510,买盘
1569,10:47:36,24.1,-0.01,56,134960,卖盘
1570,10:47:33,24.11,--,48,115728,卖盘
1571,10:47:30,24.11,--,334,805274,卖盘
1572,10:47:27,24.11,--,225,542475,买盘
1573,10:47:24,24.11,--,23,55453,买盘
1574,10:47:18,24.11,0.01,26,62686,买盘
1575,10:47:15,24.1,--,15,36150,卖盘
1576,10:47:12,24.1,--,3,7230,卖盘
1577,10:47:09,24.1,0.04,15,36150,卖盘
1578,10:47:06,24.06,--,9,21654,买盘
1579,10:47:03,24.06,-0.08,92,221352,卖盘
1580,10:47:00,24.14,0.06,456,1100784,买盘
1581,10:46:57,24.08,0.02,10,24080,中性盘
1582,10:46:54,24.06,--,3,7218,卖盘
1583,10:46:51,24.06,--,709,1705854,卖盘
1584,10:46:48,24.06,0.01,15,36090,卖盘
1585,10:46:45,24.05,0.02,118,283790,中性盘
1586,10:46:42,24.03,-0.01,201,483003,卖盘
1587,10:46:36,24.04,0.01,10,24040,中性盘
1588,10:46:33,24.03,--,1,2403,卖盘
1589,10:46:30,24.03,0.01,292,701676,卖盘
1590,10:46:24,24.02,--,510,1225020,卖盘
1591,10:46:18,24.02,--,33,79266,卖盘
1592,10:46:15,24.02,--,20,48040,卖盘
1593,10:46:12,24.02,--,15,36030,卖盘
1594,10:46:09,24.02,0.02,164,393928,买盘
1595,10:46:06,24.0,--,23,55200,卖盘
1596,10:46:03,24.0,--,24,57600,卖盘
1597,10:45:57,24.0,0.01,26,64320,买盘
1598,10:45:48,23.99,-0.01,10,23990,中性盘
1599,10:45:39,24.0,0.01,44,105600,买盘
1600,10:45:30,23.99,0.01,111,266289,买盘
1601,10:45:24,23.98,-0.02,37,88726,卖盘
1602,10:45:21,24.0,--,5,12000,买盘
1603,10:45:18,24.0,0.01,206,494400,买盘
1604,10:45:15,23.99,0.01,41,98359,中性盘
1605,10:45:12,23.98,--,63,151074,卖盘
1606,10:45:09,23.98,--,8,19184,卖盘
1607,10:45:06,23.98,0.01,143,342914,买盘
1608,10:45:03,23.97,--,20,47940,卖盘
1609,10:44:57,23.97,--,1,2397,卖盘
1610,10:44:48,23.97,-0.03,10,23970,卖盘
1611,10:44:45,24.0,0.04,235,564000,买盘
1612,10:44:42,23.96,-0.01,19,45524,卖盘
1613,10:44:39,23.97,0.01,12,28764,买盘
1614,10:44:36,23.96,--,16,38336,卖盘
1615,10:44:30,23.96,--,8,19168,卖盘
1616,10:44:21,23.96,0.01,9,21564,买盘
1617,10:44:18,23.95,-0.01,2,4790,中性盘
1618,10:44:15,23.96,0.02,2,4792,买盘
1619,10:44:12,23.94,-0.02,192,459648,卖盘
1620,10:44:06,23.96,--,35,85058,买盘
1621,10:43:54,23.96,0.02,16,38336,买盘
1622,10:43:51,23.94,-0.01,1,2394,卖盘
1623,10:43:48,23.95,--,1,2395,买盘
1624,10:43:42,23.95,--,10,23950,买盘
1625,10:43:36,23.95,--,300,718500,买盘
1626,10:43:33,23.95,--,5,11975,买盘
1627,10:43:24,23.95,--,58,138910,买盘
1628,10:43:18,23.95,--,1,2395,买盘
1629,10:43:12,23.95,--,5,11975,买盘
1630,10:43:09,23.95,--,217,519715,买盘
1631,10:43:03,23.95,--,204,489777,卖盘
1632,10:42:57,23.95,-0.02,37,88615,卖盘
1633,10:42:54,23.97,0.02,150,359550,买盘
1634,10:42:51,23.95,--,55,131725,卖盘
1635,10:42:48,23.95,-0.01,4,9580,卖盘
1636,10:42:36,23.96,--,7,16772,买盘
1637,10:42:30,23.96,--,47,112612,买盘
1638,10:42:24,23.96,--,114,273144,买盘
1639,10:42:18,23.96,0.01,1,2396,买盘
1640,10:42:09,23.95,--,1,2395,卖盘
1641,10:42:03,23.95,--,245,587972,买盘
1642,10:42:00,23.95,0.03,37,88615,买盘
1643,10:41:57,23.92,-0.03,91,217672,卖盘
1644,10:41:45,23.95,0.03,246,589170,买盘
1645,10:41:42,23.92,-0.01,39,93288,卖盘
1646,10:41:36,23.93,--,28,67004,买盘
1647,10:41:30,23.93,-0.01,378,904554,卖盘
1648,10:41:18,23.94,--,10,23940,买盘
1649,10:41:15,23.94,--,5,11970,买盘
1650,10:41:12,23.94,--,2,4788,买盘
1651,10:41:03,23.94,--,15,35910,买盘
1652,10:40:51,23.94,--,2,4788,买盘
1653,10:40:48,23.94,0.02,15,35910,买盘
1654,10:40:45,23.92,--,10,23920,卖盘
1655,10:40:42,23.92,--,80,191360,卖盘
1656,10:40:39,23.92,--,20,47840,卖盘
1657,10:40:24,23.92,-0.03,37,88504,卖盘
1658,10:40:18,23.95,0.02,1,2395,买盘
1659,10:40:15,23.93,--,43,102899,卖盘
1660,10:40:09,23.93,-0.02,10,23930,卖盘
1661,10:40:06,23.95,0.03,16,38320,买盘
1662,10:40:00,23.92,--,42,100464,卖盘
1663,10:39:45,23.92,-0.03,6,14352,卖盘
1664,10:39:39,23.95,0.03,212,507740,买盘
1665,10:39:30,23.92,--,40,95680,卖盘
1666,10:39:27,23.92,-0.02,2,4784,卖盘
1667,10:39:24,23.94,0.02,17,40698,买盘
1668,10:39:18,23.92,--,9,21528,卖盘
1669,10:39:06,23.92,--,20,47840,卖盘
1670,10:39:03,23.92,-0.02,1,2392,卖盘
1671,10:38:57,23.94,--,3,7182,买盘
1672,10:38:54,23.94,--,10,23940,买盘
1673,10:38:48,23.94,--,22,52668,买盘
1674,10:38:45,23.94,0.03,65,155610,买盘
1675,10:38:42,23.91,-0.03,59,141069,卖盘
1676,10:38:36,23.94,-0.01,6,15561,中性盘
1677,10:38:18,23.95,--,1,2395,买盘
1678,10:38:12,23.95,0.04,10,23950,买盘
1679,10:38:00,23.91,-0.04,10,23910,卖盘
1680,10:37:57,23.95,--,139,332905,买盘
1681,10:37:54,23.95,--,18,43110,买盘
1682,10:37:51,23.95,-0.01,1,2395,买盘
1683,10:37:45,23.96,0.01,16,38336,买盘
1684,10:37:42,23.95,0.04,11,26345,中性盘
1685,10:37:39,23.91,-0.05,5,11955,卖盘
1686,10:37:27,23.96,--,2,4792,买盘
1687,10:37:18,23.96,0.06,2,4792,买盘
1688,10:37:09,23.9,-0.06,48,114720,卖盘
1689,10:37:03,23.96,--,17,40732,买盘
1690,10:36:57,23.96,0.06,233,558268,买盘
1691,10:36:24,23.9,-0.06,37,88430,卖盘
1692,10:36:18,23.96,--,1,2396,买盘
1693,10:36:15,23.96,0.06,16,38336,买盘
1694,10:36:12,23.9,--,4,9560,卖盘
1695,10:36:09,23.9,--,30,71700,卖盘
1696,10:35:57,23.9,--,39,93210,买盘
1697,10:35:51,23.9,--,110,262900,买盘
1698,10:35:42,23.9,--,5,11950,买盘
1699,10:35:39,23.9,--,139,332210,买盘
1700,10:35:33,23.9,--,26,62139,买盘
1701,10:35:27,23.9,--,3,7170,买盘
1702,10:35:18,23.9,--,228,544920,卖盘
1703,10:35:15,23.9,--,43,102770,卖盘
1704,10:35:03,23.9,0.01,200,478000,卖盘
1705,10:34:54,23.89,-0.08,40,95560,卖盘
1706,10:34:51,23.97,0.01,219,524943,买盘
1707,10:34:48,23.96,0.07,15,35940,买盘
1708,10:34:42,23.89,-0.01,576,1377258,卖盘
1709,10:34:36,23.9,0.01,5,11950,买盘
1710,10:34:30,23.89,-0.01,3,7167,卖盘
1711,10:34:18,23.9,--,9,21510,买盘
1712,10:34:15,23.9,--,44,105160,买盘
1713,10:34:09,23.9,--,132,315480,卖盘
1714,10:34:03,23.9,--,2,4780,卖盘
1715,10:33:39,23.9,--,9,21510,卖盘
1716,10:33:33,23.9,--,68,162520,卖盘
1717,10:33:27,23.9,-0.02,20,47800,卖盘
1718,10:33:24,23.92,0.02,5,11960,买盘
1719,10:33:18,23.9,-0.05,21,50190,卖盘
1720,10:33:15,23.95,0.03,269,644255,买盘
1721,10:33:12,23.92,0.02,54,129168,买盘
1722,10:33:06,23.9,-0.02,50,119500,卖盘
1723,10:32:54,23.92,--,70,167440,买盘
1724,10:32:48,23.92,--,35,83720,卖盘
1725,10:32:45,23.92,--,2,4784,卖盘
1726,10:32:42,23.92,-0.03,170,406640,卖盘
1727,10:32:21,23.95,--,25,59875,买盘
1728,10:32:18,23.95,0.05,3,7185,中性盘
1729,10:32:15,23.9,-0.06,38,90820,卖盘
1730,10:32:09,23.96,--,35,83860,买盘
1731,10:32:06,23.96,--,18,43128,买盘
1732,10:32:03,23.96,--,19,45524,买盘
1733,10:31:51,23.96,-0.01,6,14376,中性盘
1734,10:31:42,23.97,--,15,35955,买盘
1735,10:31:36,23.97,0.01,76,182172,买盘
1736,10:31:30,23.96,--,10,23960,买盘
1737,10:31:18,23.96,-0.01,2,4792,中性盘
1738,10:31:03,23.97,0.07,10,23970,买盘
1739,10:31:00,23.9,-0.01,87,207930,中性盘
1740,10:30:54,23.91,0.04,4,9564,买盘
1741,10:30:36,23.87,--,150,358050,卖盘
1742,10:30:33,23.87,--,34,81158,卖盘
1743,10:30:30,23.87,0.01,9,21483,买盘
1744,10:30:27,23.86,-0.01,20,47720,卖盘
1745,10:30:18,23.87,0.01,42,100254,买盘
1746,10:30:15,23.86,--,10,23860,买盘
1747,10:30:12,23.86,--,10,23860,买盘
1748,10:30:09,23.86,--,17,40562,买盘
1749,10:30:06,23.86,--,20,47720,买盘
1750,10:30:03,23.86,-0.02,575,1371950,卖盘
1751,10:29:57,23.88,--,7,16716,买盘
1752,10:29:51,23.88,--,50,119400,买盘
1753,10:29:48,23.88,-0.05,353,842964,卖盘
1754,10:29:45,23.93,0.01,3,7179,中性盘
1755,10:29:30,23.92,-0.02,72,172224,卖盘
1756,10:29:27,23.94,-0.02,15,35910,卖盘
1757,10:29:24,23.96,0.02,18,43128,买盘
1758,10:29:18,23.94,-0.01,14,33516,卖盘
1759,10:29:09,23.95,-0.01,136,325720,卖盘
1760,10:29:00,23.96,--,22,52712,卖盘
1761,10:28:57,23.96,--,135,323460,卖盘
1762,10:28:54,23.96,-0.01,15,35940,卖盘
1763,10:28:51,23.97,0.01,3,7191,买盘
1764,10:28:45,23.96,--,1,2396,卖盘
1765,10:28:36,23.96,-0.01,53,126988,卖盘
1766,10:28:33,23.97,--,5,11985,卖盘
1767,10:28:30,23.97,-0.01,1,2397,卖盘
1768,10:28:24,23.98,--,47,112706,买盘
1769,10:28:18,23.98,--,22,52756,卖盘
1770,10:28:15,23.98,-0.01,35,83930,卖盘
1771,10:28:09,23.99,0.01,17,40783,买盘
1772,10:28:00,23.98,--,4,9592,卖盘
1773,10:27:57,23.98,-0.02,10,23980,卖盘
1774,10:27:54,24.0,0.02,49,117600,买盘
1775,10:27:51,23.98,--,26,62348,卖盘
1776,10:27:48,23.98,--,6,14388,卖盘
1777,10:27:42,23.98,-0.01,37,88726,卖盘
1778,10:27:39,23.99,-0.01,1,2399,卖盘
1779,10:27:36,24.0,0.02,3,7200,买盘
1780,10:27:33,23.98,-0.02,9,21582,卖盘
1781,10:27:30,24.0,-0.01,4,9600,买盘
1782,10:27:24,24.01,0.01,32,76832,买盘
1783,10:27:18,24.0,0.02,1,2400,买盘
1784,10:27:15,23.98,-0.04,5,11990,卖盘
1785,10:27:09,24.02,0.02,52,124904,买盘
1786,10:27:03,24.0,-0.02,8,19200,卖盘
1787,10:26:57,24.02,--,20,48040,买盘
1788,10:26:54,24.02,0.02,58,139316,买盘
1789,10:26:51,24.0,-0.02,8,19200,中性盘
1790,10:26:48,24.02,0.02,51,122502,买盘
1791,10:26:45,24.0,--,2,4800,卖盘
1792,10:26:42,24.0,--,67,160800,卖盘
1793,10:26:39,24.0,--,77,184800,卖盘
1794,10:26:36,24.0,-0.02,20,48000,卖盘
1795,10:26:30,24.02,0.02,15,36030,买盘
1796,10:26:27,24.0,--,24,57600,卖盘
1797,10:26:24,24.0,--,32,76800,卖盘
1798,10:26:21,24.0,-0.03,10,24000,卖盘
1799,10:26:18,24.03,--,13,31239,买盘
1800,10:26:15,24.03,--,5,12015,买盘
1801,10:26:12,24.03,0.03,1,2403,买盘
1802,10:26:09,24.0,-0.03,49,117600,卖盘
1803,10:26:06,24.03,--,502,1206306,买盘
1804,10:26:03,24.03,-0.01,14,33642,卖盘
1805,10:26:00,24.04,0.01,29,69716,买盘
1806,10:25:57,24.03,0.03,70,168210,买盘
1807,10:25:54,24.0,-0.03,73,175200,卖盘
1808,10:25:51,24.03,0.03,9,21627,买盘
1809,10:25:48,24.0,-0.04,118,283200,卖盘
1810,10:25:42,24.04,--,11,26444,买盘
1811,10:25:39,24.04,--,5,12020,买盘
1812,10:25:36,24.04,--,94,225976,卖盘
1813,10:25:33,24.04,--,20,48080,卖盘
1814,10:25:30,24.04,-0.01,110,264440,卖盘
1815,10:25:27,24.05,0.01,31,74555,买盘
1816,10:25:24,24.04,--,116,278864,卖盘
1817,10:25:21,24.04,--,55,132220,卖盘
1818,10:25:18,24.04,0.02,901,2166004,买盘
1819,10:25:15,24.02,--,24,57648,买盘
1820,10:25:09,24.02,--,10,24020,买盘
1821,10:25:06,24.02,--,32,76864,卖盘
1822,10:25:03,24.02,--,12,28824,卖盘
1823,10:25:00,24.02,0.01,191,458782,买盘
1824,10:24:57,24.01,0.02,43,103243,买盘
1825,10:24:54,23.99,-0.01,70,167930,卖盘
1826,10:24:51,24.0,--,8,19200,卖盘
1827,10:24:48,24.0,--,13,31200,买盘
1828,10:24:45,24.0,--,584,1401600,买盘
1829,10:24:42,24.0,--,3,7200,买盘
1830,10:24:39,24.0,0.01,1,2400,买盘
1831,10:24:36,23.99,--,7,16793,卖盘
1832,10:24:33,23.99,--,25,59974,卖盘
1833,10:24:30,23.99,-0.01,50,119949,卖盘
1834,10:24:27,24.0,0.01,32,76800,买盘
1835,10:24:24,23.99,0.01,17,40783,买盘
1836,10:24:21,23.98,-0.01,3,7194,卖盘
1837,10:24:18,23.99,0.01,1,2399,买盘
1838,10:24:12,23.98,0.03,5,11990,买盘
1839,10:24:09,23.95,-0.05,37,88615,卖盘
1840,10:24:06,24.0,0.01,200,480000,买盘
1841,10:24:03,23.99,--,100,239899,买盘
1842,10:24:00,23.99,--,100,239899,买盘
1843,10:23:57,23.99,--,66,158334,买盘
1844,10:23:54,23.99,0.01,5,11995,买盘
1845,10:23:51,23.98,--,10,23980,卖盘
1846,10:23:39,23.98,--,25,59950,买盘
1847,10:23:36,23.98,--,19,45562,买盘
1848,10:23:33,23.98,0.02,30,71940,买盘
1849,10:23:30,23.96,-0.02,2,4792,中性盘
1850,10:23:24,23.98,-0.01,20,47960,中性盘
1851,10:23:18,23.99,0.01,139,333461,买盘
1852,10:23:12,23.98,0.02,10,23980,买盘
1853,10:23:09,23.96,-0.03,10,23960,卖盘
1854,10:23:00,23.99,--,473,1134727,买盘
1855,10:22:57,23.99,0.03,15,35985,买盘
1856,10:22:54,23.96,--,3,7188,卖盘
1857,10:22:51,23.96,0.01,3,7188,中性盘
1858,10:22:48,23.95,--,37,88615,卖盘
1859,10:22:45,23.95,--,592,1417840,卖盘
1860,10:22:42,23.95,--,15,35925,卖盘
1861,10:22:39,23.95,-0.01,11,26345,卖盘
1862,10:22:36,23.96,--,40,95840,买盘
1863,10:22:33,23.96,0.01,4,9584,买盘
1864,10:22:30,23.95,--,55,131725,卖盘
1865,10:22:27,23.95,-0.02,48,114960,卖盘
1866,10:22:24,23.97,--,3,7191,买盘
1867,10:22:21,23.97,0.01,120,287640,买盘
1868,10:22:18,23.96,--,47,112612,中性盘
1869,10:22:12,23.96,--,104,249184,卖盘
1870,10:22:09,23.96,--,8,19168,卖盘
1871,10:22:06,23.96,--,71,170116,卖盘
1872,10:22:00,23.96,--,5,11980,卖盘
1873,10:21:57,23.96,--,15,35940,卖盘
1874,10:21:54,23.96,--,106,253976,卖盘
1875,10:21:51,23.96,-0.01,11,26356,卖盘
1876,10:21:48,23.97,0.01,32,76704,买盘
1877,10:21:45,23.96,--,17,40732,卖盘
1878,10:21:42,23.96,--,8,19168,卖盘
1879,10:21:39,23.96,0.01,50,119800,买盘
1880,10:21:36,23.95,--,60,143700,买盘
1881,10:21:33,23.95,0.01,5,11975,买盘
1882,10:21:30,23.94,-0.01,14,33516,卖盘
1883,10:21:18,23.95,0.01,40,95800,买盘
1884,10:21:12,23.94,0.03,175,418950,买盘
1885,10:20:54,23.91,-0.03,5,11955,卖盘
1886,10:20:48,23.94,0.03,100,239400,买盘
1887,10:20:45,23.91,--,24,57384,卖盘
1888,10:20:42,23.91,--,73,174543,卖盘
1889,10:20:39,23.91,--,6,14346,卖盘
1890,10:20:36,23.91,--,1,2391,卖盘
1891,10:20:30,23.91,--,2,4782,卖盘
1892,10:20:27,23.91,0.01,91,217581,买盘
1893,10:20:21,23.9,-0.01,10,23900,卖盘
1894,10:20:18,23.91,0.01,1,2391,买盘
1895,10:20:15,23.9,-0.01,5,11950,卖盘
1896,10:20:09,23.91,0.01,42,100422,买盘
1897,10:20:06,23.9,-0.01,6,14340,卖盘
1898,10:20:03,23.91,--,16,38256,买盘
1899,10:19:57,23.91,0.01,14,33474,买盘
1900,10:19:51,23.9,--,49,117110,卖盘
1901,10:19:48,23.9,--,370,884300,卖盘
1902,10:19:45,23.9,-0.02,7,16730,卖盘
1903,10:19:39,23.92,0.02,37,88504,买盘
1904,10:19:33,23.9,--,93,222270,卖盘
1905,10:19:21,23.9,--,30,71700,卖盘
1906,10:19:18,23.9,--,12,28680,卖盘
1907,10:19:15,23.9,--,20,47800,卖盘
1908,10:19:12,23.9,--,9,21510,卖盘
1909,10:19:06,23.9,--,72,172080,买盘
1910,10:19:03,23.9,-0.01,103,246169,卖盘
1911,10:19:00,23.91,0.01,26,62166,买盘
1912,10:18:57,23.9,-0.02,8,19120,卖盘
1913,10:18:54,23.92,0.02,53,126776,买盘
1914,10:18:51,23.9,--,26,62139,卖盘
1915,10:18:48,23.9,--,15,35850,卖盘
1916,10:18:45,23.9,--,457,1092230,卖盘
1917,10:18:42,23.9,-0.02,70,167300,卖盘
1918,10:18:39,23.92,0.02,15,35880,买盘
1919,10:18:36,23.9,-0.02,4,9560,卖盘
1920,10:18:33,23.92,0.02,32,76544,买盘
1921,10:18:30,23.9,-0.01,501,1197390,卖盘
1922,10:18:27,23.91,-0.01,2,4782,买盘
1923,10:18:24,23.92,--,1,2392,买盘
1924,10:18:18,23.92,0.02,88,210496,买盘
1925,10:18:15,23.9,-0.03,43,102770,卖盘
1926,10:18:12,23.93,0.02,7,16751,买盘
1927,10:18:09,23.91,-0.02,84,200844,卖盘
1928,10:18:03,23.93,0.01,42,100506,买盘
1929,10:18:00,23.92,0.02,16,38272,买盘
1930,10:17:57,23.9,-0.02,3,7170,卖盘
1931,10:17:54,23.92,0.01,53,126776,买盘
1932,10:17:42,23.91,-0.01,469,1123435,卖盘
1933,10:17:36,23.92,--,5,11960,卖盘
1934,10:17:33,23.92,--,73,174616,卖盘
1935,10:17:30,23.92,-0.01,5,11960,卖盘
1936,10:17:27,23.93,0.01,4,9572,买盘
1937,10:17:24,23.92,--,23,55350,买盘
1938,10:17:21,23.92,--,10,23920,买盘
1939,10:17:18,23.92,--,1,2392,买盘
1940,10:17:15,23.92,--,4,9568,买盘
1941,10:17:12,23.92,--,23,57073,卖盘
1942,10:17:09,23.92,-0.01,5,11960,卖盘
1943,10:17:06,23.93,--,4,9572,买盘
1944,10:17:03,23.93,0.01,35,83755,买盘
1945,10:17:00,23.92,--,21,50566,买盘
1946,10:16:57,23.92,0.01,6,14352,买盘
1947,10:16:51,23.91,-0.01,4,9564,卖盘
1948,10:16:48,23.92,--,53,126776,买盘
1949,10:16:45,23.92,--,22,52624,买盘
1950,10:16:42,23.92,--,3,7176,买盘
1951,10:16:36,23.92,0.01,41,98072,买盘
1952,10:16:33,23.91,-0.01,37,88467,卖盘
1953,10:16:30,23.92,0.01,32,76544,买盘
1954,10:16:27,23.91,--,20,47820,卖盘
1955,10:16:24,23.91,--,279,667089,卖盘
1956,10:16:21,23.91,-0.01,4,9564,卖盘
1957,10:16:18,23.92,0.01,1,2392,买盘
1958,10:16:15,23.91,--,24,57384,卖盘
1959,10:16:12,23.91,--,2,4782,卖盘
1960,10:16:09,23.91,-0.01,4,9564,卖盘
1961,10:16:06,23.92,--,5,11960,买盘
1962,10:16:03,23.92,0.01,45,107640,买盘
1963,10:16:00,23.91,-0.01,60,143460,卖盘
1964,10:15:57,23.92,0.01,1,2392,买盘
1965,10:15:54,23.91,-0.01,2,4782,卖盘
1966,10:15:45,23.92,--,10,23920,买盘
1967,10:15:42,23.92,-0.02,95,229297,卖盘
1968,10:15:39,23.94,--,8,19152,卖盘
1969,10:15:36,23.94,0.02,145,347465,买盘
1970,10:15:30,23.92,--,459,1097928,卖盘
1971,10:15:27,23.92,--,3,7176,卖盘
1972,10:15:24,23.92,--,47,112424,卖盘
1973,10:15:21,23.92,-0.01,70,167440,卖盘
1974,10:15:18,23.93,0.01,42,100506,买盘
1975,10:15:15,23.92,-0.01,45,107640,卖盘
1976,10:15:12,23.93,0.01,3,7179,买盘
1977,10:15:06,23.92,--,19,45448,卖盘
1978,10:15:00,23.92,-0.01,11,26312,卖盘
1979,10:14:57,23.93,0.01,14,33502,买盘
1980,10:14:54,23.92,--,45,107640,卖盘
1981,10:14:51,23.92,--,5,11960,卖盘
1982,10:14:48,23.92,--,15,35880,卖盘
1983,10:14:42,23.92,-0.01,41,98072,卖盘
1984,10:14:36,23.93,-0.01,47,112471,卖盘
1985,10:14:30,23.94,--,13,31122,买盘
1986,10:14:27,23.94,--,68,164850,卖盘
1987,10:14:24,23.94,--,5,11970,卖盘
1988,10:14:21,23.94,-0.01,34,81396,卖盘
1989,10:14:18,23.95,0.01,2,4790,买盘
1990,10:14:15,23.94,--,53,126882,卖盘
1991,10:14:12,23.94,--,2,4788,卖盘
1992,10:14:09,23.94,--,38,90972,卖盘
1993,10:14:06,23.94,--,10,24275,卖盘
1994,10:14:03,23.94,-0.01,10,23940,卖盘
1995,10:14:00,23.95,--,33,79035,买盘
1996,10:13:57,23.95,--,3,7185,买盘
1997,10:13:51,23.95,-0.01,83,198785,卖盘
1998,10:13:48,23.96,0.01,45,107820,买盘
1999,10:13:45,23.95,-0.01,24,57480,卖盘
2000,10:13:42,23.96,0.01,50,119800,买盘
2001,10:13:39,23.95,0.01,42,100590,卖盘
2002,10:13:36,23.94,--,14,33516,卖盘
2003,10:13:33,23.94,-0.01,22,52668,卖盘
2004,10:13:30,23.95,--,12,28740,买盘
2005,10:13:27,23.95,-0.01,100,239500,卖盘
2006,10:13:24,23.96,0.02,8,19168,买盘
2007,10:13:21,23.94,-0.01,538,1287972,卖盘
2008,10:13:18,23.95,0.01,1,2395,买盘
2009,10:13:15,23.94,-0.01,94,225036,卖盘
2010,10:13:12,23.95,--,83,198785,卖盘
2011,10:13:09,23.95,--,88,210760,卖盘
2012,10:13:06,23.95,--,100,239500,卖盘
2013,10:13:03,23.95,--,133,318535,卖盘
2014,10:13:00,23.95,--,15,35925,卖盘
2015,10:12:57,23.95,--,72,172440,卖盘
2016,10:12:54,23.95,-0.02,9,21555,卖盘
2017,10:12:51,23.97,0.02,37,88689,买盘
2018,10:12:45,23.95,-0.01,10,23950,卖盘
2019,10:12:42,23.96,0.01,4,9584,买盘
2020,10:12:39,23.95,-0.02,40,95800,卖盘
2021,10:12:36,23.97,--,7,16779,买盘
2022,10:12:33,23.97,0.02,5,11985,买盘
2023,10:12:30,23.95,-0.02,26,62270,卖盘
2024,10:12:27,23.97,-0.01,6,14382,卖盘
2025,10:12:24,23.98,--,6,14388,买盘
2026,10:12:21,23.98,0.01,33,79134,买盘
2027,10:12:18,23.97,0.02,1,2397,买盘
2028,10:12:15,23.95,--,23,55085,卖盘
2029,10:12:12,23.95,-0.02,113,270635,卖盘
2030,10:12:09,23.97,--,43,103071,买盘
2031,10:12:03,23.97,0.02,37,88689,买盘
2032,10:12:00,23.95,0.01,100,239500,中性盘
2033,10:11:57,23.94,--,555,1328670,买盘
2034,10:11:54,23.94,--,59,141246,卖盘
2035,10:11:51,23.94,0.01,249,596106,买盘
2036,10:11:48,23.93,-0.01,22,52646,卖盘
2037,10:11:45,23.94,--,39,93366,买盘
2038,10:11:42,23.94,0.01,1,2394,买盘
2039,10:11:39,23.93,--,37,88541,卖盘
2040,10:11:36,23.93,0.01,4,9572,中性盘
2041,10:11:33,23.92,--,36,86112,卖盘
2042,10:11:30,23.92,0.01,254,607568,买盘
2043,10:11:27,23.91,0.01,5,11955,买盘
2044,10:11:24,23.9,-0.02,20,47800,卖盘
2045,10:11:18,23.92,--,30,71760,买盘
2046,10:11:15,23.92,0.02,20,47840,买盘
2047,10:11:12,23.9,0.04,88,210320,买盘
2048,10:11:09,23.86,-0.04,42,100212,卖盘
2049,10:11:03,23.9,--,20,47800,买盘
2050,10:11:00,23.9,--,1,2390,买盘
2051,10:10:57,23.9,0.04,35,83650,买盘
2052,10:10:51,23.86,-0.04,200,477200,卖盘
2053,10:10:48,23.9,0.01,25,59750,买盘
2054,10:10:42,23.89,--,86,205454,买盘
2055,10:10:39,23.89,--,50,119450,买盘
2056,10:10:36,23.89,0.01,13,31057,买盘
2057,10:10:33,23.88,0.01,13,31044,买盘
2058,10:10:27,23.87,-0.01,34,81158,卖盘
2059,10:10:24,23.88,--,66,157608,买盘
2060,10:10:21,23.88,--,21,50148,买盘
2061,10:10:18,23.88,--,80,191040,买盘
2062,10:10:15,23.88,--,5,11940,买盘
2063,10:10:12,23.88,0.02,40,95520,买盘
2064,10:10:09,23.86,-0.02,38,90668,卖盘
2065,10:10:06,23.88,--,52,124176,买盘
2066,10:10:03,23.88,--,57,136116,买盘
2067,10:10:00,23.88,--,108,257904,买盘
2068,10:09:57,23.88,--,300,716400,买盘
2069,10:09:54,23.88,--,28,66864,买盘
2070,10:09:51,23.88,--,12,28656,买盘
2071,10:09:48,23.88,--,10,23880,买盘
2072,10:09:45,23.88,0.03,76,181488,买盘
2073,10:09:42,23.85,-0.03,60,143100,卖盘
2074,10:09:39,23.88,--,10,23880,买盘
2075,10:09:36,23.88,0.02,250,597000,买盘
2076,10:09:33,23.86,-0.02,11,26246,中性盘
2077,10:09:27,23.88,0.02,20,47760,买盘
2078,10:09:24,23.86,-0.02,1,2386,中性盘
2079,10:09:18,23.88,0.03,55,131340,买盘
2080,10:09:15,23.85,--,20,47700,卖盘
2081,10:09:12,23.85,-0.03,1,2385,卖盘
2082,10:09:09,23.88,0.01,84,200592,买盘
2083,10:09:06,23.87,0.02,18,42966,买盘
2084,10:09:03,23.85,-0.02,2,4770,卖盘
2085,10:09:00,23.87,--,109,260183,买盘
2086,10:08:54,23.87,--,12,28644,买盘
2087,10:08:51,23.87,--,37,88319,买盘
2088,10:08:48,23.87,--,11,26257,买盘
2089,10:08:42,23.87,0.01,20,47740,买盘
2090,10:08:39,23.86,-0.01,6,14316,中性盘
2091,10:08:33,23.87,--,43,102641,买盘
2092,10:08:27,23.87,0.03,84,200508,买盘
2093,10:08:21,23.84,-0.03,38,90592,卖盘
2094,10:08:18,23.87,--,366,873642,买盘
2095,10:08:15,23.87,--,7,16709,买盘
2096,10:08:12,23.87,0.02,97,231539,买盘
2097,10:08:09,23.85,--,20,47700,卖盘
2098,10:08:06,23.85,-0.02,10,23850,卖盘
2099,10:08:00,23.87,--,4,9548,买盘
2100,10:07:57,23.87,0.02,10,23870,买盘
2101,10:07:54,23.85,--,3,7155,卖盘
2102,10:07:51,23.85,0.01,6,15264,买盘
2103,10:07:48,23.84,-0.01,5,14184,卖盘
2104,10:07:45,23.85,--,4,9540,买盘
2105,10:07:42,23.85,--,5,11925,买盘
2106,10:07:39,23.85,--,6,14310,买盘
2107,10:07:36,23.85,--,30,71550,买盘
2108,10:07:30,23.85,0.01,39,93015,买盘
2109,10:07:27,23.84,-0.01,5,11920,中性盘
2110,10:07:24,23.85,0.01,238,567630,买盘
2111,10:07:18,23.84,--,10,23840,卖盘
2112,10:07:15,23.84,-0.01,3,7152,卖盘
2113,10:07:12,23.85,--,5,11925,买盘
2114,10:07:06,23.85,--,8,19080,买盘
2115,10:07:03,23.85,0.01,23,54855,买盘
2116,10:07:00,23.84,0.01,6,14304,买盘
2117,10:06:57,23.83,-0.02,50,119149,卖盘
2118,10:06:54,23.85,0.02,156,372060,买盘
2119,10:06:48,23.83,-0.01,20,47660,卖盘
2120,10:06:42,23.84,-0.01,4,9536,中性盘
2121,10:06:39,23.85,--,8,19080,买盘
2122,10:06:36,23.85,--,26,62010,买盘
2123,10:06:33,23.85,0.01,56,133560,买盘
2124,10:06:27,23.84,-0.01,92,219328,卖盘
2125,10:06:21,23.85,--,21,50085,买盘
2126,10:06:18,23.85,0.01,18,42930,买盘
2127,10:06:12,23.84,--,57,135888,买盘
2128,10:06:09,23.84,--,9,21456,买盘
2129,10:06:03,23.84,--,1,2384,买盘
2130,10:06:00,23.84,0.01,10,23840,买盘
2131,10:05:54,23.83,-0.01,1,2383,卖盘
2132,10:05:51,23.84,--,2,4768,买盘
2133,10:05:48,23.84,0.01,5,11920,买盘
2134,10:05:45,23.83,-0.01,6,14297,卖盘
2135,10:05:39,23.84,--,20,47680,买盘
2136,10:05:36,23.84,0.01,9,21456,买盘
2137,10:05:33,23.83,--,9,21447,卖盘
2138,10:05:30,23.83,0.01,58,138214,买盘
2139,10:05:24,23.82,-0.01,40,95280,卖盘
2140,10:05:18,23.83,--,8,19064,买盘
2141,10:05:12,23.83,--,16,38128,中性盘
2142,10:04:51,23.83,-0.01,3,7148,卖盘
2143,10:04:48,23.84,0.01,7,16688,买盘
2144,10:04:45,23.83,--,10,23830,中性盘
2145,10:04:39,23.83,0.01,45,107234,买盘
2146,10:04:36,23.82,-0.01,2,4764,卖盘
2147,10:04:33,23.83,-0.01,20,47660,卖盘
2148,10:04:27,23.84,--,23,54832,买盘
2149,10:04:21,23.84,0.01,155,369520,买盘
2150,10:04:18,23.83,0.01,4,9532,买盘
2151,10:04:15,23.82,-0.01,5,11910,卖盘
2152,10:04:09,23.83,--,14,33362,买盘
2153,10:04:03,23.83,--,63,150129,卖盘
2154,10:04:00,23.83,--,10,23830,卖盘
2155,10:03:57,23.83,--,4,9532,卖盘
2156,10:03:51,23.83,--,37,88171,卖盘
2157,10:03:45,23.83,--,33,78639,买盘
2158,10:03:42,23.83,--,7,16681,买盘
2159,10:03:30,23.83,--,7,16681,买盘
2160,10:03:27,23.83,--,127,302641,卖盘
2161,10:03:24,23.83,-0.01,24,57191,卖盘
2162,10:03:18,23.84,0.01,1,2384,中性盘
2163,10:03:09,23.83,-0.02,11,26212,卖盘
2164,10:03:06,23.85,--,45,107325,买盘
2165,10:03:00,23.85,--,8,19080,买盘
2166,10:02:51,23.85,--,514,1225890,买盘
2167,10:02:48,23.85,--,10,23850,买盘
2168,10:02:45,23.85,--,4,10971,卖盘
2169,10:02:39,23.85,--,5,11925,卖盘
2170,10:02:30,23.85,0.02,78,186984,买盘
2171,10:02:27,23.83,--,7,16681,卖盘
2172,10:02:24,23.83,-0.02,15,35745,卖盘
2173,10:02:18,23.85,--,50,119250,买盘
2174,10:02:15,23.85,--,9,21465,买盘
2175,10:02:12,23.85,0.02,300,715500,买盘
2176,10:02:06,23.83,--,2,4766,卖盘
2177,10:02:00,23.83,-0.02,2,4766,卖盘
2178,10:01:57,23.85,0.03,700,1669500,买盘
2179,10:01:42,23.82,--,23,54786,卖盘
2180,10:01:39,23.82,0.01,27,64314,中性盘
2181,10:01:36,23.81,-0.02,7,16667,卖盘
2182,10:01:33,23.83,0.01,200,476599,买盘
2183,10:01:30,23.82,0.01,140,333480,买盘
2184,10:01:27,23.81,--,10,23810,卖盘
2185,10:01:24,23.81,-0.01,15,35715,卖盘
2186,10:01:21,23.82,--,12,28584,买盘
2187,10:01:18,23.82,0.01,3,7146,买盘
2188,10:01:15,23.81,-0.01,8,19048,卖盘
2189,10:01:12,23.82,0.01,89,211998,买盘
2190,10:01:06,23.81,0.01,3,7143,买盘
2191,10:00:51,23.8,-0.01,153,364140,卖盘
2192,10:00:48,23.81,--,7,16667,买盘
2193,10:00:42,23.81,0.01,110,261910,买盘
2194,10:00:39,23.8,-0.01,21,51170,卖盘
2195,10:00:36,23.81,--,65,154765,买盘
2196,10:00:33,23.81,--,1,2381,买盘
2197,10:00:30,23.81,--,80,190480,买盘
2198,10:00:27,23.81,--,149,354769,买盘
2199,10:00:21,23.81,--,185,440485,买盘
2200,10:00:18,23.81,--,1,2381,买盘
2201,10:00:15,23.81,-0.01,1042,2481002,卖盘
2202,10:00:12,23.82,--,1,2382,买盘
2203,10:00:00,23.82,--,28,66696,卖盘
2204,09:59:57,23.82,-0.01,50,119100,卖盘
2205,09:59:54,23.83,0.01,76,181108,买盘
2206,09:59:51,23.82,-0.01,50,119100,卖盘
2207,09:59:42,23.83,--,117,278811,卖盘
2208,09:59:39,23.83,--,10,23830,卖盘
2209,09:59:36,23.83,--,5,11915,卖盘
2210,09:59:33,23.83,-0.01,8,19064,卖盘
2211,09:59:27,23.84,0.01,4,9536,买盘
2212,09:59:24,23.83,--,2,4766,卖盘
2213,09:59:21,23.83,--,101,240682,买盘
2214,09:59:18,23.83,--,9,21447,卖盘
2215,09:59:12,23.83,--,52,123915,买盘
2216,09:59:09,23.83,0.01,50,119149,买盘
2217,09:59:00,23.82,-0.02,3,7146,卖盘
2218,09:58:48,23.84,0.01,93,221712,买盘
2219,09:58:45,23.83,--,2,4766,买盘
2220,09:58:42,23.83,--,45,107234,卖盘
2221,09:58:39,23.83,-0.01,49,116766,卖盘
2222,09:58:36,23.84,0.01,2,4768,买盘
2223,09:58:33,23.83,-0.01,6,14297,中性盘
2224,09:58:30,23.84,--,50,119200,买盘
2225,09:58:24,23.84,0.01,152,362368,买盘
2226,09:58:21,23.83,-0.01,6,14297,卖盘
2227,09:58:18,23.84,--,1,2384,买盘
2228,09:58:15,23.84,0.01,4,9536,中性盘
2229,09:58:09,23.83,--,10,23830,卖盘
2230,09:58:06,23.83,-0.02,12,28595,卖盘
2231,09:58:03,23.85,--,5,11925,买盘
2232,09:57:57,23.85,--,91,217035,卖盘
2233,09:57:54,23.85,--,10,23850,卖盘
2234,09:57:51,23.85,--,39,93015,卖盘
2235,09:57:48,23.85,--,10,23850,卖盘
2236,09:57:45,23.85,--,5,11925,卖盘
2237,09:57:42,23.85,--,30,71550,卖盘
2238,09:57:39,23.85,--,9,21465,卖盘
2239,09:57:36,23.85,--,220,524700,买盘
2240,09:57:33,23.85,0.03,10,23850,买盘
2241,09:57:30,23.82,-0.03,12,28584,卖盘
2242,09:57:24,23.85,0.03,3,7155,买盘
2243,09:57:21,23.82,-0.03,69,164358,卖盘
2244,09:57:18,23.85,0.03,100,238500,买盘
2245,09:57:15,23.82,-0.04,1,2382,买盘
2246,09:57:12,23.86,--,14,33404,卖盘
2247,09:57:09,23.86,--,65,155090,卖盘
2248,09:57:06,23.86,0.04,25,59650,买盘
2249,09:57:03,23.82,-0.04,96,230101,卖盘
2250,09:57:00,23.86,--,10,23860,卖盘
2251,09:56:57,23.86,0.07,74,177518,买盘
2252,09:56:45,23.79,-0.03,423,1006317,卖盘
2253,09:56:42,23.82,-0.04,3,7146,卖盘
2254,09:56:36,23.86,0.04,300,715800,买盘
2255,09:56:33,23.82,--,5,11910,买盘
2256,09:56:27,23.82,--,7,16674,买盘
2257,09:56:21,23.82,--,25,59550,买盘
2258,09:56:18,23.82,0.02,2,4764,买盘
2259,09:56:09,23.8,-0.03,26,61880,卖盘
2260,09:56:06,23.83,0.02,50,119149,买盘
2261,09:56:03,23.81,-0.02,5,11905,中性盘
2262,09:55:45,23.83,--,12,28595,买盘
2263,09:55:33,23.83,-0.01,214,509961,卖盘
2264,09:55:30,23.84,--,2,4768,买盘
2265,09:55:24,23.84,0.01,24,57216,买盘
2266,09:55:21,23.83,-0.01,18,42894,卖盘
2267,09:55:18,23.84,0.01,1,2384,买盘
2268,09:55:15,23.83,-0.01,1,2383,卖盘
2269,09:55:12,23.84,--,9,21456,卖盘
2270,09:55:09,23.84,-0.01,27,64368,卖盘
2271,09:55:06,23.85,0.01,14,33390,买盘
2272,09:54:51,23.84,-0.01,1,2384,买盘
2273,09:54:48,23.85,--,1,2385,买盘
2274,09:54:45,23.85,--,4,9540,买盘
2275,09:54:42,23.85,--,1,2385,买盘
2276,09:54:39,23.85,--,5,11925,买盘
2277,09:54:33,23.85,--,22,52470,卖盘
2278,09:54:27,23.85,--,13,31005,卖盘
2279,09:54:24,23.85,-0.01,16,38160,卖盘
2280,09:54:18,23.86,0.01,51,121686,买盘
2281,09:54:15,23.85,--,135,321975,买盘
2282,09:54:00,23.85,0.05,101,240885,买盘
2283,09:53:51,23.8,0.01,1,2380,买盘
2284,09:53:48,23.79,--,7,16653,卖盘
2285,09:53:42,23.79,0.03,363,863577,买盘
2286,09:53:36,23.76,-0.01,1,2376,卖盘
2287,09:53:33,23.77,--,2,4754,买盘
2288,09:53:30,23.77,--,150,356550,买盘
2289,09:53:27,23.77,0.03,101,240077,买盘
2290,09:53:24,23.74,--,5,11870,卖盘
2291,09:53:21,23.74,--,9,21366,卖盘
2292,09:53:18,23.74,-0.01,39,92586,卖盘
2293,09:53:09,23.75,0.01,8,19000,买盘
2294,09:53:06,23.74,-0.01,11,26114,卖盘
2295,09:53:00,23.75,--,30,72200,买盘
2296,09:52:51,23.75,0.01,2,4750,买盘
2297,09:52:48,23.74,--,3,7121,卖盘
2298,09:52:45,23.74,--,2,4748,卖盘
2299,09:52:39,23.74,--,9,21366,卖盘
2300,09:52:30,23.74,--,5,11870,卖盘
2301,09:52:27,23.74,--,74,175676,买盘
2302,09:52:24,23.74,-0.01,12,28487,卖盘
2303,09:52:18,23.75,-0.01,193,458375,卖盘
2304,09:52:15,23.76,--,22,52272,卖盘
2305,09:52:06,23.76,--,10,23760,卖盘
2306,09:52:03,23.76,--,1,2376,卖盘
2307,09:52:00,23.76,-0.01,3,7128,卖盘
2308,09:51:57,23.77,--,22,52294,买盘
2309,09:51:51,23.77,--,13,30901,买盘
2310,09:51:48,23.77,--,28,66556,买盘
2311,09:51:36,23.77,--,210,499170,卖盘
2312,09:51:33,23.77,-0.01,180,427860,卖盘
2313,09:51:24,23.78,0.01,11,26158,买盘
2314,09:51:18,23.77,--,21,49917,卖盘
2315,09:51:12,23.77,0.01,15,35655,买盘
2316,09:51:09,23.76,-0.01,24,57024,卖盘
2317,09:51:06,23.77,0.01,10,23770,买盘
2318,09:51:03,23.76,--,28,66528,卖盘
2319,09:50:51,23.76,0.01,23,54648,买盘
2320,09:50:48,23.75,-0.01,1,2375,中性盘
2321,09:50:42,23.76,0.02,32,76032,买盘
2322,09:50:39,23.74,-0.02,30,71220,卖盘
2323,09:50:36,23.76,0.01,10,23760,买盘
2324,09:50:33,23.75,0.02,14,33250,中性盘
2325,09:50:30,23.73,-0.02,30,71190,卖盘
2326,09:50:27,23.75,0.02,3,7125,买盘
2327,09:50:24,23.73,-0.01,13,30849,卖盘
2328,09:50:18,23.74,0.01,11,26114,卖盘
2329,09:50:12,23.73,-0.02,43,102039,卖盘
2330,09:50:09,23.75,0.02,100,237500,买盘
2331,09:50:06,23.73,--,8,18984,卖盘
2332,09:49:57,23.73,-0.04,15,35595,卖盘
2333,09:49:51,23.77,0.04,25,59425,买盘
2334,09:49:45,23.73,--,62,147126,买盘
2335,09:49:42,23.73,--,10,23730,买盘
2336,09:49:39,23.73,--,7,16611,买盘
2337,09:49:36,23.73,--,30,71190,买盘
2338,09:49:33,23.73,--,55,130515,买盘
2339,09:49:30,23.73,-0.02,140,332220,卖盘
2340,09:49:27,23.75,0.02,34,80750,中性盘
2341,09:49:24,23.73,-0.04,11,26103,卖盘
2342,09:49:21,23.77,--,5,11885,买盘
2343,09:49:18,23.77,0.04,1,2377,买盘
2344,09:49:12,23.73,--,1,2373,卖盘
2345,09:49:09,23.73,--,16,37968,卖盘
2346,09:49:06,23.73,--,18,42714,买盘
2347,09:49:03,23.73,--,108,256284,买盘
2348,09:48:57,23.73,--,2,4746,买盘
2349,09:48:54,23.73,--,6,14238,买盘
2350,09:48:51,23.73,--,3,7119,买盘
2351,09:48:48,23.73,-0.04,74,175602,卖盘
2352,09:48:39,23.77,0.04,4,9508,买盘
2353,09:48:36,23.73,--,200,474600,卖盘
2354,09:48:33,23.73,--,1,2373,卖盘
2355,09:48:24,23.73,--,1,2373,卖盘
2356,09:48:21,23.73,--,186,441378,买盘
2357,09:48:18,23.73,0.01,35,83055,买盘
2358,09:48:12,23.72,--,33,78276,卖盘
2359,09:48:09,23.72,-0.01,1,2372,卖盘
2360,09:48:06,23.73,0.01,2,4746,买盘
2361,09:48:00,23.72,--,4,9488,卖盘
2362,09:47:57,23.72,--,39,92508,买盘
2363,09:47:54,23.72,--,2,4744,买盘
2364,09:47:51,23.72,--,1,2372,买盘
2365,09:47:48,23.72,0.01,15,35580,中性盘
2366,09:47:45,23.71,-0.01,10,23710,卖盘
2367,09:47:42,23.72,--,9,21348,卖盘
2368,09:47:39,23.72,--,3,7116,买盘
2369,09:47:36,23.72,0.02,20,47440,买盘
2370,09:47:27,23.7,--,0,23,买盘
2371,09:47:24,23.7,--,70,165900,买盘
2372,09:47:21,23.7,--,24,56880,买盘
2373,09:47:18,23.7,--,2,4740,买盘
2374,09:47:15,23.7,--,20,47400,买盘
2375,09:47:12,23.7,-0.02,196,466866,卖盘
2376,09:47:09,23.72,0.01,13,30836,买盘
2377,09:47:03,23.71,0.01,6,14226,买盘
2378,09:47:00,23.7,--,20,47423,买盘
2379,09:46:48,23.7,--,14,33180,卖盘
2380,09:46:45,23.7,--,7,16590,卖盘
2381,09:46:42,23.7,--,6,14220,卖盘
2382,09:46:39,23.7,--,25,59250,买盘
2383,09:46:33,23.7,0.02,19,45030,买盘
2384,09:46:30,23.68,--,14,33152,卖盘
2385,09:46:24,23.68,--,1,2368,买盘
2386,09:46:21,23.68,--,100,236800,买盘
2387,09:46:18,23.68,--,2,4736,买盘
2388,09:46:15,23.68,--,54,127872,买盘
2389,09:46:12,23.68,--,3,7104,买盘
2390,09:46:06,23.68,--,25,59200,买盘
2391,09:46:03,23.68,0.01,30,71040,买盘
2392,09:46:00,23.67,-0.01,13,30771,卖盘
2393,09:45:54,23.68,--,21,49728,卖盘
2394,09:45:51,23.68,0.01,73,172864,买盘
2395,09:45:48,23.67,-0.01,4,9468,卖盘
2396,09:45:45,23.68,--,16,37888,买盘
2397,09:45:42,23.68,0.01,3,7104,买盘
2398,09:45:36,23.67,--,13,30771,卖盘
2399,09:45:33,23.67,--,25,59175,卖盘
2400,09:45:30,23.67,-0.01,6,14202,卖盘
2401,09:45:27,23.68,--,2,4736,买盘
2402,09:45:24,23.68,--,10,23680,买盘
2403,09:45:21,23.68,--,1,2368,买盘
2404,09:45:18,23.68,--,32,75776,卖盘
2405,09:45:15,23.68,-0.01,10,23680,卖盘
2406,09:45:09,23.69,--,9,21321,买盘
2407,09:45:06,23.69,0.01,10,23690,买盘
2408,09:45:03,23.68,--,21,49728,卖盘
2409,09:45:00,23.68,--,13,30784,卖盘
2410,09:44:54,23.68,0.01,19,44992,买盘
2411,09:44:51,23.67,-0.01,22,52074,卖盘
2412,09:44:48,23.68,-0.01,7,16576,卖盘
2413,09:44:45,23.69,0.01,52,123188,买盘
2414,09:44:42,23.68,-0.01,1,2368,卖盘
2415,09:44:39,23.69,0.01,20,47380,买盘
2416,09:44:36,23.68,--,12,28416,卖盘
2417,09:44:33,23.68,0.01,73,172864,买盘
2418,09:44:30,23.67,--,6,14202,卖盘
2419,09:44:27,23.67,-0.01,56,132552,卖盘
2420,09:44:24,23.68,--,12,28416,买盘
2421,09:44:21,23.68,--,7,16576,买盘
2422,09:44:18,23.68,-0.03,174,412032,卖盘
2423,09:44:15,23.71,--,15,35565,买盘
2424,09:44:12,23.71,0.02,16,37936,买盘
2425,09:44:09,23.69,--,82,194258,卖盘
2426,09:44:06,23.69,--,38,90022,卖盘
2427,09:44:03,23.69,-0.01,12,28428,卖盘
2428,09:44:00,23.7,0.01,33,78210,中性盘
2429,09:43:51,23.69,-0.01,18,42642,卖盘
2430,09:43:48,23.7,--,9,21330,买盘
2431,09:43:45,23.7,0.01,10,23700,买盘
2432,09:43:42,23.69,-0.02,14,33166,卖盘
2433,09:43:39,23.71,0.01,104,246584,买盘
2434,09:43:36,23.7,--,181,428970,卖盘
2435,09:43:33,23.7,-0.01,5,11850,卖盘
2436,09:43:30,23.71,--,103,244213,买盘
2437,09:43:27,23.71,--,125,296375,买盘
2438,09:43:24,23.71,--,511,1211581,买盘
2439,09:43:21,23.71,--,10,23710,买盘
2440,09:43:18,23.71,--,2,4742,买盘
2441,09:43:15,23.71,-0.01,171,405441,卖盘
2442,09:43:06,23.72,-0.02,8,18976,中性盘
2443,09:43:00,23.74,0.02,34,80716,买盘
2444,09:42:57,23.72,--,84,199248,卖盘
2445,09:42:54,23.72,-0.01,84,199248,卖盘
2446,09:42:51,23.73,--,2,4746,买盘
2447,09:42:48,23.73,-0.01,92,218316,卖盘
2448,09:42:33,23.74,0.01,1,2374,卖盘
2449,09:42:30,23.73,-0.03,22,52206,卖盘
2450,09:42:27,23.76,0.03,10,23760,买盘
2451,09:42:24,23.73,--,28,66444,卖盘
2452,09:42:21,23.73,-0.03,25,59325,卖盘
2453,09:42:18,23.76,--,23,54648,买盘
2454,09:42:15,23.76,-0.02,52,123552,卖盘
2455,09:42:03,23.78,0.01,105,249690,买盘
2456,09:41:57,23.77,-0.01,22,52294,卖盘
2457,09:41:54,23.78,0.05,2,4756,买盘
2458,09:41:51,23.73,-0.04,720,1708560,卖盘
2459,09:41:45,23.77,-0.02,9,21393,卖盘
2460,09:41:39,23.79,0.03,4,9516,买盘
2461,09:41:33,23.76,-0.02,50,118800,卖盘
2462,09:41:30,23.78,-0.01,24,57072,卖盘
2463,09:41:21,23.79,--,15,35685,买盘
2464,09:41:18,23.79,0.01,17,40443,买盘
2465,09:41:15,23.78,-0.01,1,2378,卖盘
2466,09:41:12,23.79,0.01,4,9516,买盘
2467,09:41:09,23.78,--,20,47560,卖盘
2468,09:41:03,23.78,--,11,26158,卖盘
2469,09:41:00,23.78,0.01,188,447064,买盘
2470,09:40:57,23.77,--,1,2377,买盘
2471,09:40:54,23.77,--,12,28524,买盘
2472,09:40:51,23.77,--,12,28524,买盘
2473,09:40:48,23.77,--,25,59425,卖盘
2474,09:40:45,23.77,--,10,23770,卖盘
2475,09:40:42,23.77,-0.01,6,14262,卖盘
2476,09:40:39,23.78,--,18,42804,买盘
2477,09:40:36,23.78,0.01,18,42804,买盘
2478,09:40:33,23.77,-0.01,1,2377,卖盘
2479,09:40:27,23.78,0.02,3,7134,买盘
2480,09:40:24,23.76,-0.02,23,54648,卖盘
2481,09:40:21,23.78,0.02,2,4756,买盘
2482,09:40:15,23.76,-0.02,31,73656,中性盘
2483,09:40:12,23.78,0.03,20,47560,买盘
2484,09:40:06,23.75,--,18,42750,卖盘
2485,09:39:57,23.75,--,46,109250,卖盘
2486,09:39:54,23.75,--,38,90250,卖盘
2487,09:39:51,23.75,--,7,16625,卖盘
2488,09:39:45,23.75,--,3,7125,卖盘
2489,09:39:39,23.75,--,17,40375,卖盘
2490,09:39:36,23.75,-0.04,10,23750,卖盘
2491,09:39:33,23.79,0.04,6,14274,中性盘
2492,09:39:27,23.75,-0.04,49,116375,卖盘
2493,09:39:24,23.79,--,19,45201,卖盘
2494,09:39:21,23.79,--,14,33306,卖盘
2495,09:39:18,23.79,--,21,49959,卖盘
2496,09:39:15,23.79,0.04,49,116904,买盘
2497,09:39:12,23.75,-0.04,68,163257,卖盘
2498,09:39:09,23.79,0.04,5,11895,买盘
2499,09:39:06,23.75,-0.04,100,237500,卖盘
2500,09:39:03,23.79,--,4,9516,买盘
2501,09:38:57,23.79,0.01,335,796965,买盘
2502,09:38:54,23.78,--,69,164082,卖盘
2503,09:38:51,23.78,-0.01,10,23780,卖盘
2504,09:38:45,23.79,0.01,4,9516,买盘
2505,09:38:42,23.78,--,4,9512,卖盘
2506,09:38:39,23.78,--,31,73718,买盘
2507,09:38:36,23.78,-0.01,21,49938,中性盘
2508,09:38:33,23.79,--,27,64233,买盘
2509,09:38:27,23.79,--,404,961116,买盘
2510,09:38:24,23.79,--,10,23790,买盘
2511,09:38:21,23.79,--,4,9516,买盘
2512,09:38:18,23.79,--,41,97539,买盘
2513,09:38:15,23.79,--,76,180804,卖盘
2514,09:38:12,23.79,--,20,47580,卖盘
2515,09:38:09,23.79,--,158,375882,卖盘
2516,09:38:03,23.79,--,11,26169,买盘
2517,09:38:00,23.79,--,34,80886,卖盘
2518,09:37:54,23.79,0.01,1,2379,卖盘
2519,09:37:45,23.78,-0.03,4,9512,卖盘
2520,09:37:42,23.81,0.03,218,519058,买盘
2521,09:37:39,23.78,--,41,97498,卖盘
2522,09:37:36,23.78,-0.01,63,149814,卖盘
2523,09:37:33,23.79,--,5,11895,买盘
2524,09:37:30,23.79,-0.03,236,561444,卖盘
2525,09:37:27,23.82,--,2,4764,买盘
2526,09:37:24,23.82,--,72,171504,买盘
2527,09:37:21,23.82,--,196,466872,卖盘
2528,09:37:18,23.82,--,329,783678,卖盘
2529,09:37:15,23.82,-0.01,13,30966,卖盘
2530,09:37:12,23.83,--,392,934135,买盘
2531,09:37:09,23.83,0.01,36,85788,买盘
2532,09:37:06,23.82,-0.01,27,64314,卖盘
2533,09:37:00,23.83,--,48,114383,买盘
2534,09:36:57,23.83,--,45,107234,卖盘
2535,09:36:54,23.83,-0.01,120,285960,卖盘
2536,09:36:51,23.84,--,74,176416,买盘
2537,09:36:45,23.84,0.01,2,4768,买盘
2538,09:36:42,23.83,--,18,42894,卖盘
2539,09:36:36,23.83,--,63,150129,卖盘
2540,09:36:33,23.83,--,9,21447,卖盘
2541,09:36:30,23.83,0.01,163,388429,买盘
2542,09:36:27,23.82,--,51,121482,卖盘
2543,09:36:24,23.82,-0.01,31,73842,卖盘
2544,09:36:21,23.83,0.01,97,231150,买盘
2545,09:36:18,23.82,-0.01,15,35730,卖盘
2546,09:36:15,23.83,0.01,107,254980,买盘
2547,09:36:12,23.82,0.03,13,30966,买盘
2548,09:36:09,23.79,0.01,37,88023,卖盘
2549,09:36:06,23.78,-0.04,201,477978,卖盘
2550,09:36:03,23.82,-0.01,52,123864,买盘
2551,09:36:00,23.83,--,114,271662,买盘
2552,09:35:57,23.83,0.02,7,16681,买盘
2553,09:35:54,23.81,-0.02,36,85716,卖盘
2554,09:35:51,23.83,--,17,40511,买盘
2555,09:35:48,23.83,--,90,214469,买盘
2556,09:35:45,23.83,--,38,90554,买盘
2557,09:35:42,23.83,0.01,2,4766,买盘
2558,09:35:39,23.82,--,2,4764,卖盘
2559,09:35:36,23.82,0.01,33,80892,买盘
2560,09:35:33,23.81,--,21,50001,卖盘
2561,09:35:30,23.81,-0.01,20,47620,中性盘
2562,09:35:24,23.82,--,318,757476,买盘
2563,09:35:21,23.82,--,12,28584,买盘
2564,09:35:18,23.82,--,40,95280,买盘
2565,09:35:15,23.82,-0.01,3,7146,卖盘
2566,09:35:12,23.83,--,169,402727,买盘
2567,09:35:09,23.83,--,13,30978,买盘
2568,09:35:06,23.83,--,3,7148,买盘
2569,09:35:03,23.83,--,28,66724,买盘
2570,09:35:00,23.83,--,19,45277,买盘
2571,09:34:57,23.83,--,132,314556,卖盘
2572,09:34:51,23.83,--,29,69107,卖盘
2573,09:34:48,23.83,-0.01,102,243065,卖盘
2574,09:34:45,23.84,--,46,109664,买盘
2575,09:34:42,23.84,--,35,83440,买盘
2576,09:34:39,23.84,--,13,30992,买盘
2577,09:34:36,23.84,0.01,38,90592,买盘
2578,09:34:33,23.83,-0.01,13,30978,卖盘
2579,09:34:30,23.84,-0.01,154,367136,卖盘
2580,09:34:27,23.85,--,33,78705,买盘
2581,09:34:24,23.85,--,6,14310,买盘
2582,09:34:21,23.85,--,111,264735,买盘
2583,09:34:18,23.85,--,27,64395,买盘
2584,09:34:15,23.85,-0.01,39,93015,卖盘
2585,09:34:12,23.86,0.01,2,4772,买盘
2586,09:34:09,23.85,--,51,121635,买盘
2587,09:34:06,23.85,--,6,14310,买盘
2588,09:34:03,23.85,--,42,100170,买盘
2589,09:34:00,23.85,0.01,27,64395,买盘
2590,09:33:57,23.84,--,72,171648,卖盘
2591,09:33:54,23.84,-0.01,1,2384,卖盘
2592,09:33:51,23.85,--,31,73935,买盘
2593,09:33:48,23.85,0.02,49,116865,买盘
2594,09:33:45,23.83,--,11,26212,卖盘
2595,09:33:42,23.83,0.01,47,112715,买盘
2596,09:33:39,23.82,-0.01,55,131010,卖盘
2597,09:33:36,23.83,0.03,46,109617,买盘
2598,09:33:33,23.8,--,22,52360,卖盘
2599,09:33:27,23.8,--,57,135660,买盘
2600,09:33:24,23.8,--,162,385560,买盘
2601,09:33:21,23.8,--,14,33320,买盘
2602,09:33:18,23.8,--,60,142800,买盘
2603,09:33:12,23.8,0.01,7,16660,买盘
2604,09:33:09,23.79,--,4,9516,买盘
2605,09:33:06,23.79,--,52,123708,买盘
2606,09:33:03,23.79,--,12,28548,买盘
2607,09:32:57,23.79,0.01,112,266448,中性盘
2608,09:32:54,23.78,-0.02,37,87986,卖盘
2609,09:32:51,23.8,--,3,7140,买盘
2610,09:32:48,23.8,--,46,109480,买盘
2611,09:32:42,23.8,--,7,16660,买盘
2612,09:32:39,23.8,--,36,85680,买盘
2613,09:32:36,23.8,-0.04,98,233240,卖盘
2614,09:32:33,23.84,0.01,132,314688,买盘
2615,09:32:30,23.83,0.01,16,38128,买盘
2616,09:32:27,23.82,-0.02,4,9528,卖盘
2617,09:32:24,23.84,0.01,54,128736,买盘
2618,09:32:21,23.83,--,4,9532,卖盘
2619,09:32:18,23.83,-0.01,13,30978,卖盘
2620,09:32:15,23.84,0.01,9,21456,买盘
2621,09:32:12,23.83,-0.01,15,35745,卖盘
2622,09:32:09,23.84,--,7,16688,买盘
2623,09:32:06,23.84,--,1,2384,卖盘
2624,09:32:03,23.84,--,2,4768,买盘
2625,09:32:00,23.84,-0.01,16,38144,卖盘
2626,09:31:57,23.85,--,16,38160,买盘
2627,09:31:54,23.85,--,51,121635,买盘
2628,09:31:51,23.85,--,73,174105,买盘
2629,09:31:48,23.85,--,165,393525,卖盘
2630,09:31:39,23.85,0.01,1,2385,买盘
2631,09:31:33,23.84,0.04,11,26224,中性盘
2632,09:31:30,23.8,-0.03,503,1197140,卖盘
2633,09:31:27,23.83,--,63,150129,买盘
2634,09:31:24,23.83,--,5,11915,买盘
2635,09:31:15,23.83,0.01,5,11915,买盘
2636,09:31:12,23.82,0.01,3,7146,中性盘
2637,09:31:09,23.81,--,5,11905,卖盘
2638,09:31:06,23.81,0.01,31,73811,买盘
2639,09:31:00,23.8,0.02,247,587860,买盘
2640,09:30:57,23.78,0.02,10,23780,买盘
2641,09:30:54,23.76,--,7,16632,买盘
2642,09:30:51,23.76,0.01,27,64152,中性盘
2643,09:30:48,23.75,-0.02,50,118750,卖盘
2644,09:30:45,23.77,0.01,40,95080,买盘
2645,09:30:42,23.76,--,2,4752,买盘
2646,09:30:39,23.76,--,52,123552,卖盘
2647,09:30:33,23.76,--,11,26136,买盘
2648,09:30:30,23.76,0.01,5,11880,买盘
2649,09:30:27,23.75,-0.02,54,128250,卖盘
2650,09:30:21,23.77,--,20,47540,买盘
2651,09:30:18,23.77,--,6,14262,买盘
2652,09:30:15,23.77,--,12,28524,买盘
2653,09:30:12,23.77,0.02,8,19016,买盘
2654,09:30:09,23.75,-0.02,25,59375,卖盘
2655,09:30:06,23.77,0.01,65,154505,买盘
2656,09:30:03,23.76,-0.05,438,1040688,卖盘
2657,09:30:00,23.81,--,0,0,买盘
2658,09:25:03,23.81,23.81,978,2328618,买盘
