,time,price,change,volume,amount,type
0,15:00:03,3.46,--,5733,1983618,卖盘
1,14:57:00,3.46,-0.01,53,18338,卖盘
2,14:56:57,3.47,--,142,49274,买盘
3,14:56:51,3.47,0.01,65,22555,买盘
4,14:56:39,3.46,-0.01,21,7266,卖盘
5,14:56:36,3.47,0.01,5,1735,买盘
6,14:56:30,3.46,--,17,5882,卖盘
7,14:56:27,3.46,--,288,99648,卖盘
8,14:56:24,3.46,--,370,128020,卖盘
9,14:56:18,3.46,--,3,1038,卖盘
10,14:56:12,3.46,--,90,31140,卖盘
11,14:56:03,3.46,--,4,1384,卖盘
12,14:55:51,3.46,-0.01,72,24912,卖盘
13,14:55:45,3.47,0.01,12,4164,买盘
14,14:55:36,3.46,--,32,11072,卖盘
15,14:55:30,3.46,--,2,692,卖盘
16,14:55:24,3.46,--,1028,355688,卖盘
17,14:55:18,3.46,--,115,39790,卖盘
18,14:55:15,3.46,--,62,21452,卖盘
19,14:55:12,3.46,--,6,2076,卖盘
20,14:54:57,3.46,--,2,692,卖盘
21,14:54:51,3.46,--,1135,392710,卖盘
22,14:54:39,3.46,--,2,692,卖盘
23,14:54:36,3.46,--,1,346,卖盘
24,14:54:33,3.46,--,50,17300,卖盘
25,14:54:27,3.46,-0.01,7,2422,卖盘
26,14:54:24,3.47,0.01,6,2082,买盘
27,14:54:18,3.46,--,20,6920,卖盘
28,14:54:09,3.46,--,50,17300,卖盘
29,14:54:00,3.46,--,38,13148,买盘
30,14:53:57,3.46,0.01,21,7266,卖盘
31,14:53:45,3.45,-0.02,1943,670335,卖盘
32,14:53:42,3.47,0.01,100,34700,买盘
33,14:53:39,3.46,--,40,13840,卖盘
34,14:53:33,3.46,--,4,1512,买盘
35,14:53:30,3.46,0.01,1366,472636,买盘
36,14:53:24,3.45,-0.01,10,3450,卖盘
37,14:53:21,3.46,--,274,94804,买盘
38,14:53:18,3.46,0.01,75,25950,买盘
39,14:53:15,3.45,--,10,3450,卖盘
40,14:52:57,3.45,-0.01,8,2760,卖盘
41,14:52:48,3.46,--,1,346,买盘
42,14:52:18,3.46,0.01,1,346,买盘
43,14:52:00,3.45,--,23,7935,卖盘
44,14:51:51,3.45,-0.01,8,2760,卖盘
45,14:51:48,3.46,0.01,1,346,买盘
46,14:51:36,3.45,--,5,1725,卖盘
47,14:51:33,3.45,-0.01,1,345,卖盘
48,14:51:27,3.46,--,120,41520,买盘
49,14:51:12,3.46,0.01,43,14878,买盘
50,14:51:09,3.45,--,2,690,卖盘
51,14:51:06,3.45,-0.01,119,41055,卖盘
52,14:50:51,3.46,0.01,16,5536,买盘
53,14:50:48,3.45,--,4,1380,卖盘
54,14:50:39,3.45,-0.01,300,103500,卖盘
55,14:50:33,3.46,--,53,18338,买盘
56,14:50:00,3.46,0.01,4,1384,买盘
57,14:49:48,3.45,-0.01,10,3450,卖盘
58,14:49:36,3.46,0.01,14,4844,买盘
59,14:49:30,3.45,--,9,3105,卖盘
60,14:49:15,3.45,--,50,17250,卖盘
61,14:49:03,3.45,--,228,78660,买盘
62,14:49:00,3.45,--,60,20700,买盘
63,14:48:57,3.45,--,72,24840,买盘
64,14:48:54,3.45,--,100,34500,买盘
65,14:48:48,3.45,0.01,70,24150,买盘
66,14:48:45,3.44,-0.01,33,11352,卖盘
67,14:48:42,3.45,--,35,12075,买盘
68,14:48:39,3.45,--,1,345,买盘
69,14:48:36,3.45,0.01,48,16560,买盘
70,14:48:27,3.44,-0.01,1,344,卖盘
71,14:48:21,3.45,--,409,141105,买盘
72,14:48:18,3.45,--,16,5520,买盘
73,14:48:15,3.45,0.01,1,345,买盘
74,14:48:12,3.44,--,1,344,卖盘
75,14:48:09,3.44,-0.01,195,67080,卖盘
76,14:48:06,3.45,--,155,53475,买盘
77,14:48:00,3.45,--,449,154905,买盘
78,14:47:57,3.45,0.01,21,7245,买盘
79,14:47:48,3.44,--,88,30272,卖盘
80,14:47:36,3.44,-0.01,205,70520,卖盘
81,14:47:24,3.45,--,10,3450,买盘
82,14:47:21,3.45,--,448,154560,卖盘
83,14:47:18,3.45,--,100,34500,卖盘
84,14:47:15,3.45,--,296,102120,卖盘
85,14:47:12,3.45,--,500,172500,卖盘
86,14:47:06,3.45,--,100,34500,卖盘
87,14:46:57,3.45,-0.01,298,102810,卖盘
88,14:46:51,3.46,0.01,28,9688,买盘
89,14:46:48,3.45,--,457,157665,卖盘
90,14:46:36,3.45,--,200,69000,卖盘
91,14:46:33,3.45,--,200,69000,卖盘
92,14:46:30,3.45,--,40,13800,卖盘
93,14:46:24,3.45,-0.01,470,162150,卖盘
94,14:46:21,3.46,0.01,1,346,买盘
95,14:46:03,3.45,--,90,31050,卖盘
96,14:46:00,3.45,--,100,34500,卖盘
97,14:45:57,3.45,--,33,11385,卖盘
98,14:45:54,3.45,--,100,34500,卖盘
99,14:45:45,3.45,--,23,7935,卖盘
100,14:45:36,3.45,--,10,3450,卖盘
101,14:45:21,3.45,--,72,24840,卖盘
102,14:45:12,3.45,-0.01,20,6900,卖盘
103,14:45:03,3.46,0.01,2,692,买盘
104,14:44:45,3.45,--,20,6900,卖盘
105,14:44:42,3.45,--,40,13800,卖盘
106,14:44:36,3.45,-0.01,918,316710,卖盘
107,14:44:24,3.46,--,2839,982363,卖盘
108,14:44:21,3.46,--,33,11418,卖盘
109,14:44:15,3.46,--,88,30448,卖盘
110,14:44:12,3.46,--,8,2768,卖盘
111,14:44:09,3.46,--,5,1730,卖盘
112,14:44:06,3.46,--,8,2768,卖盘
113,14:44:03,3.46,--,26,8996,卖盘
114,14:44:00,3.46,--,12,4152,卖盘
115,14:43:57,3.46,--,4,1384,卖盘
116,14:43:48,3.46,--,47,16262,卖盘
117,14:43:45,3.46,--,204,70584,卖盘
118,14:43:36,3.46,--,200,69200,卖盘
119,14:43:30,3.46,--,84,29064,卖盘
120,14:43:21,3.46,--,2,692,卖盘
121,14:43:15,3.46,--,9,3114,卖盘
122,14:43:09,3.46,-0.01,5,1730,卖盘
123,14:42:54,3.47,0.01,44,15268,买盘
124,14:42:45,3.46,--,2,692,卖盘
125,14:42:42,3.46,-0.01,65,22766,卖盘
126,14:42:36,3.47,0.01,10,3470,买盘
127,14:42:30,3.46,-0.01,2,692,卖盘
128,14:42:15,3.47,0.01,4,1388,买盘
129,14:42:09,3.46,--,400,138400,卖盘
130,14:42:03,3.46,--,45,15570,卖盘
131,14:41:39,3.46,--,13,4498,卖盘
132,14:41:18,3.46,--,40,13840,卖盘
133,14:40:45,3.46,-0.01,49,16954,卖盘
134,14:40:06,3.47,--,6,2082,买盘
135,14:39:42,3.47,0.01,10,3470,买盘
136,14:39:33,3.46,--,5,1730,卖盘
137,14:39:30,3.46,-0.01,194,67124,卖盘
138,14:39:15,3.47,0.01,4,1388,买盘
139,14:39:06,3.46,--,210,72660,卖盘
140,14:39:00,3.46,--,92,31832,卖盘
141,14:38:54,3.46,--,10,3460,卖盘
142,14:38:27,3.46,--,5,1730,卖盘
143,14:38:21,3.46,--,2,692,卖盘
144,14:38:12,3.46,--,2,692,卖盘
145,14:38:03,3.46,--,2,692,卖盘
146,14:37:54,3.46,-0.01,29,10034,卖盘
147,14:37:36,3.47,--,4,1388,买盘
148,14:37:30,3.47,--,16,5552,买盘
149,14:37:21,3.47,--,5,1735,买盘
150,14:37:06,3.47,--,37,12925,卖盘
151,14:37:03,3.47,--,32,11104,卖盘
152,14:37:00,3.47,--,14,4858,卖盘
153,14:36:54,3.47,0.01,6,2342,买盘
154,14:36:51,3.46,-0.01,2,692,卖盘
155,14:36:45,3.47,--,74,25678,买盘
156,14:36:42,3.47,--,165,57341,卖盘
157,14:36:33,3.47,--,16,5552,卖盘
158,14:36:30,3.47,--,49,17003,卖盘
159,14:36:27,3.47,--,3,1041,卖盘
160,14:36:18,3.47,--,6,2082,卖盘
161,14:36:15,3.47,--,324,112688,买盘
162,14:36:06,3.47,--,106,36782,买盘
163,14:36:03,3.47,--,83,28887,卖盘
164,14:36:00,3.47,--,3,1041,卖盘
165,14:35:57,3.47,--,10,3470,卖盘
166,14:35:48,3.47,--,50,17350,卖盘
167,14:35:39,3.47,--,20,6940,卖盘
168,14:35:33,3.47,--,22,7634,卖盘
169,14:35:27,3.47,--,92,31924,卖盘
170,14:35:24,3.47,--,72,24984,卖盘
171,14:35:18,3.47,0.01,75,26285,买盘
172,14:35:06,3.46,-0.01,10,3460,卖盘
173,14:35:00,3.47,--,8,2776,买盘
174,14:34:48,3.47,0.01,23,7981,买盘
175,14:34:39,3.46,-0.01,10,3460,卖盘
176,14:34:12,3.47,0.01,25,8675,买盘
177,14:34:09,3.46,-0.01,32,11072,卖盘
178,14:34:00,3.47,0.01,3,1041,买盘
179,14:33:57,3.46,-0.01,9,3114,卖盘
180,14:33:54,3.47,0.01,20,6940,买盘
181,14:33:48,3.46,--,37,12802,卖盘
182,14:33:42,3.46,--,3,1038,卖盘
183,14:33:36,3.46,--,5,1730,卖盘
184,14:33:33,3.46,-0.01,2,692,卖盘
185,14:33:24,3.47,-0.01,1351,468797,卖盘
186,14:32:54,3.48,0.01,5,1740,买盘
187,14:32:48,3.47,--,3,1041,卖盘
188,14:32:42,3.47,--,50,17350,卖盘
189,14:32:39,3.47,--,30,10410,卖盘
190,14:32:30,3.47,--,56,19432,买盘
191,14:32:27,3.47,--,16,5552,买盘
192,14:32:18,3.47,--,463,160661,买盘
193,14:32:09,3.47,0.01,60,20820,买盘
194,14:31:57,3.46,-0.01,11,3806,卖盘
195,14:31:51,3.47,--,110,38170,买盘
196,14:31:36,3.47,--,9,3123,买盘
197,14:31:33,3.47,--,10,3470,买盘
198,14:31:06,3.47,0.01,100,34700,买盘
199,14:31:03,3.46,-0.01,2,692,卖盘
200,14:31:00,3.47,--,46,15962,买盘
201,14:30:48,3.47,--,390,135330,买盘
202,14:30:45,3.47,--,100,34700,买盘
203,14:30:39,3.47,--,10,3470,买盘
204,14:30:33,3.47,--,1,347,买盘
205,14:30:18,3.47,--,75,26025,买盘
206,14:30:03,3.47,--,69,23943,买盘
207,14:29:57,3.47,0.01,345,119715,买盘
208,14:29:51,3.46,--,118,40828,买盘
209,14:29:45,3.46,--,194,67124,买盘
210,14:29:42,3.46,--,53,18338,买盘
211,14:29:15,3.46,--,111,38406,买盘
212,14:29:12,3.46,--,22,7612,买盘
213,14:28:57,3.46,0.01,50,17300,买盘
214,14:28:51,3.45,-0.01,140,48300,卖盘
215,14:28:48,3.46,--,11,3806,买盘
216,14:28:42,3.46,0.01,15,5190,买盘
217,14:28:03,3.45,--,63,21735,卖盘
218,14:27:51,3.45,--,421,145245,卖盘
219,14:27:03,3.45,--,3,1035,卖盘
220,14:26:54,3.45,--,5,1725,卖盘
221,14:26:48,3.45,-0.01,5,1725,卖盘
222,14:26:36,3.46,0.01,5,1730,买盘
223,14:26:33,3.45,-0.01,5,1725,卖盘
224,14:26:30,3.46,--,1644,568824,卖盘
225,14:26:21,3.46,-0.01,5,1730,卖盘
226,14:26:12,3.47,0.01,10,3470,买盘
227,14:26:09,3.46,--,5,1730,卖盘
228,14:26:00,3.46,--,605,209330,卖盘
229,14:25:51,3.46,--,35,12110,卖盘
230,14:25:45,3.46,-0.01,6,2076,卖盘
231,14:25:39,3.47,0.01,20,6940,买盘
232,14:25:33,3.46,--,5,1730,卖盘
233,14:25:24,3.46,-0.01,5,1730,卖盘
234,14:25:18,3.47,0.01,1,347,买盘
235,14:25:15,3.46,--,50,17300,卖盘
236,14:25:12,3.46,--,5,1730,卖盘
237,14:25:06,3.46,-0.01,10,3460,卖盘
238,14:25:03,3.47,0.01,1,347,买盘
239,14:25:00,3.46,-0.01,6,2076,卖盘
240,14:24:57,3.47,0.01,1,347,买盘
241,14:24:54,3.46,--,5,1730,卖盘
242,14:24:39,3.46,--,5,1730,卖盘
243,14:24:33,3.46,--,6,2076,卖盘
244,14:24:21,3.46,--,5,1730,卖盘
245,14:24:06,3.46,--,5,1730,卖盘
246,14:24:00,3.46,--,5,1730,卖盘
247,14:23:57,3.46,--,6,2076,卖盘
248,14:23:48,3.46,-0.01,5,1730,卖盘
249,14:23:39,3.47,0.01,43,14921,买盘
250,14:23:33,3.46,--,62,21452,卖盘
251,14:23:24,3.46,--,5,1730,卖盘
252,14:23:12,3.46,-0.01,5,1730,卖盘
253,14:23:09,3.47,0.01,1,347,买盘
254,14:23:00,3.46,-0.01,5,1730,卖盘
255,14:22:57,3.47,0.01,104,36088,买盘
256,14:22:51,3.46,--,5,1730,卖盘
257,14:22:45,3.46,--,50,17300,卖盘
258,14:22:39,3.46,--,6,2076,卖盘
259,14:22:27,3.46,--,5,1730,卖盘
260,14:22:24,3.46,--,6,2076,卖盘
261,14:22:18,3.46,--,5,1730,卖盘
262,14:22:03,3.46,--,5,1730,卖盘
263,14:22:00,3.46,--,6,2076,卖盘
264,14:21:51,3.46,--,5,1730,卖盘
265,14:21:42,3.46,--,1,346,卖盘
266,14:21:30,3.46,0.01,36,12456,买盘
267,14:21:27,3.45,-0.01,50,17250,卖盘
268,14:21:24,3.46,--,25,8650,买盘
269,14:21:21,3.46,--,450,155700,买盘
270,14:21:12,3.46,0.01,110,38060,买盘
271,14:21:09,3.45,-0.01,26,8970,卖盘
272,14:21:06,3.46,0.01,100,34600,买盘
273,14:20:57,3.45,--,17,5865,卖盘
274,14:20:45,3.45,--,27,9315,卖盘
275,14:20:42,3.45,-0.01,5,1725,卖盘
276,14:20:30,3.46,0.01,3,1038,买盘
277,14:20:27,3.45,--,5,1725,卖盘
278,14:20:12,3.45,--,104,35880,卖盘
279,14:20:06,3.45,-0.01,5,1725,卖盘
280,14:20:03,3.46,0.01,30,10380,买盘
281,14:19:51,3.45,-0.01,6,2070,卖盘
282,14:19:45,3.46,--,50,17300,买盘
283,14:19:36,3.46,--,368,127328,卖盘
284,14:19:21,3.46,--,4,1384,卖盘
285,14:19:12,3.46,--,5,1730,卖盘
286,14:19:06,3.46,0.01,562,194452,买盘
287,14:18:57,3.45,-0.01,5,1725,卖盘
288,14:18:54,3.46,0.01,20,6920,买盘
289,14:18:48,3.45,-0.01,5,1725,卖盘
290,14:18:45,3.46,0.01,20,6920,买盘
291,14:18:36,3.45,-0.01,5,1725,卖盘
292,14:18:30,3.46,--,49,16954,买盘
293,14:18:27,3.46,0.01,70,24220,买盘
294,14:18:24,3.45,--,5,1725,卖盘
295,14:18:15,3.45,-0.01,5,1725,卖盘
296,14:18:12,3.46,--,100,34600,买盘
297,14:18:09,3.46,--,14,4844,买盘
298,14:18:06,3.46,0.01,20,6920,买盘
299,14:18:03,3.45,-0.01,6,2070,卖盘
300,14:17:57,3.46,0.01,30,10380,买盘
301,14:17:54,3.45,-0.01,104,35880,卖盘
302,14:17:51,3.46,--,7,2422,买盘
303,14:17:45,3.46,0.01,50,17300,买盘
304,14:17:42,3.45,-0.01,7,2415,卖盘
305,14:17:30,3.46,0.01,54,18684,买盘
306,14:17:21,3.45,--,6,2070,卖盘
307,14:17:09,3.45,-0.01,5,1725,卖盘
308,14:17:03,3.46,0.01,20,6920,买盘
309,14:16:57,3.45,--,6,2070,卖盘
310,14:16:54,3.45,-0.01,104,35880,卖盘
311,14:16:48,3.46,0.01,52,17992,买盘
312,14:16:45,3.45,-0.01,5,1725,卖盘
313,14:16:39,3.46,--,121,41866,买盘
314,14:16:36,3.46,--,110,38060,买盘
315,14:16:33,3.46,--,35,12110,买盘
316,14:16:27,3.46,--,10,3460,买盘
317,14:16:21,3.46,0.01,300,103800,买盘
318,14:16:06,3.45,--,5,1725,卖盘
319,14:15:57,3.45,--,5,1725,卖盘
320,14:15:48,3.45,--,6,2070,卖盘
321,14:15:45,3.45,--,1247,430215,买盘
322,14:15:42,3.45,--,105,36225,买盘
323,14:15:39,3.45,--,182,62790,买盘
324,14:15:33,3.45,--,729,251505,买盘
325,14:15:30,3.45,--,5,1725,买盘
326,14:15:24,3.45,--,46,15870,买盘
327,14:15:21,3.45,0.01,10,3450,买盘
328,14:15:15,3.44,--,40,13760,卖盘
329,14:15:09,3.44,-0.01,5,1720,卖盘
330,14:15:06,3.45,0.01,10,3450,买盘
331,14:14:57,3.44,--,5,1720,卖盘
332,14:14:48,3.44,--,216,74304,卖盘
333,14:14:42,3.44,-0.01,6,2064,卖盘
334,14:14:36,3.45,--,11,3795,买盘
335,14:14:30,3.45,--,1,345,买盘
336,14:14:27,3.45,--,10,3450,买盘
337,14:14:18,3.45,0.01,1,345,买盘
338,14:14:15,3.44,--,5,1720,卖盘
339,14:14:09,3.44,--,10,3440,卖盘
340,14:14:06,3.44,-0.01,5,1720,卖盘
341,14:14:03,3.45,0.01,156,53820,买盘
342,14:13:57,3.44,--,7,2408,卖盘
343,14:13:54,3.44,--,200,68800,卖盘
344,14:13:42,3.44,--,5,1720,卖盘
345,14:13:33,3.44,--,100,34400,卖盘
346,14:13:30,3.44,--,5,1720,卖盘
347,14:13:24,3.44,--,59,20296,卖盘
348,14:13:21,3.44,-0.01,4,1376,卖盘
349,14:13:12,3.45,0.01,50,17250,买盘
350,14:13:09,3.44,--,6,2064,卖盘
351,14:12:57,3.44,--,5,1720,卖盘
352,14:12:51,3.44,--,5,1720,卖盘
353,14:12:48,3.44,--,125,43000,卖盘
354,14:12:39,3.44,--,1,344,卖盘
355,14:12:36,3.44,--,6,2064,卖盘
356,14:12:30,3.44,--,100,34400,卖盘
357,14:12:27,3.44,--,6,2064,卖盘
358,14:12:18,3.44,-0.01,5,1720,卖盘
359,14:11:18,3.45,--,3,1035,买盘
360,14:11:00,3.45,--,1,345,买盘
361,14:10:57,3.45,--,1,345,买盘
362,14:10:45,3.45,--,257,88665,买盘
363,14:10:36,3.45,-0.01,1910,658950,卖盘
364,14:10:24,3.46,0.01,6,2076,买盘
365,14:10:06,3.45,--,20,6900,卖盘
366,14:09:30,3.45,--,53,18285,卖盘
367,14:09:21,3.45,--,82,28290,卖盘
368,14:09:12,3.45,-0.01,991,341895,卖盘
369,14:09:06,3.46,--,15,5190,买盘
370,14:08:51,3.46,0.01,155,53630,买盘
371,14:08:42,3.45,--,62,21390,卖盘
372,14:07:03,3.45,-0.01,8,2760,卖盘
373,14:07:00,3.46,--,30,10380,买盘
374,14:06:54,3.46,--,83,28718,买盘
375,14:06:42,3.46,--,7,2422,买盘
376,14:06:24,3.46,--,20,6920,买盘
377,14:06:15,3.46,0.01,11,3806,买盘
378,14:06:03,3.45,--,61,21045,卖盘
379,14:05:51,3.45,-0.01,30,10350,卖盘
380,14:05:33,3.46,--,439,151894,买盘
381,14:05:15,3.46,--,2,692,买盘
382,14:05:09,3.46,--,4,1384,买盘
383,14:05:03,3.46,--,1,346,买盘
384,14:05:00,3.46,--,2,692,买盘
385,14:04:54,3.46,--,88,30448,买盘
386,14:04:33,3.46,--,6,2076,买盘
387,14:04:30,3.46,--,20,6920,买盘
388,14:04:24,3.46,--,81,28026,买盘
389,14:04:21,3.46,0.01,5,1730,买盘
390,14:03:48,3.45,-0.01,10,3450,卖盘
391,14:03:45,3.46,0.01,10,3460,买盘
392,14:03:36,3.45,-0.01,40,13800,卖盘
393,14:03:24,3.46,0.01,1,346,买盘
394,14:03:06,3.45,--,180,62100,卖盘
395,14:02:57,3.45,-0.01,28,9660,卖盘
396,14:02:48,3.46,0.01,67,23182,买盘
397,14:02:18,3.45,--,24,8280,卖盘
398,14:02:15,3.45,--,3,1035,卖盘
399,14:02:12,3.45,--,130,44850,卖盘
400,14:02:00,3.45,--,200,69000,卖盘
401,14:01:27,3.45,-0.01,7,2415,卖盘
402,14:01:03,3.46,0.01,3,1038,买盘
403,14:00:36,3.45,-0.01,8,2760,卖盘
404,14:00:30,3.46,0.01,3,1038,买盘
405,14:00:27,3.45,--,5,1725,卖盘
406,14:00:24,3.45,--,2,690,卖盘
407,14:00:18,3.45,--,8,2760,卖盘
408,14:00:15,3.45,--,56,19320,卖盘
409,14:00:12,3.45,--,5,1725,卖盘
410,14:00:00,3.45,-0.01,286,98670,卖盘
411,13:59:51,3.46,--,10,3460,买盘
412,13:59:27,3.46,--,2,692,卖盘
413,13:59:18,3.46,0.01,58,20068,买盘
414,13:59:15,3.45,-0.01,5,1725,卖盘
415,13:59:12,3.46,--,200,69200,买盘
416,13:59:09,3.46,--,498,172308,卖盘
417,13:58:42,3.46,--,61,21106,卖盘
418,13:58:39,3.46,--,3,1038,卖盘
419,13:57:57,3.46,--,5,1730,卖盘
420,13:57:39,3.46,--,4,1384,卖盘
421,13:57:36,3.46,--,5,1730,卖盘
422,13:57:15,3.46,-0.01,20,6920,卖盘
423,13:56:45,3.47,0.01,4,1388,买盘
424,13:56:39,3.46,--,308,106568,卖盘
425,13:56:24,3.46,--,16,5536,卖盘
426,13:56:03,3.46,--,8,2768,卖盘
427,13:56:00,3.46,--,3,1038,卖盘
428,13:55:12,3.46,--,60,20760,买盘
429,13:55:06,3.46,-0.01,40,13840,中性盘
430,13:54:39,3.47,0.01,300,104100,买盘
431,13:54:36,3.46,--,10,3460,买盘
432,13:54:33,3.46,--,10,3460,买盘
433,13:54:15,3.46,--,20,6920,买盘
434,13:54:12,3.46,--,100,34600,买盘
435,13:54:03,3.46,0.01,8,2768,买盘
436,13:53:54,3.45,-0.01,4,1380,卖盘
437,13:53:45,3.46,--,785,271610,卖盘
438,13:53:33,3.46,--,5,1730,卖盘
439,13:53:30,3.46,--,10,3460,卖盘
440,13:53:12,3.46,--,7,2422,卖盘
441,13:52:57,3.46,--,5,1730,卖盘
442,13:52:48,3.46,--,3,1038,卖盘
443,13:52:30,3.46,--,150,51900,卖盘
444,13:52:27,3.46,--,46,15916,买盘
445,13:52:24,3.46,--,30,10380,买盘
446,13:52:21,3.46,--,365,126290,买盘
447,13:52:09,3.46,--,300,103800,买盘
448,13:52:06,3.46,--,50,17300,买盘
449,13:52:03,3.46,--,20,6920,买盘
450,13:52:00,3.46,--,8,2768,买盘
451,13:51:57,3.46,--,46,15916,买盘
452,13:51:54,3.46,--,177,61242,买盘
453,13:51:48,3.46,--,11,3806,买盘
454,13:51:45,3.46,--,54,18684,买盘
455,13:51:39,3.46,--,30,10380,买盘
456,13:51:33,3.46,--,49,16954,买盘
457,13:51:24,3.46,--,3,1038,买盘
458,13:51:21,3.46,--,12,4152,买盘
459,13:51:00,3.46,--,320,110720,买盘
460,13:50:57,3.46,--,50,17300,买盘
461,13:50:51,3.46,--,30,10380,卖盘
462,13:50:30,3.46,--,2370,820020,买盘
463,13:50:21,3.46,--,20,6920,买盘
464,13:50:18,3.46,--,54,18684,买盘
465,13:50:15,3.46,--,5,1730,买盘
466,13:49:30,3.46,--,10,3460,买盘
467,13:48:57,3.46,--,300,103800,买盘
468,13:48:15,3.46,--,12,4152,买盘
469,13:48:12,3.46,0.01,1,346,买盘
470,13:47:57,3.45,--,122,42090,卖盘
471,13:47:06,3.45,--,50,17250,卖盘
472,13:46:51,3.45,-0.01,60,20700,卖盘
473,13:46:39,3.46,0.01,35,12110,买盘
474,13:46:36,3.45,--,18,6210,卖盘
475,13:46:33,3.45,-0.01,134,46230,卖盘
476,13:46:18,3.46,--,1,346,买盘
477,13:45:33,3.46,0.01,10,3460,买盘
478,13:45:27,3.45,--,20,6900,卖盘
479,13:45:24,3.45,-0.01,3,1035,卖盘
480,13:45:18,3.46,0.01,1,346,买盘
481,13:45:12,3.45,-0.01,1,345,卖盘
482,13:45:06,3.46,0.01,1,346,买盘
483,13:45:03,3.45,-0.01,100,34500,卖盘
484,13:44:54,3.46,0.01,50,17300,买盘
485,13:44:45,3.45,-0.01,90,31050,卖盘
486,13:44:42,3.46,0.01,1,346,买盘
487,13:44:24,3.45,-0.01,7,2415,卖盘
488,13:44:18,3.46,0.01,50,17300,买盘
489,13:44:06,3.45,-0.01,10,3450,卖盘
490,13:44:03,3.46,0.01,91,31486,买盘
491,13:43:30,3.45,-0.01,46,15870,卖盘
492,13:43:27,3.46,--,6,2076,买盘
493,13:43:24,3.46,--,310,107260,买盘
494,13:43:06,3.46,--,4,1384,买盘
495,13:43:03,3.46,--,288,99648,买盘
496,13:42:48,3.46,--,5,1730,买盘
497,13:42:33,3.46,--,20,6920,买盘
498,13:42:18,3.46,0.01,5,1730,买盘
499,13:42:09,3.45,-0.01,40,13800,卖盘
500,13:42:06,3.46,--,22,7612,买盘
501,13:42:00,3.46,--,10,3460,买盘
502,13:41:54,3.46,0.01,35,12110,买盘
503,13:41:39,3.45,--,20,6900,卖盘
504,13:41:21,3.45,-0.01,4,1380,卖盘
505,13:41:15,3.46,0.01,13,4498,买盘
506,13:40:54,3.45,-0.01,24,8280,卖盘
507,13:40:51,3.46,--,56,19376,买盘
508,13:40:48,3.46,0.01,5,1730,买盘
509,13:40:42,3.45,--,8,2760,卖盘
510,13:40:39,3.45,--,16,5520,卖盘
511,13:40:27,3.45,--,20,6900,卖盘
512,13:40:24,3.45,--,11,3795,卖盘
513,13:40:18,3.45,-0.01,100,34500,卖盘
514,13:40:00,3.46,--,315,108990,卖盘
515,13:39:51,3.46,--,10,3460,卖盘
516,13:39:48,3.46,--,50,17300,卖盘
517,13:39:39,3.46,--,2000,692000,卖盘
518,13:39:36,3.46,--,30,10380,卖盘
519,13:39:30,3.46,--,960,332160,卖盘
520,13:39:18,3.46,--,64,22144,卖盘
521,13:38:51,3.46,--,9,3114,卖盘
522,13:38:03,3.46,--,7,2422,卖盘
523,13:38:00,3.46,-0.01,5,1730,卖盘
524,13:37:57,3.47,--,85,29495,买盘
525,13:37:30,3.47,0.01,4,1388,买盘
526,13:37:12,3.46,-0.01,1,346,卖盘
527,13:37:03,3.47,--,50,17350,买盘
528,13:36:36,3.47,--,11,3817,买盘
529,13:36:27,3.47,0.01,115,39905,买盘
530,13:36:15,3.46,--,18,6228,卖盘
531,13:36:06,3.46,-0.01,37,12802,卖盘
532,13:35:54,3.47,0.01,10,3470,买盘
533,13:35:15,3.46,--,120,41520,卖盘
534,13:35:06,3.46,--,2,692,卖盘
535,13:34:21,3.46,-0.01,20,6920,卖盘
536,13:34:09,3.47,--,2,694,买盘
537,13:34:03,3.47,--,15,5205,买盘
538,13:33:39,3.47,0.01,4,1388,买盘
539,13:33:21,3.46,--,29,10034,卖盘
540,13:33:18,3.46,--,10,3460,卖盘
541,13:33:12,3.46,--,60,20760,卖盘
542,13:32:48,3.46,--,57,19722,卖盘
543,13:32:27,3.46,--,20,6920,卖盘
544,13:32:09,3.46,--,157,54322,卖盘
545,13:32:06,3.46,--,1000,346000,卖盘
546,13:32:00,3.46,--,26,8996,卖盘
547,13:31:57,3.46,-0.01,96,33216,卖盘
548,13:31:51,3.47,0.01,247,85709,买盘
549,13:31:39,3.46,-0.01,31,10726,卖盘
550,13:31:18,3.47,0.01,200,69400,买盘
551,13:30:54,3.46,-0.01,20,6920,卖盘
552,13:30:36,3.47,0.01,7,2429,买盘
553,13:30:30,3.46,-0.01,4,1384,卖盘
554,13:30:24,3.47,--,9,3123,买盘
555,13:29:39,3.47,--,1409,489009,卖盘
556,13:29:33,3.47,--,5,1735,卖盘
557,13:29:24,3.47,--,59,20473,卖盘
558,13:28:48,3.47,--,651,226157,买盘
559,13:28:42,3.47,--,7,2429,买盘
560,13:28:36,3.47,--,50,17350,买盘
561,13:28:33,3.47,--,40,13880,买盘
562,13:28:24,3.47,--,45,15615,买盘
563,13:28:21,3.47,0.01,60,20820,买盘
564,13:28:03,3.46,-0.01,50,17300,卖盘
565,13:27:57,3.47,--,1000,347000,买盘
566,13:27:33,3.47,--,5,1735,买盘
567,13:27:15,3.47,0.01,100,34700,买盘
568,13:27:03,3.46,--,148,51208,卖盘
569,13:26:30,3.46,-0.01,56,19376,卖盘
570,13:26:09,3.47,--,32,11104,买盘
571,13:25:54,3.47,--,16,5552,买盘
572,13:25:39,3.47,--,10,3470,买盘
573,13:25:09,3.47,--,30,10410,买盘
574,13:25:00,3.47,0.01,11,3817,买盘
575,13:24:39,3.46,--,10,3460,卖盘
576,13:24:12,3.46,-0.01,215,74390,卖盘
577,13:24:03,3.47,0.01,10,3470,买盘
578,13:24:00,3.46,--,5,1730,卖盘
579,13:23:39,3.46,-0.01,10,3460,卖盘
580,13:23:30,3.47,0.01,4,1388,买盘
581,13:22:54,3.46,-0.01,16,5536,卖盘
582,13:22:48,3.47,0.01,9,3123,买盘
583,13:22:42,3.46,-0.01,1,346,卖盘
584,13:22:27,3.47,0.01,200,69400,买盘
585,13:22:24,3.46,--,89,30794,卖盘
586,13:22:03,3.46,--,59,20414,卖盘
587,13:21:57,3.46,--,10,3460,卖盘
588,13:21:51,3.46,--,8,2768,卖盘
589,13:21:12,3.46,--,20,6920,卖盘
590,13:20:39,3.46,--,50,17300,卖盘
591,13:19:57,3.46,--,131,45326,卖盘
592,13:19:36,3.46,-0.01,45,15570,卖盘
593,13:19:24,3.47,0.01,1,347,买盘
594,13:19:06,3.46,--,1,346,卖盘
595,13:18:39,3.46,--,12,4152,卖盘
596,13:18:06,3.46,-0.01,20,6920,卖盘
597,13:17:36,3.47,--,1,347,买盘
598,13:17:33,3.47,--,100,34700,买盘
599,13:17:24,3.47,--,10,3470,买盘
600,13:17:12,3.47,0.01,30,10410,买盘
601,13:16:51,3.46,--,10,3460,卖盘
602,13:16:30,3.46,--,80,27680,卖盘
603,13:16:24,3.46,--,20,6920,卖盘
604,13:16:21,3.46,--,10,3460,卖盘
605,13:16:18,3.46,-0.01,142,49132,卖盘
606,13:16:03,3.47,0.01,50,17350,买盘
607,13:15:51,3.46,-0.01,60,20760,卖盘
608,13:15:48,3.47,0.01,1000,347000,买盘
609,13:15:42,3.46,-0.01,8,2768,卖盘
610,13:15:36,3.47,0.01,26,9022,买盘
611,13:15:27,3.46,--,783,270918,卖盘
612,13:15:06,3.46,-0.01,8,2768,卖盘
613,13:15:00,3.47,0.01,30,10410,买盘
614,13:14:42,3.46,--,74,25604,卖盘
615,13:13:51,3.46,-0.01,1,346,卖盘
616,13:13:33,3.47,--,5,1735,买盘
617,13:13:30,3.47,--,100,34700,买盘
618,13:13:00,3.47,0.01,14,4858,买盘
619,13:12:54,3.46,-0.01,120,41520,卖盘
620,13:12:48,3.47,--,200,69400,买盘
621,13:12:33,3.47,0.01,20,6940,买盘
622,13:12:30,3.46,--,20,6920,卖盘
623,13:12:27,3.46,-0.01,29,10034,卖盘
624,13:12:21,3.47,0.01,2,694,买盘
625,13:11:39,3.46,-0.01,50,17300,卖盘
626,13:11:27,3.47,--,100,34700,买盘
627,13:11:12,3.47,--,10,3470,买盘
628,13:11:00,3.47,--,23,7981,买盘
629,13:10:48,3.47,--,20,6940,买盘
630,13:10:42,3.47,--,2,694,买盘
631,13:10:39,3.47,--,38,13186,买盘
632,13:10:21,3.47,--,9,3123,买盘
633,13:10:15,3.47,--,10,3470,买盘
634,13:10:06,3.47,--,100,34700,买盘
635,13:10:00,3.47,--,18,6246,买盘
636,13:09:39,3.47,--,30,10410,买盘
637,13:09:36,3.47,0.01,1,347,买盘
638,13:09:30,3.46,-0.01,100,34600,卖盘
639,13:09:27,3.47,0.01,50,17350,买盘
640,13:09:18,3.46,-0.01,78,26988,卖盘
641,13:09:12,3.47,0.01,30,10410,买盘
642,13:08:57,3.46,--,600,207600,卖盘
643,13:08:54,3.46,-0.01,96,33216,卖盘
644,13:08:42,3.47,--,42,14574,买盘
645,13:08:39,3.47,0.01,14,4858,买盘
646,13:08:30,3.46,-0.01,938,324548,卖盘
647,13:08:21,3.47,0.01,3,1041,买盘
648,13:08:09,3.46,--,5,1730,卖盘
649,13:07:24,3.46,-0.01,396,137016,卖盘
650,13:07:18,3.47,0.01,211,73217,买盘
651,13:07:15,3.46,-0.01,50,17559,卖盘
652,13:07:12,3.47,0.01,22,7634,买盘
653,13:06:45,3.46,--,10,3460,卖盘
654,13:06:03,3.46,-0.01,101,35119,卖盘
655,13:05:48,3.47,--,487,169075,卖盘
656,13:04:54,3.47,--,101,35220,卖盘
657,13:04:51,3.47,--,180,62460,卖盘
658,13:04:36,3.47,-0.01,5,1735,卖盘
659,13:04:09,3.48,0.01,10,3480,买盘
660,13:04:00,3.47,--,50,17610,卖盘
661,13:03:48,3.47,--,26,9022,卖盘
662,13:03:06,3.47,--,50,17610,卖盘
663,13:02:15,3.47,-0.01,50,17610,卖盘
664,13:01:45,3.48,--,1,348,买盘
665,13:01:12,3.48,-0.01,491,170868,卖盘
666,13:01:00,3.49,0.01,5,1745,买盘
667,13:00:51,3.48,--,60,20880,卖盘
668,13:00:15,3.48,-0.01,2,696,卖盘
669,13:00:09,3.49,0.01,11,3839,买盘
670,13:00:03,3.48,--,829,288492,买盘
671,13:00:00,3.48,--,0,0,买盘
672,11:30:00,3.48,--,0,0,买盘
673,11:29:51,3.48,--,4,1392,买盘
674,11:29:27,3.48,--,5,1740,买盘
675,11:29:09,3.48,--,3,1044,买盘
676,11:29:03,3.48,--,95,33060,买盘
677,11:28:48,3.48,--,2,696,买盘
678,11:28:00,3.48,0.01,3,1044,买盘
679,11:27:48,3.47,-0.01,60,20820,卖盘
680,11:27:33,3.48,0.01,75,26100,买盘
681,11:27:24,3.47,--,15,5205,卖盘
682,11:27:18,3.47,--,14,4858,卖盘
683,11:27:12,3.47,-0.01,20,6940,卖盘
684,11:26:48,3.48,0.01,7,2436,买盘
685,11:25:24,3.47,-0.01,96,33312,卖盘
686,11:25:21,3.48,0.01,100,34800,买盘
687,11:24:57,3.47,-0.01,4,1388,卖盘
688,11:24:00,3.48,--,29,10092,买盘
689,11:23:57,3.48,0.01,1,348,买盘
690,11:23:51,3.47,--,300,104100,卖盘
691,11:23:42,3.47,--,31,10757,卖盘
692,11:23:39,3.47,--,26,9022,卖盘
693,11:23:21,3.47,--,203,70441,买盘
694,11:23:18,3.47,--,8,2776,买盘
695,11:23:12,3.47,--,10,3470,买盘
696,11:23:09,3.47,--,3,1041,买盘
697,11:23:00,3.47,--,10,3470,买盘
698,11:22:42,3.47,--,166,57602,卖盘
699,11:22:15,3.47,--,107,37129,买盘
700,11:22:09,3.47,0.01,50,17350,买盘
701,11:22:03,3.46,--,18,6228,卖盘
702,11:22:00,3.46,-0.01,176,60896,卖盘
703,11:21:51,3.47,--,250,86750,买盘
704,11:21:48,3.47,--,20,6940,买盘
705,11:21:27,3.47,--,2,694,买盘
706,11:21:15,3.47,--,1,347,买盘
707,11:21:00,3.47,0.01,20,6940,买盘
708,11:20:42,3.46,-0.01,12,4152,卖盘
709,11:20:30,3.47,--,28,9716,买盘
710,11:20:24,3.47,--,106,36782,卖盘
711,11:19:51,3.47,-0.01,200,69400,卖盘
712,11:19:45,3.48,0.01,46,16008,买盘
713,11:19:27,3.47,--,279,96813,卖盘
714,11:19:24,3.47,-0.01,10,3470,卖盘
715,11:19:21,3.48,0.01,1,348,买盘
716,11:19:18,3.47,--,10,3470,卖盘
717,11:19:09,3.47,--,100,34700,卖盘
718,11:18:51,3.47,--,8,2776,卖盘
719,11:18:36,3.47,--,90,31230,卖盘
720,11:17:54,3.47,--,20,6940,卖盘
721,11:17:45,3.47,-0.01,883,306401,卖盘
722,11:17:42,3.48,--,1,348,买盘
723,11:17:27,3.48,0.01,2,696,买盘
724,11:17:09,3.47,--,100,34700,卖盘
725,11:16:42,3.47,--,7,2429,卖盘
726,11:16:39,3.47,--,40,13880,卖盘
727,11:16:30,3.47,--,200,69400,卖盘
728,11:16:18,3.47,--,30,10410,卖盘
729,11:16:15,3.47,--,25,8675,卖盘
730,11:15:48,3.47,--,21,7287,卖盘
731,11:15:45,3.47,--,17,5899,卖盘
732,11:15:33,3.47,--,31,10757,卖盘
733,11:15:12,3.47,-0.01,3,1041,卖盘
734,11:13:42,3.48,--,40,13920,买盘
735,11:13:39,3.48,0.01,10,3480,买盘
736,11:12:33,3.47,-0.01,11,3817,卖盘
737,11:12:30,3.48,0.01,2,696,买盘
738,11:12:21,3.47,--,10,3470,卖盘
739,11:12:15,3.47,--,30,10410,卖盘
740,11:11:39,3.47,-0.01,14,4858,卖盘
741,11:11:15,3.48,--,1,348,买盘
742,11:11:03,3.48,--,58,20184,买盘
743,11:10:45,3.48,--,100,34800,买盘
744,11:10:27,3.48,0.01,12,4176,买盘
745,11:10:21,3.47,-0.01,8,2776,卖盘
746,11:10:06,3.48,--,12,4176,买盘
747,11:10:03,3.48,0.01,32,11136,买盘
748,11:09:57,3.47,--,300,104100,卖盘
749,11:09:21,3.47,--,10,3470,卖盘
750,11:09:15,3.47,--,20,6940,卖盘
751,11:09:12,3.47,--,72,24984,卖盘
752,11:09:06,3.47,--,178,61766,卖盘
753,11:08:54,3.47,--,46,15962,卖盘
754,11:08:51,3.47,--,24,8328,卖盘
755,11:08:18,3.47,--,1,347,卖盘
756,11:08:03,3.47,-0.01,3,1041,卖盘
757,11:08:00,3.48,0.01,29,10092,买盘
758,11:07:57,3.47,--,12,4164,卖盘
759,11:07:54,3.47,--,8,2776,卖盘
760,11:07:51,3.47,--,96,33312,卖盘
761,11:07:48,3.47,--,1,347,卖盘
762,11:07:45,3.47,--,800,277600,卖盘
763,11:07:42,3.47,-0.01,404,140188,卖盘
764,11:07:39,3.48,--,8,2784,卖盘
765,11:07:33,3.48,--,190,66120,卖盘
766,11:07:27,3.48,--,52,18096,卖盘
767,11:07:24,3.48,--,8,2784,卖盘
768,11:07:21,3.48,--,87,30276,卖盘
769,11:07:09,3.48,--,3,1044,卖盘
770,11:07:00,3.48,--,38,13224,卖盘
771,11:06:54,3.48,--,44,15312,卖盘
772,11:06:00,3.48,--,1,348,卖盘
773,11:05:54,3.48,--,28,9744,卖盘
774,11:05:48,3.48,--,1,348,卖盘
775,11:05:39,3.48,--,1,348,卖盘
776,11:05:30,3.48,--,19,6612,卖盘
777,11:05:24,3.48,-0.01,1,348,卖盘
778,11:05:21,3.49,0.01,100,34900,买盘
779,11:04:42,3.48,--,172,59856,买盘
780,11:04:39,3.48,--,18,6264,买盘
781,11:04:36,3.48,--,38,13224,买盘
782,11:04:24,3.48,-0.01,517,179916,卖盘
783,11:04:21,3.49,0.01,3,1047,买盘
784,11:04:00,3.48,--,51,17748,买盘
785,11:03:54,3.48,--,10,3480,买盘
786,11:03:42,3.48,0.01,20,6960,买盘
787,11:03:36,3.47,-0.01,20,6940,卖盘
788,11:03:33,3.48,--,100,34800,买盘
789,11:03:27,3.48,--,200,69600,买盘
790,11:03:15,3.48,--,7,2436,买盘
791,11:03:00,3.48,--,10,3480,买盘
792,11:02:48,3.48,--,100,34800,买盘
793,11:02:21,3.48,--,104,36192,买盘
794,11:01:54,3.48,--,50,17400,买盘
795,11:01:45,3.48,0.01,222,77256,买盘
796,11:01:39,3.47,-0.01,19,6593,卖盘
797,11:01:15,3.48,0.01,30,10440,买盘
798,11:01:06,3.47,-0.01,10,3470,卖盘
799,11:01:00,3.48,--,65,22620,买盘
800,11:00:45,3.48,--,2,696,买盘
801,11:00:33,3.48,0.01,60,20880,买盘
802,10:59:54,3.47,--,70,24290,卖盘
803,10:59:39,3.47,--,80,27760,卖盘
804,10:59:33,3.47,-0.01,40,13880,卖盘
805,10:58:03,3.48,--,10,3480,买盘
806,10:57:15,3.48,0.01,219,76212,买盘
807,10:55:48,3.47,--,10,3470,卖盘
808,10:55:39,3.47,-0.01,13,4511,卖盘
809,10:55:21,3.48,0.01,60,20880,买盘
810,10:55:09,3.47,-0.01,66,22902,卖盘
811,10:54:48,3.48,0.01,36,12528,买盘
812,10:54:15,3.47,-0.01,245,85015,卖盘
813,10:53:57,3.48,--,642,223416,卖盘
814,10:53:51,3.48,--,20,6960,卖盘
815,10:53:48,3.48,--,507,176436,卖盘
816,10:53:39,3.48,--,500,174000,卖盘
817,10:53:33,3.48,--,180,62640,卖盘
818,10:53:15,3.48,-0.01,22,7656,卖盘
819,10:52:57,3.49,0.01,5,1745,买盘
820,10:52:54,3.48,--,8,2784,卖盘
821,10:52:51,3.48,--,322,112056,卖盘
822,10:52:39,3.48,--,19,6612,卖盘
823,10:52:30,3.48,--,111,38628,卖盘
824,10:52:24,3.48,--,130,45240,卖盘
825,10:52:21,3.48,--,3,1044,卖盘
826,10:52:00,3.48,--,29,10092,卖盘
827,10:51:57,3.48,--,96,33408,卖盘
828,10:51:54,3.48,-0.01,150,52200,卖盘
829,10:51:42,3.49,0.01,20,6980,买盘
830,10:51:27,3.48,-0.01,37,12876,卖盘
831,10:51:18,3.49,0.01,29,10121,买盘
832,10:51:00,3.48,--,4,1392,卖盘
833,10:50:57,3.48,--,10,3480,卖盘
834,10:50:48,3.48,-0.01,8,2784,卖盘
835,10:50:36,3.49,0.01,10,3490,买盘
836,10:50:30,3.48,-0.01,8,2784,卖盘
837,10:50:18,3.49,0.01,46,16054,买盘
838,10:50:15,3.48,-0.01,4,1392,卖盘
839,10:50:06,3.49,--,1,349,买盘
840,10:49:45,3.49,0.01,17,5933,买盘
841,10:49:42,3.48,--,96,33408,卖盘
842,10:49:39,3.48,--,3,1044,卖盘
843,10:49:18,3.48,--,94,32712,卖盘
844,10:48:51,3.48,--,10,3480,卖盘
845,10:48:45,3.48,-0.01,290,100920,卖盘
846,10:48:30,3.49,--,5,1745,买盘
847,10:48:21,3.49,--,10,3490,买盘
848,10:48:15,3.49,--,1,349,买盘
849,10:48:06,3.49,--,4,1396,买盘
850,10:48:03,3.49,--,20,6980,买盘
851,10:47:54,3.49,--,1,349,买盘
852,10:47:21,3.49,--,8,2792,买盘
853,10:46:54,3.49,0.01,82,28618,买盘
854,10:46:51,3.48,-0.01,2,696,卖盘
855,10:46:45,3.49,--,25,8725,买盘
856,10:46:42,3.49,--,335,116915,买盘
857,10:46:36,3.49,--,31,10819,买盘
858,10:46:30,3.49,--,379,132271,买盘
859,10:45:57,3.49,--,10,3490,买盘
860,10:45:51,3.49,--,3,1047,买盘
861,10:45:42,3.49,0.01,10,3490,买盘
862,10:45:30,3.48,-0.01,60,20880,卖盘
863,10:45:27,3.49,0.01,1,349,买盘
864,10:44:51,3.48,--,40,13920,卖盘
865,10:44:42,3.48,-0.01,4,1392,卖盘
866,10:44:27,3.49,0.01,6,2094,买盘
867,10:44:24,3.48,--,27,9396,卖盘
868,10:44:15,3.48,--,60,20880,卖盘
869,10:44:06,3.48,-0.01,3,1044,卖盘
870,10:44:03,3.49,--,287,100163,买盘
871,10:43:51,3.49,--,50,17450,买盘
872,10:43:42,3.49,--,639,223011,买盘
873,10:43:33,3.49,0.01,11,3839,买盘
874,10:43:12,3.48,--,28,9744,卖盘
875,10:43:00,3.48,-0.01,12,4176,卖盘
876,10:42:57,3.49,--,15,5235,买盘
877,10:42:45,3.49,--,35,12215,买盘
878,10:42:42,3.49,0.01,1,349,买盘
879,10:42:33,3.48,-0.01,80,27840,卖盘
880,10:42:27,3.49,--,2,698,买盘
881,10:42:06,3.49,0.01,2,698,买盘
882,10:41:57,3.48,--,335,116580,卖盘
883,10:41:45,3.48,-0.01,100,34800,卖盘
884,10:41:39,3.49,0.01,1,349,买盘
885,10:41:33,3.48,--,28,9744,卖盘
886,10:40:51,3.48,--,70,24360,卖盘
887,10:40:27,3.48,--,50,17400,卖盘
888,10:40:21,3.48,--,2,696,卖盘
889,10:39:27,3.48,--,2,696,卖盘
890,10:39:18,3.48,--,34,11832,卖盘
891,10:39:15,3.48,--,20,6960,卖盘
892,10:39:09,3.48,--,999,347652,卖盘
893,10:39:06,3.48,--,5,1740,卖盘
894,10:38:57,3.48,--,96,33408,卖盘
895,10:38:48,3.48,-0.01,200,69600,卖盘
896,10:38:42,3.49,0.01,30,10470,买盘
897,10:38:09,3.48,--,30,10440,卖盘
898,10:37:21,3.48,-0.01,8,2784,卖盘
899,10:36:51,3.49,0.01,1,349,买盘
900,10:36:27,3.48,-0.01,100,34800,卖盘
901,10:36:24,3.49,--,1,349,买盘
902,10:35:54,3.49,0.01,20,6980,买盘
903,10:34:45,3.48,--,3,1044,卖盘
904,10:34:36,3.48,-0.01,4,1392,卖盘
905,10:34:18,3.49,--,300,104700,买盘
906,10:34:12,3.49,--,30,10470,买盘
907,10:34:06,3.49,-0.01,178,62122,卖盘
908,10:33:57,3.5,0.01,10,3500,买盘
909,10:33:54,3.49,-0.01,100,34900,卖盘
910,10:33:09,3.5,0.01,12,4200,买盘
911,10:33:06,3.49,--,10,3490,卖盘
912,10:33:03,3.49,-0.01,50,17450,卖盘
913,10:32:54,3.5,0.01,1,350,买盘
914,10:32:36,3.49,--,1253,437297,买盘
915,10:32:00,3.49,0.01,2,698,买盘
916,10:31:54,3.48,--,44,15312,卖盘
917,10:31:51,3.48,--,20,6960,卖盘
918,10:31:33,3.48,-0.01,190,66120,卖盘
919,10:31:24,3.49,--,105,36645,买盘
920,10:31:06,3.49,--,2,698,买盘
921,10:31:00,3.49,0.01,7,2443,买盘
922,10:30:54,3.48,-0.01,20,6960,卖盘
923,10:30:48,3.49,--,200,69800,买盘
924,10:30:33,3.49,0.01,33,11517,买盘
925,10:30:15,3.48,-0.01,4,1392,卖盘
926,10:30:00,3.49,0.01,50,17450,买盘
927,10:29:42,3.48,--,15,5220,卖盘
928,10:29:27,3.48,--,60,20880,卖盘
929,10:28:12,3.48,-0.01,300,104400,卖盘
930,10:28:09,3.49,--,33,11517,买盘
931,10:28:00,3.49,--,6,2094,买盘
932,10:27:57,3.49,0.01,1,349,买盘
933,10:27:54,3.48,-0.01,20,6960,卖盘
934,10:27:36,3.49,--,100,34900,买盘
935,10:27:12,3.49,--,1,349,买盘
936,10:26:54,3.49,--,47,16403,买盘
937,10:26:48,3.49,--,100,34900,买盘
938,10:26:42,3.49,--,230,80270,卖盘
939,10:26:36,3.49,--,10,3490,卖盘
940,10:26:30,3.49,--,15,5235,卖盘
941,10:26:06,3.49,--,20,6980,卖盘
942,10:26:03,3.49,--,90,31410,买盘
943,10:25:57,3.49,--,12,4188,卖盘
944,10:25:48,3.49,--,40,13960,卖盘
945,10:25:18,3.49,-0.01,300,104700,卖盘
946,10:25:06,3.5,0.01,29,10150,买盘
947,10:25:00,3.49,-0.01,300,104700,卖盘
948,10:24:54,3.5,--,2,700,买盘
949,10:24:51,3.5,--,9,3150,买盘
950,10:24:45,3.5,0.01,25,8750,买盘
951,10:24:39,3.49,--,100,34900,卖盘
952,10:24:33,3.49,--,5,1745,卖盘
953,10:24:30,3.49,--,34,11866,卖盘
954,10:24:27,3.49,--,20,6980,卖盘
955,10:24:24,3.49,--,300,104700,卖盘
956,10:23:57,3.49,--,150,52350,卖盘
957,10:23:54,3.49,--,1,349,卖盘
958,10:23:48,3.49,--,6,2094,卖盘
959,10:23:45,3.49,--,1578,550722,买盘
960,10:23:36,3.49,--,45,15705,买盘
961,10:23:12,3.49,-0.01,59,20591,卖盘
962,10:23:06,3.5,0.01,11,3850,买盘
963,10:22:57,3.49,--,53,18497,买盘
964,10:22:54,3.49,--,23,8027,买盘
965,10:22:48,3.49,0.01,200,69800,买盘
966,10:22:45,3.48,-0.01,188,65424,卖盘
967,10:22:42,3.49,-0.01,15,5235,买盘
968,10:22:33,3.5,0.01,100,35000,买盘
969,10:22:27,3.49,--,40,13960,卖盘
970,10:22:21,3.49,--,200,69800,卖盘
971,10:22:18,3.49,--,125,43625,卖盘
972,10:22:12,3.49,--,322,112378,卖盘
973,10:22:06,3.49,--,18,6282,卖盘
974,10:21:57,3.49,-0.01,36,12564,卖盘
975,10:21:54,3.5,--,12,4200,买盘
976,10:21:45,3.5,0.01,2,700,买盘
977,10:21:42,3.49,-0.01,50,17450,卖盘
978,10:21:21,3.5,0.01,1,350,买盘
979,10:20:57,3.49,--,181,63169,买盘
980,10:20:54,3.49,--,500,174500,买盘
981,10:20:39,3.49,0.01,5,1745,买盘
982,10:20:36,3.48,-0.01,44,15312,卖盘
983,10:20:30,3.49,--,25,8725,买盘
984,10:20:27,3.49,--,473,165077,买盘
985,10:20:18,3.49,--,1,349,买盘
986,10:20:06,3.49,0.01,10,3490,买盘
987,10:20:03,3.48,-0.01,26,9048,卖盘
988,10:19:51,3.49,--,11,3839,买盘
989,10:19:45,3.49,--,93,32457,买盘
990,10:19:30,3.49,-0.01,1075,375175,卖盘
991,10:19:06,3.5,--,1,350,买盘
992,10:18:57,3.5,0.01,1,350,买盘
993,10:18:45,3.49,-0.01,1070,373430,卖盘
994,10:18:39,3.5,--,22,7700,买盘
995,10:18:30,3.5,0.01,14,4900,买盘
996,10:18:18,3.49,--,2,698,卖盘
997,10:18:09,3.49,--,68,23732,卖盘
998,10:17:57,3.49,--,3,1047,卖盘
999,10:17:54,3.49,--,68,23732,卖盘
1000,10:17:51,3.49,--,70,24430,卖盘
1001,10:17:42,3.49,-0.01,3,1047,卖盘
1002,10:17:33,3.5,0.01,22,7700,买盘
1003,10:17:27,3.49,-0.01,3,1047,卖盘
1004,10:17:21,3.5,--,186,65100,卖盘
1005,10:17:18,3.5,--,2,700,卖盘
1006,10:17:12,3.5,--,510,178500,卖盘
1007,10:17:09,3.5,--,3,1050,卖盘
1008,10:17:06,3.5,--,34,11900,卖盘
1009,10:17:03,3.5,0.01,319,111650,买盘
1010,10:17:00,3.49,-0.01,137,47813,卖盘
1011,10:16:54,3.5,--,509,178150,买盘
1012,10:16:48,3.5,--,500,175000,买盘
1013,10:16:39,3.5,--,47,16450,买盘
1014,10:16:36,3.5,--,30,10500,买盘
1015,10:16:18,3.5,0.01,27,9450,买盘
1016,10:16:00,3.49,-0.01,1,349,卖盘
1017,10:15:57,3.5,--,10,3500,买盘
1018,10:15:54,3.5,0.01,20,7000,买盘
1019,10:15:51,3.49,-0.01,2,698,卖盘
1020,10:15:39,3.5,0.01,5,1750,买盘
1021,10:15:33,3.49,-0.01,8,2792,卖盘
1022,10:15:27,3.5,0.01,10,3500,买盘
1023,10:15:15,3.49,-0.01,88,30712,卖盘
1024,10:15:09,3.5,--,6,2100,买盘
1025,10:15:06,3.5,--,384,134400,卖盘
1026,10:15:03,3.5,--,16,5600,买盘
1027,10:15:00,3.5,--,309,108150,卖盘
1028,10:14:51,3.5,--,113,39550,卖盘
1029,10:14:45,3.5,--,148,51800,买盘
1030,10:14:42,3.5,--,30,10500,买盘
1031,10:14:33,3.5,--,297,103950,卖盘
1032,10:14:30,3.5,0.01,213,74550,买盘
1033,10:14:21,3.49,-0.01,30,10470,卖盘
1034,10:14:15,3.5,--,30,10500,买盘
1035,10:14:12,3.5,--,6,2100,买盘
1036,10:14:03,3.5,0.01,10,3500,买盘
1037,10:13:57,3.49,-0.01,35,12215,卖盘
1038,10:13:54,3.5,0.01,300,105000,买盘
1039,10:13:45,3.49,--,60,20940,卖盘
1040,10:13:27,3.49,-0.01,3,1047,卖盘
1041,10:13:21,3.5,--,124,43400,卖盘
1042,10:13:12,3.5,--,43,15050,卖盘
1043,10:13:09,3.5,--,25,8750,卖盘
1044,10:13:03,3.5,--,160,56000,卖盘
1045,10:12:54,3.5,--,54,18900,卖盘
1046,10:12:51,3.5,--,102,35700,卖盘
1047,10:12:48,3.5,--,68,23800,卖盘
1048,10:12:45,3.5,--,100,35000,卖盘
1049,10:12:30,3.5,--,1,350,卖盘
1050,10:12:24,3.5,-0.01,20,7000,卖盘
1051,10:12:18,3.51,--,50,17550,买盘
1052,10:12:15,3.51,0.01,1,351,买盘
1053,10:12:12,3.5,--,109,38150,卖盘
1054,10:12:03,3.5,--,46,16100,卖盘
1055,10:11:51,3.5,--,100,35000,卖盘
1056,10:11:36,3.5,--,10,3500,买盘
1057,10:11:33,3.5,0.01,2,700,买盘
1058,10:11:30,3.49,-0.01,372,129828,卖盘
1059,10:11:21,3.5,--,8,2800,买盘
1060,10:11:12,3.5,--,100,35000,买盘
1061,10:11:06,3.5,0.01,50,17500,买盘
1062,10:11:00,3.49,-0.01,30,10470,卖盘
1063,10:10:54,3.5,0.01,12,4200,买盘
1064,10:10:48,3.49,-0.01,8,2792,卖盘
1065,10:10:36,3.5,--,385,134750,买盘
1066,10:10:33,3.5,0.01,19,6650,买盘
1067,10:10:27,3.49,--,14,4886,卖盘
1068,10:10:24,3.49,--,31,10819,卖盘
1069,10:10:15,3.49,--,5,1745,卖盘
1070,10:10:09,3.49,--,199,69451,卖盘
1071,10:10:03,3.49,--,200,69800,卖盘
1072,10:09:57,3.49,--,1229,428921,买盘
1073,10:09:51,3.49,--,14,4886,买盘
1074,10:09:45,3.49,--,44,15356,买盘
1075,10:09:42,3.49,--,20,6980,买盘
1076,10:09:39,3.49,--,13,4537,买盘
1077,10:09:36,3.49,--,104,36296,买盘
1078,10:09:30,3.49,--,62,21638,买盘
1079,10:09:24,3.49,--,52,18148,买盘
1080,10:09:18,3.49,--,550,191950,买盘
1081,10:09:15,3.49,--,1,349,买盘
1082,10:09:12,3.49,--,4,1396,买盘
1083,10:09:00,3.49,--,274,95626,买盘
1084,10:08:57,3.49,--,215,75035,买盘
1085,10:08:54,3.49,--,13,4537,买盘
1086,10:08:51,3.49,--,8,2792,买盘
1087,10:08:48,3.49,--,2,698,买盘
1088,10:08:45,3.49,--,8,2792,买盘
1089,10:08:42,3.49,--,4,1396,买盘
1090,10:08:39,3.49,--,32,11168,买盘
1091,10:08:36,3.49,0.01,10,3490,买盘
1092,10:08:30,3.48,--,40,13920,卖盘
1093,10:08:27,3.48,-0.01,35,12180,卖盘
1094,10:08:21,3.49,--,1,349,买盘
1095,10:08:15,3.49,--,10,3490,买盘
1096,10:08:09,3.49,--,3,1047,买盘
1097,10:07:54,3.49,--,1,349,买盘
1098,10:07:24,3.49,--,32,11168,买盘
1099,10:07:03,3.49,0.01,5,1745,买盘
1100,10:06:27,3.48,--,2,696,卖盘
1101,10:06:12,3.48,--,3,1044,卖盘
1102,10:06:03,3.48,--,10,3480,卖盘
1103,10:05:51,3.48,--,40,13920,卖盘
1104,10:05:45,3.48,--,100,34800,卖盘
1105,10:05:24,3.48,--,16,5568,卖盘
1106,10:05:21,3.48,--,4,1392,卖盘
1107,10:05:03,3.48,--,2,696,买盘
1108,10:04:33,3.48,--,43,14964,买盘
1109,10:04:30,3.48,--,40,13920,买盘
1110,10:04:09,3.48,--,427,148596,卖盘
1111,10:03:57,3.48,--,300,104400,卖盘
1112,10:03:51,3.48,--,10,3480,卖盘
1113,10:03:45,3.48,--,10,3480,卖盘
1114,10:03:06,3.48,--,198,68904,卖盘
1115,10:02:51,3.48,-0.01,35,12180,卖盘
1116,10:02:42,3.49,--,338,117962,卖盘
1117,10:02:33,3.49,--,1122,391578,卖盘
1118,10:02:21,3.49,--,19,6631,卖盘
1119,10:02:18,3.49,--,29,10121,卖盘
1120,10:02:15,3.49,--,61,21289,卖盘
1121,10:02:12,3.49,--,96,33504,卖盘
1122,10:02:09,3.49,-0.01,500,174500,卖盘
1123,10:02:06,3.5,0.01,650,227500,买盘
1124,10:01:36,3.49,--,10,3490,卖盘
1125,10:01:33,3.49,-0.01,10,3490,卖盘
1126,10:01:21,3.5,0.01,15,5250,买盘
1127,10:01:18,3.49,-0.01,2,698,卖盘
1128,10:01:12,3.5,--,1,350,买盘
1129,10:01:00,3.5,--,10,3500,买盘
1130,10:00:39,3.5,--,9,3150,买盘
1131,10:00:36,3.5,--,1011,353850,买盘
1132,10:00:33,3.5,--,2,700,买盘
1133,10:00:21,3.5,--,51,17850,买盘
1134,10:00:18,3.5,--,49,17150,买盘
1135,10:00:15,3.5,0.01,29,10150,买盘
1136,10:00:06,3.49,--,167,58283,卖盘
1137,10:00:03,3.49,--,9,3141,卖盘
1138,09:59:57,3.49,--,2,698,卖盘
1139,09:59:45,3.49,--,20,6980,卖盘
1140,09:59:42,3.49,--,186,64914,卖盘
1141,09:59:36,3.49,0.01,50,17450,中性盘
1142,09:59:33,3.48,-0.01,100,34800,卖盘
1143,09:59:24,3.49,0.01,158,55142,买盘
1144,09:59:03,3.48,--,100,34800,卖盘
1145,09:59:00,3.48,-0.02,20,6960,卖盘
1146,09:58:57,3.5,0.02,900,315000,买盘
1147,09:58:51,3.48,-0.01,19,6612,卖盘
1148,09:58:42,3.49,--,134,46766,卖盘
1149,09:58:33,3.49,--,113,39437,卖盘
1150,09:58:30,3.49,--,50,17450,卖盘
1151,09:58:27,3.49,--,100,34900,卖盘
1152,09:58:12,3.49,--,2,698,卖盘
1153,09:58:09,3.49,--,97,33853,卖盘
1154,09:58:03,3.49,-0.01,100,34900,卖盘
1155,09:57:57,3.5,--,10,3500,买盘
1156,09:57:54,3.5,0.01,7,2450,买盘
1157,09:57:51,3.49,--,20,6980,卖盘
1158,09:57:42,3.49,--,152,53048,卖盘
1159,09:57:33,3.49,-0.01,100,34900,卖盘
1160,09:57:27,3.5,0.01,300,105000,买盘
1161,09:57:24,3.49,-0.01,58,20242,卖盘
1162,09:57:15,3.5,--,34,11900,买盘
1163,09:57:12,3.5,--,20,7000,买盘
1164,09:57:09,3.5,--,6,2100,买盘
1165,09:57:06,3.5,0.01,6,2100,买盘
1166,09:57:03,3.49,--,100,34900,卖盘
1167,09:56:54,3.49,-0.01,10,3490,卖盘
1168,09:56:45,3.5,--,7,2450,买盘
1169,09:56:39,3.5,--,12,4200,买盘
1170,09:56:33,3.5,--,164,57400,买盘
1171,09:56:27,3.5,0.01,137,47950,买盘
1172,09:56:21,3.49,-0.01,9,3141,卖盘
1173,09:56:12,3.5,--,174,60900,买盘
1174,09:56:09,3.5,--,1,350,卖盘
1175,09:56:06,3.5,-0.01,100,35000,卖盘
1176,09:56:03,3.51,--,354,124253,买盘
1177,09:56:00,3.51,--,24,8424,买盘
1178,09:55:57,3.51,0.01,41,14391,买盘
1179,09:55:54,3.5,-0.01,614,214900,卖盘
1180,09:55:51,3.51,0.01,112,39312,买盘
1181,09:55:48,3.5,-0.01,99,34650,卖盘
1182,09:55:42,3.51,0.02,25,8775,买盘
1183,09:55:33,3.49,--,715,249535,卖盘
1184,09:55:27,3.49,--,400,139600,卖盘
1185,09:55:21,3.49,--,149,52001,买盘
1186,09:55:18,3.49,--,96,33504,买盘
1187,09:55:15,3.49,--,10,3490,买盘
1188,09:55:12,3.49,--,80,27920,买盘
1189,09:55:00,3.49,0.01,500,174500,买盘
1190,09:54:57,3.48,--,29,10092,卖盘
1191,09:54:54,3.48,--,4,1392,卖盘
1192,09:54:51,3.48,--,20,6960,卖盘
1193,09:54:45,3.48,--,1234,429432,卖盘
1194,09:54:42,3.48,--,21,7308,卖盘
1195,09:54:39,3.48,--,6580,2289840,买盘
1196,09:54:36,3.48,--,11,3828,买盘
1197,09:54:33,3.48,--,100,34800,买盘
1198,09:54:30,3.48,--,31,10788,买盘
1199,09:54:27,3.48,--,1,348,买盘
1200,09:54:24,3.48,0.01,100,34800,买盘
1201,09:54:15,3.47,-0.01,3,1041,卖盘
1202,09:54:12,3.48,0.01,402,139896,买盘
1203,09:54:09,3.47,-0.01,3,1041,卖盘
1204,09:54:06,3.48,--,27,9396,买盘
1205,09:54:00,3.48,--,4,1392,买盘
1206,09:53:57,3.48,0.01,302,105096,买盘
1207,09:53:54,3.47,--,188,65236,卖盘
1208,09:53:42,3.47,--,22,7634,卖盘
1209,09:53:39,3.47,-0.01,15,5205,卖盘
1210,09:53:27,3.48,--,3,1044,买盘
1211,09:53:24,3.48,0.01,2,696,买盘
1212,09:53:21,3.47,--,6,2082,卖盘
1213,09:53:18,3.47,--,58,20126,卖盘
1214,09:53:15,3.47,-0.01,45,15615,卖盘
1215,09:53:12,3.48,0.01,50,17400,买盘
1216,09:53:03,3.47,--,40,13880,卖盘
1217,09:53:00,3.47,--,25,8675,卖盘
1218,09:52:51,3.47,--,8,2776,卖盘
1219,09:52:45,3.47,--,300,104100,卖盘
1220,09:52:15,3.47,--,300,104100,卖盘
1221,09:52:09,3.47,--,24,8328,卖盘
1222,09:51:51,3.47,-0.01,80,27760,卖盘
1223,09:51:48,3.48,0.01,24,8352,买盘
1224,09:51:45,3.47,--,300,104100,卖盘
1225,09:51:42,3.47,--,53,18391,卖盘
1226,09:51:30,3.47,-0.01,50,17350,卖盘
1227,09:51:21,3.48,0.01,5,1740,买盘
1228,09:51:15,3.47,--,300,104100,卖盘
1229,09:51:09,3.47,-0.01,951,329997,卖盘
1230,09:51:00,3.48,--,1,348,买盘
1231,09:50:51,3.48,0.01,6,2088,买盘
1232,09:50:48,3.47,-0.01,4,1388,卖盘
1233,09:50:45,3.48,0.01,289,100572,买盘
1234,09:50:42,3.47,--,6,2082,卖盘
1235,09:50:36,3.47,-0.01,48,16656,卖盘
1236,09:50:30,3.48,0.01,7,2436,买盘
1237,09:50:27,3.47,--,116,40252,卖盘
1238,09:50:18,3.47,--,1,347,卖盘
1239,09:50:15,3.47,--,40,13880,卖盘
1240,09:50:03,3.47,-0.01,54,18738,卖盘
1241,09:50:00,3.48,0.01,3,1044,买盘
1242,09:49:51,3.47,--,976,338672,卖盘
1243,09:49:27,3.47,-0.01,62,21514,卖盘
1244,09:49:21,3.48,0.01,40,13920,买盘
1245,09:49:18,3.47,--,31,10757,卖盘
1246,09:49:15,3.47,-0.01,50,17350,卖盘
1247,09:49:12,3.48,--,81,28188,买盘
1248,09:49:09,3.48,--,16,5568,买盘
1249,09:49:06,3.48,--,60,20880,买盘
1250,09:49:03,3.48,--,130,45240,买盘
1251,09:49:00,3.48,--,22,7656,买盘
1252,09:48:57,3.48,--,19,6612,买盘
1253,09:48:51,3.48,--,34,11832,买盘
1254,09:48:48,3.48,--,76,26448,买盘
1255,09:48:45,3.48,--,40,13920,买盘
1256,09:48:42,3.48,0.01,100,34800,买盘
1257,09:48:36,3.47,-0.01,8,2776,卖盘
1258,09:48:33,3.48,0.01,29,10092,买盘
1259,09:48:30,3.47,--,1078,374066,买盘
1260,09:48:27,3.47,--,434,150598,买盘
1261,09:48:24,3.47,--,5,1735,买盘
1262,09:48:00,3.47,--,100,34700,买盘
1263,09:47:57,3.47,--,50,17350,买盘
1264,09:47:45,3.47,0.01,27,9369,买盘
1265,09:47:42,3.46,--,14,4844,卖盘
1266,09:47:33,3.46,-0.01,17,5882,卖盘
1267,09:47:21,3.47,--,54,18738,买盘
1268,09:47:12,3.47,0.01,3,1041,买盘
1269,09:47:00,3.46,--,46,15916,卖盘
1270,09:46:54,3.46,-0.01,20,6920,卖盘
1271,09:46:51,3.47,0.01,3,1041,买盘
1272,09:46:48,3.46,--,614,212444,卖盘
1273,09:46:39,3.46,-0.01,1,346,卖盘
1274,09:46:24,3.47,0.01,10,3470,买盘
1275,09:46:15,3.46,-0.01,15,5190,卖盘
1276,09:46:06,3.47,0.01,2,694,买盘
1277,09:45:54,3.46,--,10,3460,卖盘
1278,09:45:48,3.46,--,1430,494780,卖盘
1279,09:45:45,3.46,--,7,2422,卖盘
1280,09:45:30,3.46,--,15,5190,卖盘
1281,09:45:27,3.46,-0.01,50,17300,卖盘
1282,09:45:00,3.47,0.01,1,347,买盘
1283,09:44:57,3.46,--,70,24220,卖盘
1284,09:44:48,3.46,-0.01,2,692,卖盘
1285,09:44:45,3.47,0.01,10,3470,买盘
1286,09:44:30,3.46,--,60,20760,卖盘
1287,09:44:18,3.46,-0.01,2,692,卖盘
1288,09:44:15,3.47,0.01,50,17350,买盘
1289,09:44:00,3.46,--,30,10380,卖盘
1290,09:43:51,3.46,--,10,3460,卖盘
1291,09:43:48,3.46,--,50,17300,卖盘
1292,09:43:45,3.46,--,1,346,卖盘
1293,09:43:30,3.46,--,36,12763,买盘
1294,09:43:27,3.46,0.01,20,6920,买盘
1295,09:43:24,3.45,--,20,6900,卖盘
1296,09:43:18,3.45,-0.01,3,1035,卖盘
1297,09:43:15,3.46,--,68,23566,卖盘
1298,09:43:12,3.46,--,59,20721,买盘
1299,09:43:09,3.46,--,50,17300,买盘
1300,09:43:00,3.46,--,10,3460,买盘
1301,09:42:48,3.46,--,6,2076,买盘
1302,09:42:45,3.46,0.01,11,3806,买盘
1303,09:42:33,3.45,-0.01,249,85905,卖盘
1304,09:42:30,3.46,--,50,17300,买盘
1305,09:42:24,3.46,0.01,80,27680,买盘
1306,09:42:21,3.45,--,42,14490,卖盘
1307,09:42:15,3.45,-0.01,21,7245,卖盘
1308,09:42:12,3.46,--,16,5536,买盘
1309,09:42:09,3.46,--,23,7958,买盘
1310,09:42:06,3.46,--,22,7612,买盘
1311,09:42:03,3.46,--,77,26642,买盘
1312,09:42:00,3.46,--,3,1038,买盘
1313,09:41:54,3.46,-0.01,589,203832,卖盘
1314,09:41:51,3.47,--,2,694,买盘
1315,09:41:48,3.47,0.01,5,1735,买盘
1316,09:41:45,3.46,-0.01,22,7612,卖盘
1317,09:41:42,3.47,0.01,4,1388,买盘
1318,09:41:36,3.46,-0.01,892,308632,卖盘
1319,09:41:33,3.47,--,14,4858,买盘
1320,09:41:30,3.47,0.01,4,1388,买盘
1321,09:41:21,3.46,--,10,3460,卖盘
1322,09:41:09,3.46,-0.01,41,14186,卖盘
1323,09:41:00,3.47,--,99,34353,买盘
1324,09:40:57,3.47,--,49,17003,买盘
1325,09:40:54,3.47,--,54,18738,买盘
1326,09:40:51,3.47,--,147,51009,买盘
1327,09:40:48,3.47,--,49,17003,买盘
1328,09:40:45,3.47,--,50,17350,买盘
1329,09:40:42,3.47,--,97,33659,买盘
1330,09:40:36,3.47,--,16,5552,买盘
1331,09:40:33,3.47,0.01,2,694,买盘
1332,09:40:30,3.46,-0.01,75,25950,卖盘
1333,09:40:24,3.47,0.01,6,2082,买盘
1334,09:40:15,3.46,-0.01,50,17300,卖盘
1335,09:40:12,3.47,0.01,93,32271,买盘
1336,09:40:09,3.46,-0.01,29,10034,卖盘
1337,09:40:03,3.47,0.01,13,4511,买盘
1338,09:40:00,3.46,-0.01,2,692,卖盘
1339,09:39:57,3.47,-0.01,70,24290,卖盘
1340,09:39:54,3.48,0.01,1,348,买盘
1341,09:39:51,3.47,--,51,17697,卖盘
1342,09:39:48,3.47,-0.01,1005,348735,卖盘
1343,09:39:45,3.48,0.01,3,1044,买盘
1344,09:39:42,3.47,-0.01,2,694,卖盘
1345,09:39:33,3.48,0.01,4,1392,买盘
1346,09:39:30,3.47,--,100,34700,卖盘
1347,09:39:24,3.47,-0.01,30,10410,卖盘
1348,09:39:15,3.48,--,2,696,买盘
1349,09:39:03,3.48,--,50,17400,买盘
1350,09:39:00,3.48,--,14,4872,买盘
1351,09:38:57,3.48,--,6,2088,买盘
1352,09:38:54,3.48,--,20,6960,买盘
1353,09:38:45,3.48,0.01,100,34800,买盘
1354,09:38:42,3.47,-0.01,5,1735,卖盘
1355,09:38:36,3.48,--,5,1740,买盘
1356,09:38:33,3.48,--,5,1740,买盘
1357,09:38:30,3.48,--,2,696,买盘
1358,09:38:24,3.48,-0.01,114,39672,卖盘
1359,09:38:21,3.49,--,13,4537,买盘
1360,09:38:15,3.49,0.01,2,698,买盘
1361,09:38:12,3.48,-0.01,239,83172,卖盘
1362,09:38:03,3.49,--,1,349,买盘
1363,09:37:54,3.49,--,12,4188,买盘
1364,09:37:45,3.49,0.01,20,6980,买盘
1365,09:37:39,3.48,-0.01,336,116928,卖盘
1366,09:37:36,3.49,--,49,17101,买盘
1367,09:37:33,3.49,--,6,2094,买盘
1368,09:37:24,3.49,0.01,206,71894,买盘
1369,09:37:21,3.48,--,100,34800,卖盘
1370,09:37:12,3.48,--,100,34800,卖盘
1371,09:37:09,3.48,--,58,20184,买盘
1372,09:37:06,3.48,--,100,34800,买盘
1373,09:37:00,3.48,0.01,49,17052,买盘
1374,09:36:57,3.47,-0.01,100,34700,卖盘
1375,09:36:54,3.48,0.01,541,188268,买盘
1376,09:36:48,3.47,-0.01,60,20820,卖盘
1377,09:36:45,3.48,--,3,1044,买盘
1378,09:36:39,3.48,0.01,30,10440,买盘
1379,09:36:27,3.47,0.01,220,76340,买盘
1380,09:36:21,3.46,-0.01,40,13840,卖盘
1381,09:36:18,3.47,--,249,86403,买盘
1382,09:36:15,3.47,--,3,1041,买盘
1383,09:36:12,3.47,0.01,100,34700,中性盘
1384,09:36:09,3.46,-0.01,506,175076,卖盘
1385,09:36:06,3.47,--,859,298381,买盘
1386,09:36:03,3.47,--,100,34700,买盘
1387,09:35:57,3.47,--,150,52050,买盘
1388,09:35:54,3.47,--,86,29842,买盘
1389,09:35:51,3.47,0.01,5,1735,买盘
1390,09:35:48,3.46,-0.01,8,2768,卖盘
1391,09:35:45,3.47,0.01,98,34006,买盘
1392,09:35:42,3.46,-0.01,2,692,卖盘
1393,09:35:36,3.47,--,6,2082,买盘
1394,09:35:33,3.47,0.01,12,4164,买盘
1395,09:35:27,3.46,--,13,4498,卖盘
1396,09:35:24,3.46,--,18,6228,卖盘
1397,09:35:12,3.46,-0.01,14,4844,卖盘
1398,09:35:09,3.47,--,5,1735,买盘
1399,09:35:06,3.47,0.01,33,11451,买盘
1400,09:34:57,3.46,-0.01,4,1384,卖盘
1401,09:34:54,3.47,0.01,6,2082,买盘
1402,09:34:48,3.46,--,12,4152,卖盘
1403,09:34:42,3.46,-0.01,20,6920,卖盘
1404,09:34:33,3.47,0.01,58,20126,买盘
1405,09:34:21,3.46,-0.01,65,22490,卖盘
1406,09:34:12,3.47,0.01,3,1041,买盘
1407,09:34:06,3.46,-0.01,11,3806,卖盘
1408,09:34:03,3.47,0.01,4,1388,买盘
1409,09:33:57,3.46,-0.01,10,3460,卖盘
1410,09:33:45,3.47,--,5,1735,买盘
1411,09:33:42,3.47,--,2,694,买盘
1412,09:33:33,3.47,--,56,19432,买盘
1413,09:33:27,3.47,0.01,1,347,买盘
1414,09:33:24,3.46,-0.01,97,33562,卖盘
1415,09:33:21,3.47,0.01,50,17350,买盘
1416,09:33:18,3.46,-0.01,56,19376,卖盘
1417,09:33:15,3.47,0.01,5,1735,买盘
1418,09:33:12,3.46,-0.01,200,69200,卖盘
1419,09:33:09,3.47,--,19,6593,买盘
1420,09:33:06,3.47,--,20,6940,买盘
1421,09:33:03,3.47,--,1,347,买盘
1422,09:32:54,3.47,--,82,28454,买盘
1423,09:32:51,3.47,--,12,4164,买盘
1424,09:32:48,3.47,--,18,6246,买盘
1425,09:32:45,3.47,0.01,25,8675,买盘
1426,09:32:36,3.46,0.01,107,37022,买盘
1427,09:32:33,3.45,-0.01,62,21390,卖盘
1428,09:32:30,3.46,--,35,12110,买盘
1429,09:32:24,3.46,--,6,2076,买盘
1430,09:32:21,3.46,-0.01,49,16954,卖盘
1431,09:32:18,3.47,0.01,72,24984,买盘
1432,09:32:15,3.46,-0.01,3,1038,卖盘
1433,09:32:12,3.47,--,2,694,买盘
1434,09:32:06,3.47,--,3,1041,买盘
1435,09:32:00,3.47,--,3,1041,买盘
1436,09:31:48,3.47,0.01,42,14574,买盘
1437,09:31:45,3.46,-0.01,343,118716,卖盘
1438,09:31:42,3.47,-0.01,1088,377536,卖盘
1439,09:31:39,3.48,0.01,3,1044,买盘
1440,09:31:33,3.47,--,1,347,卖盘
1441,09:31:30,3.47,--,3,1041,卖盘
1442,09:31:24,3.47,--,20,6940,卖盘
1443,09:31:15,3.47,--,60,20820,卖盘
1444,09:31:09,3.47,-0.01,11,3817,卖盘
1445,09:31:06,3.48,0.01,119,41412,买盘
1446,09:31:03,3.47,-0.01,11,3817,卖盘
1447,09:31:00,3.48,0.01,74,25752,买盘
1448,09:30:57,3.47,--,8,2776,卖盘
1449,09:30:54,3.47,--,161,55867,卖盘
1450,09:30:51,3.47,--,45,15615,卖盘
1451,09:30:48,3.47,-0.01,92,31924,卖盘
1452,09:30:45,3.48,--,8,2784,买盘
1453,09:30:42,3.48,--,21,7308,买盘
1454,09:30:39,3.48,--,34,11832,买盘
1455,09:30:36,3.48,0.01,79,27492,买盘
1456,09:30:27,3.47,0.02,584,202956,买盘
1457,09:30:21,3.45,--,324,111780,卖盘
1458,09:30:06,3.45,-0.01,15,5175,卖盘
1459,09:30:03,3.46,--,196,67816,卖盘
1460,09:30:00,3.46,--,0,0,卖盘
1461,09:25:03,3.46,3.46,273,94458,买盘
