,time,price,change,volume,amount,type
0,15:00:03,21.63,0.02,946,2046198,买盘
1,14:57:00,21.61,--,5,10805,买盘
2,14:56:57,21.61,-0.01,60,129660,中性盘
3,14:56:54,21.62,--,29,62698,卖盘
4,14:56:45,21.62,0.01,20,43240,买盘
5,14:56:42,21.61,--,83,179363,卖盘
6,14:56:39,21.61,--,26,56186,卖盘
7,14:56:36,21.61,--,14,30254,卖盘
8,14:56:33,21.61,--,3,6483,卖盘
9,14:56:30,21.61,--,10,21610,卖盘
10,14:56:27,21.61,-0.01,10,21610,卖盘
11,14:56:24,21.62,--,9,19458,卖盘
12,14:56:21,21.62,--,53,114586,买盘
13,14:56:18,21.62,--,4,8648,买盘
14,14:56:12,21.62,--,8,17296,买盘
15,14:56:06,21.62,0.01,3,6486,买盘
16,14:56:03,21.61,-0.01,15,32415,卖盘
17,14:56:00,21.62,0.01,38,82156,买盘
18,14:55:57,21.61,--,1,2161,卖盘
19,14:55:51,21.61,--,2,4322,卖盘
20,14:55:48,21.61,--,89,192329,买盘
21,14:55:45,21.61,0.01,31,66991,买盘
22,14:55:42,21.6,--,56,122277,买盘
23,14:55:36,21.6,--,25,54000,买盘
24,14:55:33,21.6,0.01,40,86400,买盘
25,14:55:30,21.59,-0.01,3,6477,卖盘
26,14:55:27,21.6,0.01,5,10800,买盘
27,14:55:24,21.59,0.01,26,56134,买盘
28,14:55:21,21.58,--,5,10790,卖盘
29,14:55:18,21.58,-0.01,1,2158,卖盘
30,14:55:15,21.59,--,9,19431,买盘
31,14:55:12,21.59,--,29,62611,卖盘
32,14:55:09,21.59,-0.01,15,32385,卖盘
33,14:55:06,21.6,0.01,10,21600,买盘
34,14:55:00,21.59,0.02,25,53975,买盘
35,14:54:57,21.57,-0.03,1,2157,卖盘
36,14:54:51,21.6,--,85,183600,买盘
37,14:54:48,21.6,0.01,250,540000,买盘
38,14:54:45,21.59,0.02,3,6477,买盘
39,14:54:42,21.57,--,7,15099,卖盘
40,14:54:39,21.57,-0.01,6,12942,卖盘
41,14:54:36,21.58,-0.01,5,10790,中性盘
42,14:54:33,21.59,0.02,225,485775,买盘
43,14:54:30,21.57,-0.01,11,23727,卖盘
44,14:54:27,21.58,0.01,10,21580,买盘
45,14:54:24,21.57,--,35,75495,买盘
46,14:54:21,21.57,0.01,13,28041,卖盘
47,14:54:18,21.56,-0.01,312,672672,卖盘
48,14:54:15,21.57,--,272,586704,卖盘
49,14:54:12,21.57,--,8,17256,买盘
50,14:54:09,21.57,--,5,10785,买盘
51,14:54:06,21.57,--,8,17256,买盘
52,14:54:00,21.57,-0.01,11,23727,卖盘
53,14:53:57,21.58,--,3,6473,买盘
54,14:53:54,21.58,--,5,10790,买盘
55,14:53:51,21.58,0.01,3,6473,买盘
56,14:53:48,21.57,-0.01,2,4314,卖盘
57,14:53:45,21.58,--,10,21580,买盘
58,14:53:39,21.58,0.01,31,66898,买盘
59,14:53:36,21.57,--,10,21570,买盘
60,14:53:30,21.57,-0.01,40,86280,中性盘
61,14:53:27,21.58,--,93,202010,买盘
62,14:53:21,21.58,0.01,11,23737,买盘
63,14:53:18,21.57,--,74,159618,卖盘
64,14:53:15,21.57,--,9,20254,买盘
65,14:53:12,21.57,--,10,21570,买盘
66,14:53:09,21.57,--,26,56082,买盘
67,14:53:03,21.57,--,20,43140,买盘
68,14:53:00,21.57,--,10,21570,买盘
69,14:52:57,21.57,--,3,6471,买盘
70,14:52:45,21.57,--,6,12942,买盘
71,14:52:39,21.57,-0.01,39,85438,卖盘
72,14:52:36,21.58,--,4,8632,买盘
73,14:52:33,21.58,0.01,10,21580,买盘
74,14:52:24,21.57,--,10,21570,卖盘
75,14:52:21,21.57,-0.01,50,107850,卖盘
76,14:52:18,21.58,0.01,13,28053,买盘
77,14:52:15,21.57,--,50,107850,卖盘
78,14:52:09,21.57,--,139,299823,卖盘
79,14:51:54,21.57,--,6,12942,卖盘
80,14:51:51,21.57,0.01,76,164773,买盘
81,14:51:48,21.56,--,5,10780,卖盘
82,14:51:45,21.56,-0.01,2,4312,卖盘
83,14:51:42,21.57,--,20,43140,买盘
84,14:51:39,21.57,--,20,43140,买盘
85,14:51:36,21.57,--,17,36669,买盘
86,14:51:33,21.57,--,30,64710,买盘
87,14:51:24,21.57,0.01,44,94908,买盘
88,14:51:18,21.56,-0.01,15,32339,卖盘
89,14:51:15,21.57,--,4,8628,买盘
90,14:51:12,21.57,--,30,64710,买盘
91,14:51:06,21.57,--,200,431400,买盘
92,14:51:03,21.57,-0.01,208,449971,卖盘
93,14:50:57,21.58,0.01,18,38844,买盘
94,14:50:51,21.57,--,6,12942,卖盘
95,14:50:48,21.57,-0.01,5,10785,卖盘
96,14:50:45,21.58,0.01,10,21580,买盘
97,14:50:36,21.57,--,35,75495,卖盘
98,14:50:30,21.57,0.01,124,268309,买盘
99,14:50:27,21.56,-0.01,5,10780,卖盘
100,14:50:24,21.57,--,134,289038,买盘
101,14:50:21,21.57,0.01,20,43140,买盘
102,14:50:18,21.56,--,121,260875,卖盘
103,14:50:12,21.56,0.01,7,15092,中性盘
104,14:50:09,21.55,-0.02,1,2155,卖盘
105,14:50:06,21.57,--,19,40983,买盘
106,14:49:57,21.57,--,91,196287,买盘
107,14:49:48,21.57,0.02,66,142362,买盘
108,14:49:42,21.55,--,12,27950,卖盘
109,14:49:39,21.55,-0.02,20,43100,卖盘
110,14:49:36,21.57,0.02,34,73402,买盘
111,14:49:27,21.55,--,1,2155,卖盘
112,14:49:15,21.55,-0.01,230,495650,卖盘
113,14:49:12,21.56,--,4,8624,买盘
114,14:49:09,21.56,--,9,19404,买盘
115,14:49:03,21.56,-0.01,17,38743,卖盘
116,14:49:00,21.57,0.01,46,99222,买盘
117,14:48:57,21.56,-0.01,2,4312,卖盘
118,14:48:54,21.57,0.01,30,64710,买盘
119,14:48:51,21.56,--,43,92708,卖盘
120,14:48:48,21.56,-0.01,50,107864,卖盘
121,14:48:45,21.57,--,100,215700,买盘
122,14:48:42,21.57,--,21,45297,买盘
123,14:48:39,21.57,--,4,8628,买盘
124,14:48:30,21.57,0.01,30,64710,买盘
125,14:48:27,21.56,--,1,2156,卖盘
126,14:48:21,21.56,-0.01,19,40964,卖盘
127,14:48:18,21.57,--,1,2157,买盘
128,14:48:06,21.57,--,47,102759,卖盘
129,14:48:00,21.57,--,24,52544,买盘
130,14:47:54,21.57,0.01,11,23727,买盘
131,14:47:51,21.56,-0.01,26,56056,卖盘
132,14:47:39,21.57,0.01,10,21570,买盘
133,14:47:36,21.56,--,20,43120,卖盘
134,14:47:30,21.56,--,97,209132,卖盘
135,14:47:27,21.56,--,8,17248,卖盘
136,14:47:24,21.56,--,8,17248,卖盘
137,14:47:21,21.56,--,13,28028,卖盘
138,14:47:18,21.56,--,25,53900,买盘
139,14:47:15,21.56,0.01,5,10780,买盘
140,14:47:12,21.55,--,8,17240,卖盘
141,14:47:03,21.55,--,12,25860,卖盘
142,14:47:00,21.55,-0.01,3,6465,卖盘
143,14:46:57,21.56,0.01,30,64679,买盘
144,14:46:48,21.55,--,27,58185,卖盘
145,14:46:45,21.55,--,18,38790,买盘
146,14:46:39,21.55,--,1,2155,中性盘
147,14:46:36,21.55,--,33,71115,买盘
148,14:46:33,21.55,--,12,25860,卖盘
149,14:46:27,21.55,-0.01,2,4310,卖盘
150,14:46:21,21.56,0.01,21,45276,买盘
151,14:46:18,21.55,-0.01,31,66805,卖盘
152,14:46:00,21.56,--,3,6468,买盘
153,14:45:57,21.56,0.01,11,23716,中性盘
154,14:45:48,21.55,-0.02,26,56030,卖盘
155,14:45:45,21.57,--,3,6471,买盘
156,14:45:39,21.57,--,4,10008,卖盘
157,14:45:36,21.57,-0.01,9,19413,卖盘
158,14:45:27,21.58,-0.01,11,23737,中性盘
159,14:45:24,21.59,0.02,4,8636,买盘
160,14:45:18,21.57,-0.02,27,58239,卖盘
161,14:45:15,21.59,0.01,12,25908,买盘
162,14:45:12,21.58,--,53,114373,卖盘
163,14:45:09,21.58,--,10,21580,卖盘
164,14:45:03,21.58,--,40,86320,卖盘
165,14:44:57,21.58,--,50,107899,卖盘
166,14:44:54,21.58,--,17,36686,卖盘
167,14:44:51,21.58,--,6,12947,卖盘
168,14:44:48,21.58,--,38,82004,卖盘
169,14:44:42,21.58,--,3,6473,卖盘
170,14:44:39,21.58,-0.01,0,1079,卖盘
171,14:44:36,21.59,--,18,38862,卖盘
172,14:44:30,21.59,--,5,10795,卖盘
173,14:44:27,21.59,--,2,4318,卖盘
174,14:44:24,21.59,0.01,16,34544,买盘
175,14:44:21,21.58,--,2,4316,卖盘
176,14:44:18,21.58,-0.01,30,64739,卖盘
177,14:44:12,21.59,0.01,96,207264,买盘
178,14:44:09,21.58,--,1,2158,卖盘
179,14:44:06,21.58,-0.01,70,151060,卖盘
180,14:44:03,21.59,0.01,8,17272,买盘
181,14:44:00,21.58,--,2,4316,卖盘
182,14:43:57,21.58,--,2,4316,卖盘
183,14:43:48,21.58,-0.01,29,62581,卖盘
184,14:43:42,21.59,--,15,32385,卖盘
185,14:43:36,21.59,--,5,10795,卖盘
186,14:43:30,21.59,--,6,12954,卖盘
187,14:43:27,21.59,0.01,3,6477,中性盘
188,14:43:18,21.58,--,28,60423,卖盘
189,14:43:15,21.58,-0.01,17,36686,卖盘
190,14:43:12,21.59,0.01,6,12954,买盘
191,14:43:09,21.58,-0.01,5,10790,卖盘
192,14:43:06,21.59,--,56,120904,买盘
193,14:43:03,21.59,0.01,10,21590,买盘
194,14:43:00,21.58,--,1,2158,卖盘
195,14:42:57,21.58,--,32,69056,卖盘
196,14:42:54,21.58,--,2,4316,卖盘
197,14:42:48,21.58,--,27,58265,卖盘
198,14:42:45,21.58,--,1,2158,卖盘
199,14:42:33,21.58,--,140,302120,卖盘
200,14:42:30,21.58,-0.01,1,2158,卖盘
201,14:42:27,21.59,0.01,5,10795,中性盘
202,14:42:18,21.58,-0.02,36,77688,卖盘
203,14:42:12,21.6,--,10,21600,卖盘
204,14:41:57,21.6,0.02,14,30240,买盘
205,14:41:54,21.58,-0.02,100,215799,卖盘
206,14:41:51,21.6,0.02,11,23760,买盘
207,14:41:48,21.58,-0.02,27,58265,卖盘
208,14:41:45,21.6,--,12,25920,买盘
209,14:41:18,21.6,0.01,42,90720,中性盘
210,14:41:12,21.59,-0.01,20,43180,卖盘
211,14:41:06,21.6,--,12,27216,买盘
212,14:41:00,21.6,0.01,10,21600,买盘
213,14:40:57,21.59,--,1,2159,卖盘
214,14:40:54,21.59,-0.01,4,8636,卖盘
215,14:40:51,21.6,0.01,130,280800,买盘
216,14:40:48,21.59,--,71,153289,卖盘
217,14:40:42,21.59,--,1,2159,卖盘
218,14:40:39,21.59,--,10,21590,卖盘
219,14:40:33,21.59,--,121,261239,买盘
220,14:40:30,21.59,0.01,8,17272,买盘
221,14:40:27,21.58,-0.01,20,43160,卖盘
222,14:40:18,21.59,--,62,135995,卖盘
223,14:40:09,21.59,--,10,21590,卖盘
224,14:40:06,21.59,0.01,0,21,买盘
225,14:40:03,21.58,-0.01,64,138112,卖盘
226,14:39:54,21.59,--,15,32385,卖盘
227,14:39:33,21.59,--,38,82042,卖盘
228,14:39:24,21.59,--,24,51816,卖盘
229,14:39:18,21.59,--,5,10795,卖盘
230,14:39:12,21.59,0.01,6,12954,中性盘
231,14:39:03,21.58,--,8,17264,卖盘
232,14:39:00,21.58,--,12,25895,卖盘
233,14:38:57,21.58,-0.01,33,71214,卖盘
234,14:38:51,21.59,0.01,23,49657,买盘
235,14:38:39,21.58,-0.02,5,10790,卖盘
236,14:38:24,21.6,0.01,25,54000,买盘
237,14:38:21,21.59,--,3,6477,买盘
238,14:38:15,21.59,--,2,6045,卖盘
239,14:38:12,21.59,--,11,23749,卖盘
240,14:38:09,21.59,--,2,4318,卖盘
241,14:38:03,21.59,--,1,2159,卖盘
242,14:37:54,21.59,--,2,4318,卖盘
243,14:37:45,21.59,--,0,431,卖盘
244,14:37:36,21.59,--,2,4318,卖盘
245,14:37:33,21.59,0.01,6,12954,买盘
246,14:37:30,21.58,-0.01,9,19422,卖盘
247,14:37:18,21.59,-0.01,10,21590,卖盘
248,14:37:15,21.6,0.01,1,2160,买盘
249,14:37:12,21.59,-0.01,1,2159,卖盘
250,14:36:57,21.6,--,35,76960,卖盘
251,14:36:54,21.6,--,32,69120,卖盘
252,14:36:51,21.6,--,21,45360,卖盘
253,14:36:48,21.6,-0.01,127,274449,卖盘
254,14:36:45,21.61,0.01,52,112372,买盘
255,14:36:39,21.6,--,11,23760,卖盘
256,14:36:33,21.6,--,29,62640,卖盘
257,14:36:27,21.6,-0.01,2,4320,卖盘
258,14:36:21,21.61,--,68,149044,卖盘
259,14:36:15,21.61,--,3,6483,卖盘
260,14:36:00,21.61,--,11,23771,卖盘
261,14:35:54,21.61,--,0,64,卖盘
262,14:35:51,21.61,--,10,21610,卖盘
263,14:35:48,21.61,-0.01,6,12966,卖盘
264,14:35:39,21.62,0.01,5,10810,买盘
265,14:35:33,21.61,-0.01,4,8644,卖盘
266,14:35:24,21.62,--,10,21620,买盘
267,14:35:21,21.62,0.01,2,4324,买盘
268,14:35:18,21.61,-0.01,43,92923,卖盘
269,14:35:12,21.62,0.01,23,49726,买盘
270,14:35:03,21.61,--,20,43220,卖盘
271,14:35:00,21.61,-0.01,9,19449,卖盘
272,14:34:57,21.62,--,5,10810,买盘
273,14:34:51,21.62,0.01,48,103776,买盘
274,14:34:36,21.61,--,9,19449,卖盘
275,14:34:24,21.61,-0.01,2,4322,卖盘
276,14:34:21,21.62,0.01,3,6486,买盘
277,14:34:18,21.61,--,11,23771,卖盘
278,14:34:15,21.61,-0.01,5,10805,卖盘
279,14:34:12,21.62,--,30,64860,买盘
280,14:34:03,21.62,--,2,4324,买盘
281,14:33:54,21.62,--,7,15134,买盘
282,14:33:51,21.62,--,55,118910,卖盘
283,14:33:42,21.62,--,2,4324,卖盘
284,14:33:36,21.62,-0.01,3,6486,卖盘
285,14:33:33,21.63,-0.02,19,41097,卖盘
286,14:33:27,21.65,0.02,84,181860,买盘
287,14:33:24,21.63,-0.02,5,10815,卖盘
288,14:33:21,21.65,0.02,13,28144,买盘
289,14:33:15,21.63,-0.02,2,4326,卖盘
290,14:33:06,21.65,--,15,32474,买盘
291,14:33:00,21.65,--,6,12990,买盘
292,14:32:54,21.65,-0.01,12,28015,卖盘
293,14:32:51,21.66,--,4,8664,买盘
294,14:32:48,21.66,0.01,6,12996,买盘
295,14:32:42,21.65,--,34,73610,卖盘
296,14:32:39,21.65,--,3,6495,卖盘
297,14:32:36,21.65,-0.01,39,84435,卖盘
298,14:32:33,21.66,--,47,101802,买盘
299,14:32:27,21.66,--,1,2166,买盘
300,14:32:24,21.66,--,10,21660,买盘
301,14:32:15,21.66,--,8,17328,买盘
302,14:32:03,21.66,--,31,67146,卖盘
303,14:32:00,21.66,0.01,4,8664,买盘
304,14:31:57,21.65,--,5,10825,卖盘
305,14:31:54,21.65,--,13,28144,卖盘
306,14:31:51,21.65,--,3,6495,卖盘
307,14:31:48,21.65,--,5,10825,卖盘
308,14:31:42,21.65,-0.01,44,95260,卖盘
309,14:31:39,21.66,0.01,62,134898,买盘
310,14:31:36,21.65,--,3,8183,卖盘
311,14:31:33,21.65,-0.01,1,2165,卖盘
312,14:31:27,21.66,0.02,109,236094,买盘
313,14:31:24,21.64,-0.01,1,2164,卖盘
314,14:31:21,21.65,--,1,2165,买盘
315,14:31:15,21.65,--,40,86600,买盘
316,14:31:03,21.65,--,6,12990,买盘
317,14:30:57,21.65,--,56,121239,买盘
318,14:30:54,21.65,--,1,2165,买盘
319,14:30:51,21.65,--,6,12990,买盘
320,14:30:45,21.65,--,77,166705,买盘
321,14:30:42,21.65,0.03,1,2165,买盘
322,14:30:39,21.62,-0.03,10,21620,卖盘
323,14:30:36,21.65,--,8,17320,买盘
324,14:30:30,21.65,--,8,17320,买盘
325,14:30:27,21.65,0.01,95,205675,买盘
326,14:30:21,21.64,--,2,4328,买盘
327,14:30:18,21.64,--,26,56264,买盘
328,14:30:15,21.64,--,10,21640,买盘
329,14:30:09,21.64,--,14,30296,买盘
330,14:30:03,21.64,--,20,43280,买盘
331,14:30:00,21.64,--,20,43280,买盘
332,14:29:57,21.64,--,12,25968,买盘
333,14:29:51,21.64,0.01,32,69248,买盘
334,14:29:48,21.63,-0.01,14,30282,买盘
335,14:29:45,21.64,--,13,28132,买盘
336,14:29:36,21.64,--,10,21640,买盘
337,14:29:33,21.64,0.02,33,71412,买盘
338,14:29:18,21.62,--,98,211919,买盘
339,14:28:57,21.62,--,4,8648,买盘
340,14:28:51,21.62,--,5,10810,买盘
341,14:28:42,21.62,--,56,123190,卖盘
342,14:28:24,21.62,--,8,17339,买盘
343,14:28:18,21.62,--,10,21620,买盘
344,14:28:12,21.62,--,40,86480,买盘
345,14:28:06,21.62,--,5,10810,买盘
346,14:28:00,21.62,--,18,38916,买盘
347,14:27:48,21.62,0.01,3,6486,买盘
348,14:27:33,21.61,--,31,66991,买盘
349,14:27:18,21.61,0.01,12,25932,买盘
350,14:27:12,21.6,-0.01,1,2160,卖盘
351,14:27:09,21.61,0.01,1,2161,买盘
352,14:27:03,21.6,-0.01,1,2160,卖盘
353,14:26:48,21.61,0.01,23,49703,买盘
354,14:26:36,21.6,--,6,12960,卖盘
355,14:26:30,21.6,--,5,10800,卖盘
356,14:26:27,21.6,--,23,49680,卖盘
357,14:26:24,21.6,--,39,84240,卖盘
358,14:26:09,21.6,--,3,6480,卖盘
359,14:25:57,21.6,--,26,56160,卖盘
360,14:25:51,21.6,-0.02,5,10800,卖盘
361,14:25:45,21.62,--,80,172960,买盘
362,14:25:42,21.62,0.01,4,8648,买盘
363,14:25:39,21.61,--,3,6634,买盘
364,14:25:36,21.61,--,16,36585,卖盘
365,14:25:21,21.61,--,14,30405,买盘
366,14:25:15,21.61,--,0,2009,卖盘
367,14:25:09,21.61,--,4,8644,卖盘
368,14:25:06,21.61,--,4,8644,卖盘
369,14:25:00,21.61,-0.01,0,151,卖盘
370,14:24:51,21.62,0.01,4,8648,买盘
371,14:24:48,21.61,--,10,21610,卖盘
372,14:24:45,21.61,-0.01,8,17288,卖盘
373,14:24:27,21.62,--,4,8648,买盘
374,14:24:21,21.62,--,25,56168,卖盘
375,14:24:12,21.62,--,5,10810,卖盘
376,14:24:06,21.62,--,13,28106,卖盘
377,14:24:03,21.62,--,15,32430,卖盘
378,14:23:57,21.62,--,5,10810,卖盘
379,14:23:54,21.62,--,3,6486,卖盘
380,14:23:51,21.62,--,2,4324,卖盘
381,14:23:48,21.62,--,10,21620,卖盘
382,14:23:42,21.62,--,0,43,卖盘
383,14:23:30,21.62,-0.01,10,21620,卖盘
384,14:23:18,21.63,0.01,7,15141,买盘
385,14:23:15,21.62,-0.01,10,21620,卖盘
386,14:23:06,21.63,0.01,5,10815,买盘
387,14:23:00,21.62,-0.01,2,4324,卖盘
388,14:22:57,21.63,0.01,2,4326,买盘
389,14:22:48,21.62,--,79,170798,买盘
390,14:22:45,21.62,--,5,10810,买盘
391,14:22:42,21.62,-0.01,5,10810,买盘
392,14:22:30,21.63,0.01,15,32445,买盘
393,14:22:21,21.62,--,5,10810,卖盘
394,14:22:18,21.62,--,5,10810,卖盘
395,14:22:09,21.62,--,9,19458,卖盘
396,14:21:54,21.62,-0.01,7,15134,卖盘
397,14:21:39,21.63,0.01,5,10815,中性盘
398,14:21:21,21.62,--,1,2162,卖盘
399,14:21:03,21.62,-0.02,4,8648,卖盘
400,14:21:00,21.64,--,4,8656,买盘
401,14:20:57,21.64,--,4,8656,买盘
402,14:20:51,21.64,0.02,2,4328,买盘
403,14:20:48,21.62,-0.01,11,23782,卖盘
404,14:20:45,21.63,-0.02,1,2163,中性盘
405,14:20:42,21.65,0.02,300,649500,买盘
406,14:20:36,21.63,--,2,4326,买盘
407,14:20:24,21.63,-0.01,7,15141,卖盘
408,14:20:15,21.64,0.01,4,8656,买盘
409,14:20:06,21.63,--,11,23793,卖盘
410,14:19:57,21.63,--,11,23793,卖盘
411,14:19:54,21.63,-0.01,6,12978,买盘
412,14:19:42,21.64,0.01,45,97380,买盘
413,14:19:36,21.63,--,1,2163,卖盘
414,14:19:33,21.63,0.01,4,8652,卖盘
415,14:19:09,21.62,0.02,13,28106,买盘
416,14:18:48,21.6,-0.02,10,21600,卖盘
417,14:18:42,21.62,--,15,32430,买盘
418,14:18:39,21.62,-0.02,12,25944,中性盘
419,14:18:33,21.64,0.02,180,389520,买盘
420,14:18:15,21.62,--,5,10810,买盘
421,14:18:12,21.62,0.02,20,43240,中性盘
422,14:18:03,21.6,-0.04,5,10800,卖盘
423,14:17:54,21.64,0.02,7,15234,买盘
424,14:17:51,21.62,-0.02,2,4324,卖盘
425,14:17:36,21.64,--,8,17312,买盘
426,14:17:33,21.64,0.01,100,216400,买盘
427,14:17:27,21.63,-0.01,41,88683,卖盘
428,14:17:18,21.64,--,10,21640,买盘
429,14:17:12,21.64,--,3,6492,买盘
430,14:17:03,21.64,0.01,47,101708,买盘
431,14:16:57,21.63,0.01,1,2227,买盘
432,14:16:54,21.62,--,10,21771,卖盘
433,14:16:45,21.62,--,34,73508,买盘
434,14:16:36,21.62,0.02,42,91020,买盘
435,14:16:33,21.6,--,42,90720,买盘
436,14:16:30,21.6,--,4,8640,买盘
437,14:16:24,21.6,0.01,10,21600,买盘
438,14:16:12,21.59,--,16,34544,买盘
439,14:16:06,21.59,--,8,17272,买盘
440,14:15:54,21.59,--,31,66929,买盘
441,14:15:39,21.59,0.01,3,6477,买盘
442,14:15:27,21.58,--,7,15105,买盘
443,14:15:24,21.58,--,20,43160,买盘
444,14:15:21,21.58,0.01,5,10790,买盘
445,14:15:15,21.57,--,6,12942,卖盘
446,14:15:09,21.57,--,2,4314,卖盘
447,14:15:00,21.57,--,27,58799,买盘
448,14:14:57,21.57,--,12,25884,买盘
449,14:14:54,21.57,--,10,21570,买盘
450,14:14:48,21.57,0.01,20,43140,买盘
451,14:14:45,21.56,-0.01,5,10780,卖盘
452,14:14:39,21.57,--,22,47454,买盘
453,14:14:21,21.57,0.01,10,21570,买盘
454,14:14:15,21.56,--,20,43120,卖盘
455,14:14:12,21.56,0.01,37,79772,买盘
456,14:14:09,21.55,--,100,215500,买盘
457,14:13:48,21.55,--,2,4310,买盘
458,14:13:33,21.55,0.01,2,6249,买盘
459,14:13:30,21.54,--,0,215,卖盘
460,14:13:12,21.54,--,4,10554,买盘
461,14:13:09,21.54,--,1,2369,卖盘
462,14:12:54,21.54,--,24,53634,卖盘
463,14:12:51,21.54,--,9,19386,卖盘
464,14:12:42,21.54,--,17,36618,卖盘
465,14:12:39,21.54,--,6,12924,卖盘
466,14:12:33,21.54,--,8,17232,卖盘
467,14:12:30,21.54,-0.01,12,25848,卖盘
468,14:12:24,21.55,0.01,10,21550,买盘
469,14:12:06,21.54,--,10,21540,卖盘
470,14:12:03,21.54,0.01,26,56004,买盘
471,14:11:39,21.53,--,1,2153,卖盘
472,14:11:33,21.53,--,1,2153,卖盘
473,14:11:30,21.53,--,1,2153,卖盘
474,14:11:27,21.53,--,1,2153,卖盘
475,14:11:24,21.53,--,11,23683,卖盘
476,14:11:21,21.53,--,11,23683,卖盘
477,14:11:15,21.53,--,15,32295,卖盘
478,14:11:09,21.53,--,64,137792,卖盘
479,14:11:00,21.53,--,10,21530,卖盘
480,14:10:54,21.53,-0.01,4,8612,卖盘
481,14:10:48,21.54,--,10,21540,买盘
482,14:10:36,21.54,--,10,21540,买盘
483,14:10:30,21.54,-0.01,32,68928,卖盘
484,14:10:27,21.55,--,3,6465,买盘
485,14:10:03,21.55,--,12,25860,买盘
486,14:10:00,21.55,--,1,2155,卖盘
487,14:09:51,21.55,--,2,4310,卖盘
488,14:09:21,21.55,--,17,36635,买盘
489,14:09:15,21.55,--,10,21550,买盘
490,14:08:39,21.55,--,20,43100,卖盘
491,14:08:33,21.55,-0.01,10,21550,卖盘
492,14:08:27,21.56,0.01,24,51744,买盘
493,14:08:24,21.55,-0.01,14,30170,卖盘
494,14:08:21,21.56,0.01,1,2156,买盘
495,14:08:06,21.55,--,2,4310,卖盘
496,14:07:57,21.55,0.02,65,140075,买盘
497,14:07:48,21.53,-0.01,40,86120,卖盘
498,14:07:42,21.54,--,5,10770,卖盘
499,14:07:36,21.54,--,5,10770,买盘
500,14:07:30,21.54,--,31,66774,卖盘
501,14:07:27,21.54,--,7,15078,卖盘
502,14:06:57,21.54,-0.01,10,21540,卖盘
503,14:06:54,21.55,0.01,4,8620,中性盘
504,14:06:45,21.54,-0.01,5,10770,卖盘
505,14:06:42,21.55,0.02,3,6465,买盘
506,14:06:24,21.53,-0.03,35,75355,卖盘
507,14:06:18,21.56,0.02,19,40964,买盘
508,14:06:09,21.54,-0.01,35,75390,卖盘
509,14:06:03,21.55,--,1,2155,卖盘
510,14:06:00,21.55,--,8,17240,买盘
511,14:05:54,21.55,--,10,21550,买盘
512,14:05:48,21.55,--,1,2155,买盘
513,14:05:42,21.55,--,5,10775,买盘
514,14:05:18,21.55,0.03,4,8620,买盘
515,14:04:57,21.52,-0.03,204,440815,卖盘
516,14:04:54,21.55,0.02,9,19395,买盘
517,14:04:48,21.53,-0.01,10,21530,卖盘
518,14:04:45,21.54,0.02,1,2154,中性盘
519,14:04:30,21.52,-0.01,60,129120,卖盘
520,14:04:27,21.53,--,1,2153,买盘
521,14:04:24,21.53,--,5,10765,买盘
522,14:04:21,21.53,0.01,29,62437,买盘
523,14:04:09,21.52,--,22,47344,买盘
524,14:04:06,21.52,--,12,25824,买盘
525,14:04:03,21.52,0.01,52,111904,买盘
526,14:04:00,21.51,--,6,12906,卖盘
527,14:03:57,21.51,-0.01,54,116154,卖盘
528,14:03:54,21.52,--,10,21520,买盘
529,14:03:51,21.52,--,11,23672,买盘
530,14:03:45,21.52,--,44,94688,买盘
531,14:03:39,21.52,--,10,21520,买盘
532,14:03:33,21.52,--,26,55952,买盘
533,14:03:30,21.52,--,4,8608,买盘
534,14:03:24,21.52,0.01,100,215200,买盘
535,14:03:21,21.51,-0.01,5,10755,卖盘
536,14:03:18,21.52,0.01,10,21520,买盘
537,14:03:12,21.51,--,1,2151,卖盘
538,14:03:09,21.51,-0.01,2,4302,卖盘
539,14:03:03,21.52,0.01,10,21520,买盘
540,14:03:00,21.51,-0.01,10,21510,卖盘
541,14:02:48,21.52,0.01,10,21520,买盘
542,14:02:45,21.51,-0.01,109,234459,卖盘
543,14:02:42,21.52,0.01,11,23672,买盘
544,14:02:30,21.51,-0.01,23,49473,卖盘
545,14:02:24,21.52,--,74,159248,买盘
546,14:02:18,21.52,0.01,15,32280,买盘
547,14:02:15,21.51,-0.01,26,55926,卖盘
548,14:02:09,21.52,--,20,43040,买盘
549,14:02:06,21.52,--,2,4304,买盘
550,14:02:03,21.52,--,6,12912,卖盘
551,14:02:00,21.52,--,5,10760,卖盘
552,14:01:57,21.52,--,9,19368,卖盘
553,14:01:54,21.52,--,15,32280,卖盘
554,14:01:51,21.52,-0.01,5,10760,卖盘
555,14:01:45,21.53,--,20,43060,买盘
556,14:01:36,21.53,-0.01,27,58131,卖盘
557,14:01:27,21.54,0.01,1,2154,买盘
558,14:01:21,21.53,-0.02,1,2153,卖盘
559,14:01:12,21.55,0.01,5,10775,买盘
560,14:01:09,21.54,-0.01,47,101238,卖盘
561,14:01:06,21.55,0.01,125,269375,买盘
562,14:01:03,21.54,--,15,32310,卖盘
563,14:01:00,21.54,--,5,10770,卖盘
564,14:00:57,21.54,--,81,174474,卖盘
565,14:00:54,21.54,--,10,21540,卖盘
566,14:00:51,21.54,--,203,437262,卖盘
567,14:00:48,21.54,--,13,28002,卖盘
568,14:00:42,21.54,--,10,21540,卖盘
569,14:00:39,21.54,-0.01,100,215400,卖盘
570,14:00:33,21.55,--,91,196105,卖盘
571,14:00:30,21.55,--,1,2155,卖盘
572,14:00:27,21.55,--,8,17240,卖盘
573,14:00:24,21.55,--,41,88355,卖盘
574,14:00:21,21.55,--,5,10775,卖盘
575,14:00:15,21.55,--,6,12930,卖盘
576,14:00:12,21.55,-0.02,51,110120,卖盘
577,14:00:03,21.57,0.01,3,6471,买盘
578,14:00:00,21.56,--,5,10780,卖盘
579,13:59:57,21.56,--,19,40964,卖盘
580,13:59:54,21.56,--,25,53900,卖盘
581,13:59:48,21.56,-0.01,14,30184,卖盘
582,13:59:45,21.57,-0.02,101,219453,卖盘
583,13:59:42,21.59,0.01,18,38862,买盘
584,13:59:39,21.58,--,20,43160,卖盘
585,13:59:33,21.58,--,36,77688,卖盘
586,13:59:27,21.58,--,5,10790,卖盘
587,13:59:18,21.58,--,1,2158,卖盘
588,13:59:15,21.58,-0.02,3,6473,卖盘
589,13:59:12,21.6,0.01,35,75600,买盘
590,13:59:09,21.59,0.01,17,37264,中性盘
591,13:59:03,21.58,-0.02,5,10790,卖盘
592,13:59:00,21.6,0.02,75,162000,买盘
593,13:58:45,21.58,-0.02,18,38844,卖盘
594,13:58:42,21.6,0.01,133,287280,买盘
595,13:58:36,21.59,--,77,166243,买盘
596,13:58:18,21.59,0.02,51,110109,买盘
597,13:58:15,21.57,-0.01,21,47238,卖盘
598,13:58:12,21.58,0.01,17,36901,买盘
599,13:57:57,21.57,--,3,6471,卖盘
600,13:57:51,21.57,-0.01,39,84123,中性盘
601,13:57:36,21.58,-0.01,21,47260,卖盘
602,13:57:27,21.59,0.01,2,4318,买盘
603,13:57:18,21.58,--,1,2158,卖盘
604,13:57:15,21.58,--,4,8632,卖盘
605,13:57:06,21.58,--,1,2158,卖盘
606,13:57:03,21.58,-0.01,28,60423,卖盘
607,13:57:00,21.59,0.01,3,6477,买盘
608,13:56:57,21.58,--,19,41002,卖盘
609,13:56:54,21.58,-0.01,14,30211,卖盘
610,13:56:51,21.59,0.01,5,11010,买盘
611,13:56:48,21.58,--,5,10790,卖盘
612,13:56:42,21.58,--,20,43160,卖盘
613,13:56:36,21.58,-0.01,50,107899,卖盘
614,13:56:21,21.59,--,30,64770,卖盘
615,13:56:15,21.59,--,9,19431,卖盘
616,13:56:12,21.59,--,42,90678,买盘
617,13:56:09,21.59,--,15,32385,买盘
618,13:56:03,21.59,--,8,17272,卖盘
619,13:56:00,21.59,--,18,38862,卖盘
620,13:55:57,21.59,--,1,2159,卖盘
621,13:55:39,21.59,--,1,2159,卖盘
622,13:55:27,21.59,0.01,34,73406,买盘
623,13:55:21,21.58,--,10,21580,卖盘
624,13:55:15,21.58,-0.01,8,17264,卖盘
625,13:55:06,21.59,0.01,3,6477,买盘
626,13:54:48,21.58,--,2,4316,卖盘
627,13:54:42,21.58,--,11,23737,卖盘
628,13:54:36,21.58,0.01,50,107899,买盘
629,13:54:30,21.57,--,11,23727,卖盘
630,13:54:18,21.57,-0.01,10,21570,卖盘
631,13:54:12,21.58,--,12,25895,买盘
632,13:54:06,21.58,--,1,2158,买盘
633,13:54:00,21.58,--,3,6473,卖盘
634,13:53:45,21.58,--,7,15105,卖盘
635,13:53:39,21.58,--,5,10790,卖盘
636,13:53:33,21.58,--,5,10790,卖盘
637,13:53:30,21.58,--,16,34528,卖盘
638,13:53:18,21.58,--,50,107899,卖盘
639,13:53:12,21.58,--,14,30211,卖盘
640,13:53:09,21.58,-0.01,5,10790,卖盘
641,13:53:03,21.59,0.01,1,2159,买盘
642,13:52:57,21.58,--,23,49633,卖盘
643,13:52:54,21.58,--,10,21580,卖盘
644,13:52:48,21.58,--,2,4316,卖盘
645,13:52:39,21.58,--,5,10790,卖盘
646,13:52:15,21.58,-0.01,12,25895,卖盘
647,13:52:09,21.59,--,7,15113,买盘
648,13:52:03,21.59,--,6,12954,买盘
649,13:51:54,21.59,--,1,2159,买盘
650,13:51:48,21.59,0.03,6,12954,中性盘
651,13:51:33,21.56,--,5,10780,卖盘
652,13:51:30,21.56,-0.03,120,258719,卖盘
653,13:51:15,21.59,--,1,2159,买盘
654,13:51:06,21.59,--,1,2159,买盘
655,13:50:54,21.59,-0.01,3,6477,中性盘
656,13:50:48,21.6,--,107,231120,买盘
657,13:50:45,21.6,-0.01,1,2160,卖盘
658,13:50:42,21.61,0.02,14,30254,买盘
659,13:50:36,21.59,0.01,1,2159,中性盘
660,13:50:27,21.58,--,90,194219,卖盘
661,13:50:09,21.58,-0.03,17,36686,卖盘
662,13:49:57,21.61,-0.01,24,51864,卖盘
663,13:49:48,21.62,0.01,19,41078,买盘
664,13:49:39,21.61,--,3,6483,买盘
665,13:49:30,21.61,--,2,4322,买盘
666,13:49:18,21.61,-0.01,2,4322,卖盘
667,13:49:12,21.62,0.01,7,15134,买盘
668,13:49:09,21.61,--,2,4322,卖盘
669,13:49:06,21.61,0.01,2,4322,中性盘
670,13:48:51,21.6,-0.02,10,21600,卖盘
671,13:48:48,21.62,0.02,2,4324,买盘
672,13:48:42,21.6,--,5,10800,卖盘
673,13:48:36,21.6,--,1,2160,卖盘
674,13:48:30,21.6,0.01,107,231120,买盘
675,13:48:21,21.59,0.01,7,15113,买盘
676,13:48:15,21.58,-0.01,1,2158,卖盘
677,13:48:09,21.59,--,14,30226,买盘
678,13:48:06,21.59,0.01,10,21590,买盘
679,13:47:57,21.58,--,1,2158,卖盘
680,13:47:54,21.58,0.01,45,97109,买盘
681,13:47:45,21.57,-0.01,2,4314,卖盘
682,13:47:42,21.58,0.02,15,32369,买盘
683,13:47:36,21.56,-0.01,5,10780,卖盘
684,13:47:27,21.57,--,5,10785,买盘
685,13:47:18,21.57,0.01,3,6471,中性盘
686,13:47:15,21.56,-0.01,5,10780,卖盘
687,13:47:09,21.57,--,13,28041,买盘
688,13:47:06,21.57,--,17,36669,卖盘
689,13:47:03,21.57,--,25,53925,卖盘
690,13:46:48,21.57,--,8,17256,卖盘
691,13:46:39,21.57,--,15,32355,卖盘
692,13:46:36,21.57,--,5,10785,卖盘
693,13:46:33,21.57,--,13,28041,中性盘
694,13:46:30,21.57,--,2,4314,卖盘
695,13:46:27,21.57,--,4,8628,买盘
696,13:46:21,21.57,--,11,23727,卖盘
697,13:46:18,21.57,-0.01,1,2157,中性盘
698,13:46:06,21.58,0.01,101,217957,买盘
699,13:46:03,21.57,--,0,1941,买盘
700,13:46:00,21.57,-0.01,0,215,卖盘
701,13:45:54,21.58,0.01,10,21580,中性盘
702,13:45:45,21.57,-0.01,103,222171,卖盘
703,13:45:42,21.58,--,12,25895,卖盘
704,13:45:39,21.58,--,5,10790,卖盘
705,13:45:36,21.58,--,19,41002,卖盘
706,13:45:24,21.58,-0.02,100,215799,卖盘
707,13:45:21,21.6,0.01,10,21600,买盘
708,13:45:18,21.59,--,1,2159,卖盘
709,13:45:12,21.59,-0.01,8,17272,卖盘
710,13:44:54,21.6,-0.02,5,10800,卖盘
711,13:44:45,21.62,-0.01,8,19241,卖盘
712,13:44:39,21.63,0.01,6,12978,买盘
713,13:44:36,21.62,-0.01,4,8648,卖盘
714,13:44:06,21.63,0.01,2,4326,中性盘
715,13:43:57,21.62,--,10,21620,卖盘
716,13:43:51,21.62,--,1,2378,卖盘
717,13:43:36,21.62,--,128,276736,卖盘
718,13:43:27,21.62,--,10,21620,卖盘
719,13:43:21,21.62,--,20,43240,卖盘
720,13:43:18,21.62,--,10,21620,卖盘
721,13:43:15,21.62,--,4,8648,卖盘
722,13:43:03,21.62,-0.01,2,4324,卖盘
723,13:43:00,21.63,0.01,100,216300,买盘
724,13:42:57,21.62,--,1,2162,卖盘
725,13:42:54,21.62,--,7,15134,卖盘
726,13:42:51,21.62,-0.01,2,4324,卖盘
727,13:42:45,21.63,0.01,1,2163,买盘
728,13:42:39,21.62,-0.01,4,8648,卖盘
729,13:42:24,21.63,0.01,20,43260,买盘
730,13:42:21,21.62,--,110,237820,卖盘
731,13:42:18,21.62,-0.01,3,6486,卖盘
732,13:42:06,21.63,--,26,56238,卖盘
733,13:42:03,21.63,--,13,28119,卖盘
734,13:42:00,21.63,--,76,164388,卖盘
735,13:41:54,21.63,-0.01,13,28119,卖盘
736,13:41:45,21.64,0.01,3,6492,中性盘
737,13:41:24,21.63,--,4,8652,卖盘
738,13:41:18,21.63,--,10,21630,卖盘
739,13:41:15,21.63,--,5,10815,卖盘
740,13:41:12,21.63,--,4,8652,卖盘
741,13:41:06,21.63,--,88,190344,买盘
742,13:41:03,21.63,-0.02,19,41097,买盘
743,13:40:54,21.65,0.03,27,58454,买盘
744,13:40:51,21.62,--,19,41078,卖盘
745,13:40:48,21.62,--,30,64860,卖盘
746,13:40:45,21.62,-0.02,50,108100,卖盘
747,13:40:42,21.64,0.02,59,127676,买盘
748,13:40:39,21.62,--,3,6486,卖盘
749,13:40:36,21.62,--,11,23782,卖盘
750,13:40:30,21.62,--,7,15134,卖盘
751,13:40:27,21.62,--,22,47564,卖盘
752,13:40:24,21.62,--,231,499422,卖盘
753,13:40:21,21.62,0.04,453,979386,买盘
754,13:40:18,21.58,-0.01,100,215799,卖盘
755,13:40:06,21.59,--,50,107950,买盘
756,13:40:03,21.59,-0.01,17,36703,卖盘
757,13:39:54,21.6,--,7,15120,卖盘
758,13:39:51,21.6,--,13,28080,卖盘
759,13:39:48,21.6,--,6,12960,卖盘
760,13:39:45,21.6,--,36,77760,卖盘
761,13:39:36,21.6,--,5,10800,卖盘
762,13:39:33,21.6,--,32,69120,卖盘
763,13:39:30,21.6,--,12,25920,卖盘
764,13:39:27,21.6,--,32,69120,卖盘
765,13:39:24,21.6,--,1,2160,卖盘
766,13:39:21,21.6,-0.01,24,51840,卖盘
767,13:39:18,21.61,-0.01,58,125338,卖盘
768,13:39:12,21.62,--,5,10810,卖盘
769,13:39:09,21.62,-0.01,22,47564,卖盘
770,13:39:03,21.63,--,6,12978,买盘
771,13:38:48,21.63,--,4,10382,卖盘
772,13:38:45,21.63,--,5,10815,卖盘
773,13:38:42,21.63,--,10,21630,卖盘
774,13:38:24,21.63,--,6,12978,卖盘
775,13:38:15,21.63,--,5,11247,卖盘
776,13:38:12,21.63,-0.01,20,43260,卖盘
777,13:38:06,21.64,--,1,3895,卖盘
778,13:38:03,21.64,--,4,8656,卖盘
779,13:38:00,21.64,--,5,10820,卖盘
780,13:37:54,21.64,-0.01,50,108200,卖盘
781,13:37:33,21.65,--,1,2165,卖盘
782,13:37:24,21.65,0.01,1,2165,中性盘
783,13:37:09,21.64,-0.01,20,43280,卖盘
784,13:37:06,21.65,--,1,2165,买盘
785,13:36:51,21.65,--,7,15154,卖盘
786,13:36:45,21.65,--,5,10825,卖盘
787,13:36:39,21.65,--,3,6495,卖盘
788,13:36:33,21.65,--,42,90930,买盘
789,13:36:27,21.65,0.01,15,32474,买盘
790,13:36:09,21.64,-0.01,50,108200,卖盘
791,13:35:45,21.65,0.01,1,2165,买盘
792,13:35:39,21.64,--,1,2596,卖盘
793,13:35:30,21.64,--,5,10820,卖盘
794,13:35:09,21.64,--,10,21640,卖盘
795,13:35:06,21.64,0.01,16,34624,买盘
796,13:35:03,21.63,-0.01,40,86520,卖盘
797,13:34:57,21.64,--,2,4328,买盘
798,13:34:54,21.64,0.01,1,2164,买盘
799,13:34:48,21.63,--,1,2163,卖盘
800,13:34:45,21.63,--,10,21630,卖盘
801,13:34:42,21.63,--,3,6489,买盘
802,13:34:39,21.63,--,20,43260,卖盘
803,13:34:27,21.63,--,9,19467,卖盘
804,13:34:24,21.63,-0.01,3,6489,卖盘
805,13:34:21,21.64,--,4,8656,买盘
806,13:34:12,21.64,--,3,6492,买盘
807,13:34:03,21.64,-0.01,20,43280,卖盘
808,13:33:54,21.65,0.01,5,10825,买盘
809,13:33:48,21.64,--,10,21640,卖盘
810,13:33:45,21.64,-0.01,2,4328,卖盘
811,13:33:39,21.65,--,3,6495,买盘
812,13:33:33,21.65,--,3,6495,买盘
813,13:33:30,21.65,--,6,12990,卖盘
814,13:33:27,21.65,--,53,114744,卖盘
815,13:33:24,21.65,--,12,25980,卖盘
816,13:33:18,21.65,--,22,47630,买盘
817,13:33:09,21.65,-0.01,38,82270,卖盘
818,13:33:00,21.66,0.01,3,6498,中性盘
819,13:32:39,21.65,-0.03,5,10825,卖盘
820,13:32:33,21.68,0.03,10,21680,买盘
821,13:32:30,21.65,-0.03,10,21650,卖盘
822,13:32:24,21.68,--,9,19512,卖盘
823,13:32:21,21.68,--,2,4336,卖盘
824,13:32:15,21.68,--,20,43360,卖盘
825,13:32:00,21.68,0.03,10,21680,买盘
826,13:31:54,21.65,-0.02,100,216500,卖盘
827,13:31:36,21.67,-0.01,10,21670,卖盘
828,13:31:33,21.68,--,1,2168,卖盘
829,13:31:30,21.68,-0.01,2,4336,卖盘
830,13:31:27,21.69,0.01,3,6507,买盘
831,13:31:24,21.68,--,10,21680,卖盘
832,13:31:21,21.68,-0.01,16,34688,卖盘
833,13:31:12,21.69,--,10,21690,中性盘
834,13:30:54,21.69,--,24,52056,卖盘
835,13:30:42,21.69,-0.01,3,6507,卖盘
836,13:30:36,21.7,--,4,8680,买盘
837,13:30:33,21.7,--,8,17360,卖盘
838,13:30:24,21.7,--,3,6510,卖盘
839,13:30:21,21.7,--,1,2170,卖盘
840,13:30:12,21.7,--,3,6510,卖盘
841,13:30:09,21.7,--,9,19530,卖盘
842,13:30:03,21.7,0.01,35,75950,买盘
843,13:29:57,21.69,-0.01,1,2169,卖盘
844,13:29:51,21.7,0.01,54,117180,买盘
845,13:29:48,21.69,--,44,95436,卖盘
846,13:29:45,21.69,--,40,86760,卖盘
847,13:29:33,21.69,--,50,108450,卖盘
848,13:29:30,21.69,-0.01,7,15183,卖盘
849,13:29:27,21.7,--,13,28210,买盘
850,13:29:24,21.7,--,100,217000,买盘
851,13:29:21,21.7,0.01,14,30380,买盘
852,13:29:18,21.69,-0.01,3,6507,卖盘
853,13:29:15,21.7,--,5,10850,买盘
854,13:29:06,21.7,--,5,10850,买盘
855,13:29:00,21.7,--,5,10850,买盘
856,13:28:57,21.7,0.01,10,21700,买盘
857,13:28:45,21.69,-0.01,10,21690,卖盘
858,13:28:33,21.7,0.01,1,2170,买盘
859,13:28:30,21.69,--,3,6507,卖盘
860,13:28:24,21.69,--,8,17352,卖盘
861,13:28:21,21.69,-0.01,5,10845,卖盘
862,13:28:18,21.7,--,5,10850,买盘
863,13:28:06,21.7,0.01,37,80290,买盘
864,13:28:03,21.69,-0.01,10,21690,卖盘
865,13:27:54,21.7,--,10,21700,买盘
866,13:27:51,21.7,--,28,60760,买盘
867,13:27:39,21.7,0.01,39,84630,买盘
868,13:27:24,21.69,--,2,4338,卖盘
869,13:27:03,21.69,0.02,33,71577,买盘
870,13:26:57,21.67,-0.02,11,23837,卖盘
871,13:26:54,21.69,0.02,1,2169,买盘
872,13:26:48,21.67,-0.02,10,21670,卖盘
873,13:26:39,21.69,0.02,10,21690,买盘
874,13:26:21,21.67,--,18,39006,卖盘
875,13:26:03,21.67,-0.02,2,4334,卖盘
876,13:26:00,21.69,0.03,5,10845,买盘
877,13:25:57,21.66,-0.01,13,28158,卖盘
878,13:25:48,21.67,--,18,39006,买盘
879,13:25:33,21.67,-0.03,12,26004,卖盘
880,13:25:24,21.7,--,30,65100,买盘
881,13:25:18,21.7,--,20,43400,买盘
882,13:25:03,21.7,0.04,201,436170,买盘
883,13:24:48,21.66,--,21,45486,卖盘
884,13:24:45,21.66,--,3,6498,卖盘
885,13:24:39,21.66,--,1,2166,卖盘
886,13:24:36,21.66,--,28,60648,买盘
887,13:24:27,21.66,0.01,10,21660,中性盘
888,13:24:21,21.65,--,1,2165,卖盘
889,13:24:03,21.65,--,55,119074,卖盘
890,13:24:00,21.65,0.01,8,17320,买盘
891,13:23:57,21.64,--,110,238040,卖盘
892,13:23:45,21.64,--,12,25968,买盘
893,13:23:36,21.64,--,2,4328,买盘
894,13:23:27,21.64,--,5,10820,买盘
895,13:23:24,21.64,0.01,1,2164,买盘
896,13:23:18,21.63,--,1,2163,卖盘
897,13:23:06,21.63,--,1,2163,卖盘
898,13:23:03,21.63,--,60,129780,卖盘
899,13:23:00,21.63,0.01,42,90846,买盘
900,13:22:54,21.62,--,18,38916,卖盘
901,13:22:51,21.62,--,20,43240,卖盘
902,13:22:48,21.62,--,10,21620,卖盘
903,13:22:45,21.62,--,1,2162,卖盘
904,13:22:42,21.62,--,1,2162,卖盘
905,13:22:36,21.62,--,3,6486,卖盘
906,13:22:33,21.62,-0.01,15,32430,卖盘
907,13:22:30,21.63,0.01,1,2163,中性盘
908,13:22:21,21.62,-0.01,48,103776,卖盘
909,13:22:12,21.63,0.01,13,28119,买盘
910,13:22:06,21.62,-0.01,3,6486,卖盘
911,13:22:00,21.63,--,3,6489,卖盘
912,13:21:48,21.63,-0.02,10,21630,卖盘
913,13:21:36,21.65,--,1,2165,卖盘
914,13:21:33,21.65,--,20,43300,卖盘
915,13:21:27,21.65,--,4,8660,卖盘
916,13:21:18,21.65,-0.02,10,21650,卖盘
917,13:21:03,21.67,--,12,26004,买盘
918,13:21:00,21.67,--,1,2167,买盘
919,13:20:57,21.67,0.01,5,10835,买盘
920,13:20:48,21.66,--,1,2166,卖盘
921,13:20:45,21.66,-0.01,10,21660,卖盘
922,13:20:42,21.67,0.01,10,21670,买盘
923,13:20:36,21.66,-0.01,23,49818,卖盘
924,13:20:30,21.67,0.01,1,2167,买盘
925,13:20:27,21.66,--,1,2166,卖盘
926,13:20:15,21.66,-0.01,2,4332,卖盘
927,13:20:06,21.67,-0.01,10,21670,卖盘
928,13:20:03,21.68,0.01,5,10840,买盘
929,13:20:00,21.67,--,2,4334,卖盘
930,13:19:54,21.67,--,5,10835,卖盘
931,13:19:51,21.67,-0.01,10,21670,卖盘
932,13:19:45,21.68,--,8,17344,买盘
933,13:19:33,21.68,0.01,12,26016,买盘
934,13:19:30,21.67,-0.01,9,19503,卖盘
935,13:19:27,21.68,--,5,10840,买盘
936,13:19:24,21.68,--,5,10840,买盘
937,13:19:18,21.68,--,5,10840,买盘
938,13:18:48,21.68,--,10,21680,买盘
939,13:18:45,21.68,--,1,2168,买盘
940,13:18:30,21.68,0.01,9,19512,买盘
941,13:18:24,21.67,--,4,8668,卖盘
942,13:18:09,21.67,--,1,2167,卖盘
943,13:18:00,21.67,--,10,21670,卖盘
944,13:17:57,21.67,--,5,10835,卖盘
945,13:17:48,21.67,-0.01,29,62843,卖盘
946,13:17:39,21.68,--,10,21680,买盘
947,13:17:30,21.68,--,23,49864,买盘
948,13:17:24,21.68,0.01,1,2168,买盘
949,13:17:15,21.67,-0.01,10,21670,卖盘
950,13:17:12,21.68,--,2,4336,买盘
951,13:17:03,21.68,--,1,2168,卖盘
952,13:16:48,21.68,--,1,2168,买盘
953,13:16:45,21.68,0.01,7,15176,买盘
954,13:16:36,21.67,--,6,13002,买盘
955,13:16:30,21.67,--,44,95348,卖盘
956,13:16:24,21.67,--,56,121352,买盘
957,13:16:21,21.67,0.01,20,43340,买盘
958,13:16:15,21.66,--,10,21660,卖盘
959,13:16:03,21.66,-0.01,1,2166,卖盘
960,13:15:39,21.67,-0.03,362,784454,卖盘
961,13:15:33,21.7,0.01,5,10850,买盘
962,13:15:30,21.69,--,5,10845,卖盘
963,13:15:27,21.69,-0.01,25,54225,卖盘
964,13:15:24,21.7,0.01,1,2170,买盘
965,13:15:12,21.69,--,1,2169,卖盘
966,13:14:57,21.69,-0.01,3,6507,卖盘
967,13:14:54,21.7,0.01,17,36890,买盘
968,13:14:48,21.69,--,12,26028,卖盘
969,13:14:33,21.69,--,1,2169,卖盘
970,13:14:30,21.69,--,1,2169,卖盘
971,13:14:24,21.69,--,1,2169,卖盘
972,13:14:21,21.69,--,15,32535,卖盘
973,13:14:12,21.69,--,5,10845,卖盘
974,13:14:09,21.69,--,5,10845,卖盘
975,13:14:06,21.69,--,2,4338,卖盘
976,13:14:03,21.69,-0.01,50,108450,卖盘
977,13:14:00,21.7,--,6,13020,买盘
978,13:13:48,21.7,--,10,21700,买盘
979,13:13:36,21.7,0.01,1,2170,买盘
980,13:13:33,21.69,--,10,21690,卖盘
981,13:13:30,21.69,-0.01,31,67239,卖盘
982,13:13:24,21.7,--,10,21700,买盘
983,13:12:57,21.7,--,20,43400,买盘
984,13:12:48,21.7,--,13,29512,卖盘
985,13:12:39,21.7,--,5,10850,卖盘
986,13:12:36,21.7,--,5,10850,卖盘
987,13:12:33,21.7,--,70,151900,卖盘
988,13:12:30,21.7,-0.01,3,7378,卖盘
989,13:12:27,21.71,0.01,7,15197,买盘
990,13:12:24,21.7,--,52,112840,卖盘
991,13:12:21,21.7,-0.01,1,2170,卖盘
992,13:12:12,21.71,-0.02,25,54275,卖盘
993,13:12:09,21.73,--,14,30422,买盘
994,13:11:48,21.73,0.01,10,21730,买盘
995,13:11:36,21.72,0.02,30,65160,买盘
996,13:11:27,21.7,-0.03,5,10850,卖盘
997,13:11:24,21.73,--,12,26076,卖盘
998,13:11:21,21.73,--,4,8692,卖盘
999,13:11:18,21.73,0.03,71,154283,买盘
1000,13:11:09,21.7,--,5,10850,卖盘
1001,13:11:06,21.7,-0.02,2,4340,卖盘
1002,13:11:03,21.72,0.02,4,8688,中性盘
1003,13:10:51,21.7,-0.02,2,4340,卖盘
1004,13:10:45,21.72,--,1,2172,卖盘
1005,13:10:42,21.72,0.02,58,125976,买盘
1006,13:10:39,21.7,--,7,15190,卖盘
1007,13:10:24,21.7,-0.01,5,10850,卖盘
1008,13:10:15,21.71,-0.01,10,21710,中性盘
1009,13:10:09,21.72,--,5,10860,买盘
1010,13:10:00,21.72,--,1,2172,买盘
1011,13:09:54,21.72,--,100,217200,买盘
1012,13:09:48,21.72,--,167,362724,卖盘
1013,13:09:45,21.72,-0.01,1,2172,卖盘
1014,13:09:42,21.73,--,2,4346,买盘
1015,13:09:39,21.73,-0.02,38,82574,卖盘
1016,13:09:36,21.75,0.01,39,84825,买盘
1017,13:09:33,21.74,--,1,2174,买盘
1018,13:09:24,21.74,-0.01,2,4348,中性盘
1019,13:09:18,21.75,--,40,87000,买盘
1020,13:09:15,21.75,--,6,13050,买盘
1021,13:09:03,21.75,0.01,64,139200,买盘
1022,13:08:57,21.74,0.01,12,26087,买盘
1023,13:08:51,21.73,--,10,21730,卖盘
1024,13:08:45,21.73,0.01,151,328579,买盘
1025,13:08:42,21.72,--,1,2172,卖盘
1026,13:08:30,21.72,--,28,60816,买盘
1027,13:08:27,21.72,0.02,30,65160,买盘
1028,13:08:21,21.7,-0.02,14,30380,卖盘
1029,13:08:15,21.72,0.02,22,47784,买盘
1030,13:08:09,21.7,--,8,17360,买盘
1031,13:08:00,21.7,--,11,23870,卖盘
1032,13:07:57,21.7,-0.01,20,43400,卖盘
1033,13:07:48,21.71,0.01,13,28223,中性盘
1034,13:07:42,21.7,-0.02,20,43400,卖盘
1035,13:07:39,21.72,0.01,10,21720,买盘
1036,13:07:36,21.71,--,3,6513,买盘
1037,13:07:24,21.71,0.01,5,10855,买盘
1038,13:07:12,21.7,--,2,4340,卖盘
1039,13:07:09,21.7,--,1,2170,卖盘
1040,13:07:06,21.7,--,3,6510,卖盘
1041,13:07:03,21.7,--,6,13020,买盘
1042,13:06:57,21.7,0.01,27,58590,买盘
1043,13:06:51,21.69,--,10,21690,卖盘
1044,13:06:45,21.69,0.01,1,2169,买盘
1045,13:06:42,21.68,--,1,2168,卖盘
1046,13:06:15,21.68,--,7,15176,卖盘
1047,13:06:12,21.68,--,5,10840,卖盘
1048,13:06:06,21.68,--,5,10840,卖盘
1049,13:06:03,21.68,--,5,10840,卖盘
1050,13:06:00,21.68,--,10,21680,卖盘
1051,13:05:42,21.68,-0.02,1,2168,卖盘
1052,13:05:36,21.7,0.02,10,21700,买盘
1053,13:05:33,21.68,--,3,6504,卖盘
1054,13:05:30,21.68,--,5,10840,卖盘
1055,13:05:18,21.68,0.01,5,10840,卖盘
1056,13:05:09,21.67,--,1,2167,卖盘
1057,13:05:06,21.67,-0.01,19,41173,卖盘
1058,13:04:54,21.68,0.01,13,28184,买盘
1059,13:04:36,21.67,--,22,47674,卖盘
1060,13:04:27,21.67,--,29,62843,卖盘
1061,13:04:24,21.67,-0.01,3,6501,卖盘
1062,13:04:12,21.68,--,8,17344,卖盘
1063,13:04:06,21.68,-0.02,6,13008,卖盘
1064,13:04:03,21.7,--,16,34720,买盘
1065,13:03:48,21.7,0.02,1,2170,买盘
1066,13:03:42,21.68,--,5,10840,卖盘
1067,13:03:39,21.68,-0.02,6,13008,卖盘
1068,13:03:36,21.7,0.02,1,2170,买盘
1069,13:03:27,21.68,-0.02,10,21680,卖盘
1070,13:03:12,21.7,--,2,4340,买盘
1071,13:03:09,21.7,--,2,4340,买盘
1072,13:03:06,21.7,--,9,19530,卖盘
1073,13:03:00,21.7,-0.01,3,6510,卖盘
1074,13:02:57,21.71,0.01,1,2171,买盘
1075,13:02:54,21.7,--,10,21700,卖盘
1076,13:02:48,21.7,--,5,10850,卖盘
1077,13:02:30,21.7,-0.01,10,21700,卖盘
1078,13:02:27,21.71,0.01,3,6513,买盘
1079,13:02:24,21.7,--,2,4340,卖盘
1080,13:02:21,21.7,-0.01,81,175770,卖盘
1081,13:02:18,21.71,0.01,11,23881,买盘
1082,13:02:12,21.7,-0.01,6,13020,卖盘
1083,13:02:09,21.71,-0.01,2,4342,买盘
1084,13:02:06,21.72,0.02,18,39096,买盘
1085,13:02:03,21.7,--,5,10850,卖盘
1086,13:02:00,21.7,--,10,21700,卖盘
1087,13:01:48,21.7,--,2,4340,卖盘
1088,13:01:45,21.7,-0.02,5,10850,卖盘
1089,13:01:39,21.72,0.02,7,15204,买盘
1090,13:01:36,21.7,-0.03,9,19530,卖盘
1091,13:01:27,21.73,0.03,4,8692,买盘
1092,13:01:24,21.7,-0.03,10,21700,卖盘
1093,13:01:00,21.73,--,4,8692,买盘
1094,13:00:51,21.73,0.01,51,110823,买盘
1095,13:00:45,21.72,-0.01,33,71676,卖盘
1096,13:00:39,21.73,0.01,23,49979,买盘
1097,13:00:27,21.72,--,17,36924,买盘
1098,13:00:15,21.72,0.02,11,23892,买盘
1099,13:00:09,21.7,--,8,17360,卖盘
1100,13:00:06,21.7,--,17,36890,卖盘
1101,13:00:03,21.7,0.04,249,540330,买盘
1102,13:00:00,21.66,--,0,0,卖盘
1103,11:30:00,21.66,--,6,12996,卖盘
1104,11:29:54,21.66,-0.01,6,12996,卖盘
1105,11:29:51,21.67,0.01,2,4334,买盘
1106,11:29:39,21.66,--,6,12996,卖盘
1107,11:29:30,21.66,--,31,67146,卖盘
1108,11:29:21,21.66,--,5,10830,卖盘
1109,11:28:57,21.66,-0.01,30,64980,卖盘
1110,11:28:54,21.67,--,8,17336,卖盘
1111,11:28:51,21.67,--,20,43340,卖盘
1112,11:28:42,21.67,--,8,17336,买盘
1113,11:28:36,21.67,--,2,4334,买盘
1114,11:28:33,21.67,-0.03,10,21670,中性盘
1115,11:28:30,21.7,0.01,116,251720,买盘
1116,11:28:27,21.69,--,37,80253,卖盘
1117,11:28:24,21.69,--,33,71577,中性盘
1118,11:27:51,21.69,--,2,4338,卖盘
1119,11:27:48,21.69,--,5,10845,卖盘
1120,11:27:45,21.69,0.02,160,347040,买盘
1121,11:27:24,21.67,--,3,6501,卖盘
1122,11:27:18,21.67,0.02,58,125686,买盘
1123,11:27:15,21.65,--,1,2165,卖盘
1124,11:27:09,21.65,--,1,2165,卖盘
1125,11:27:03,21.65,-0.02,10,21650,卖盘
1126,11:26:54,21.67,0.02,12,26004,买盘
1127,11:26:48,21.65,-0.02,18,38970,中性盘
1128,11:26:42,21.67,0.03,10,21670,买盘
1129,11:26:39,21.64,--,1,2164,卖盘
1130,11:26:15,21.64,--,25,54100,买盘
1131,11:25:57,21.64,0.01,28,60592,买盘
1132,11:25:51,21.63,--,1,2163,卖盘
1133,11:25:45,21.63,0.01,26,56238,买盘
1134,11:25:27,21.62,--,2,4324,卖盘
1135,11:25:15,21.62,--,32,69184,卖盘
1136,11:25:12,21.62,--,3,6486,卖盘
1137,11:25:09,21.62,--,12,25944,卖盘
1138,11:25:03,21.62,--,19,41078,卖盘
1139,11:25:00,21.62,--,20,43240,卖盘
1140,11:24:57,21.62,-0.01,2,4324,卖盘
1141,11:24:48,21.63,--,3,6489,卖盘
1142,11:24:45,21.63,-0.01,4,8652,卖盘
1143,11:24:30,21.64,-0.02,1,2164,卖盘
1144,11:24:21,21.66,--,6,12996,买盘
1145,11:24:18,21.66,--,4,8664,卖盘
1146,11:24:15,21.66,--,42,90972,卖盘
1147,11:24:12,21.66,--,5,10830,卖盘
1148,11:24:09,21.66,-0.01,1,2166,卖盘
1149,11:23:57,21.67,-0.01,34,73678,卖盘
1150,11:23:54,21.68,0.01,106,229808,买盘
1151,11:23:51,21.67,-0.01,10,21670,卖盘
1152,11:23:48,21.68,0.01,1,2168,买盘
1153,11:23:45,21.67,--,30,65010,卖盘
1154,11:23:42,21.67,--,3,6501,卖盘
1155,11:23:39,21.67,-0.01,1,2167,卖盘
1156,11:23:33,21.68,0.01,28,60704,买盘
1157,11:23:24,21.67,--,13,28171,卖盘
1158,11:23:18,21.67,--,47,101849,卖盘
1159,11:23:12,21.67,--,5,10835,卖盘
1160,11:23:03,21.67,--,5,10835,卖盘
1161,11:22:57,21.67,0.01,124,268708,买盘
1162,11:22:51,21.66,--,77,166782,买盘
1163,11:22:48,21.66,0.01,10,21660,买盘
1164,11:22:45,21.65,--,4,8660,卖盘
1165,11:22:39,21.65,--,94,203510,卖盘
1166,11:22:30,21.65,0.01,1,2165,卖盘
1167,11:22:24,21.64,--,20,43712,买盘
1168,11:22:03,21.64,-0.02,15,34191,卖盘
1169,11:21:57,21.66,0.01,45,97470,买盘
1170,11:21:45,21.65,--,120,259799,卖盘
1171,11:21:42,21.65,--,1,2165,卖盘
1172,11:21:36,21.65,--,2,4330,卖盘
1173,11:21:15,21.65,--,2,4330,卖盘
1174,11:21:12,21.65,--,7,15154,卖盘
1175,11:21:06,21.65,0.01,76,164540,买盘
1176,11:21:00,21.64,--,1,2164,卖盘
1177,11:20:54,21.64,--,2,4760,买盘
1178,11:20:48,21.64,--,1,2164,买盘
1179,11:20:33,21.64,--,1,2164,买盘
1180,11:20:27,21.64,0.01,42,90888,买盘
1181,11:20:21,21.63,--,20,43260,卖盘
1182,11:20:18,21.63,--,4,8652,卖盘
1183,11:20:12,21.63,-0.01,5,10815,卖盘
1184,11:20:00,21.64,0.01,10,21640,买盘
1185,11:19:57,21.63,-0.01,1,2163,卖盘
1186,11:19:54,21.64,0.01,2,4328,买盘
1187,11:19:51,21.63,-0.01,4,10382,卖盘
1188,11:19:45,21.64,--,10,21640,卖盘
1189,11:19:36,21.64,0.01,80,173552,买盘
1190,11:19:30,21.63,0.01,2,4326,买盘
1191,11:19:27,21.62,-0.02,1,2162,卖盘
1192,11:19:24,21.64,--,83,179612,买盘
1193,11:19:21,21.64,0.01,3,6492,买盘
1194,11:19:06,21.63,-0.01,11,23793,卖盘
1195,11:19:03,21.64,--,44,95216,买盘
1196,11:18:57,21.64,--,2,4328,买盘
1197,11:18:48,21.64,0.01,3,6492,买盘
1198,11:18:45,21.63,-0.01,1,2163,卖盘
1199,11:18:39,21.64,--,1,2164,买盘
1200,11:18:36,21.64,--,47,101708,买盘
1201,11:18:33,21.64,0.01,1,2164,买盘
1202,11:18:30,21.63,-0.01,2,4326,卖盘
1203,11:18:12,21.64,0.01,4,8656,买盘
1204,11:18:06,21.63,--,1,2163,卖盘
1205,11:18:03,21.63,0.01,2,4326,买盘
1206,11:18:00,21.62,--,3,6486,卖盘
1207,11:17:54,21.62,--,8,17296,买盘
1208,11:17:51,21.62,0.01,10,21620,买盘
1209,11:17:45,21.61,--,1,2161,卖盘
1210,11:17:33,21.61,0.01,50,108050,买盘
1211,11:17:30,21.6,--,1,2160,卖盘
1212,11:17:27,21.6,--,2,4320,卖盘
1213,11:17:24,21.6,--,3,6480,卖盘
1214,11:17:09,21.6,0.02,35,75600,买盘
1215,11:17:06,21.58,--,10,21580,卖盘
1216,11:16:57,21.58,--,23,49633,买盘
1217,11:16:51,21.58,--,1,2158,中性盘
1218,11:16:48,21.58,--,1,2158,卖盘
1219,11:16:45,21.58,-0.02,1,2158,卖盘
1220,11:16:42,21.6,--,2,4320,买盘
1221,11:16:36,21.6,--,7,15120,买盘
1222,11:16:30,21.6,--,19,41040,买盘
1223,11:16:18,21.6,--,2,4320,买盘
1224,11:16:15,21.6,0.03,1,2160,买盘
1225,11:16:12,21.57,--,2,4314,卖盘
1226,11:16:06,21.57,--,18,38826,卖盘
1227,11:16:03,21.57,--,3,6471,卖盘
1228,11:16:00,21.57,--,1,2157,卖盘
1229,11:15:57,21.57,--,3,6471,卖盘
1230,11:15:54,21.57,-0.01,87,187659,卖盘
1231,11:15:42,21.58,-0.04,245,528710,卖盘
1232,11:15:39,21.62,0.01,5,10810,买盘
1233,11:15:36,21.61,-0.01,125,270125,卖盘
1234,11:15:33,21.62,--,6,12972,买盘
1235,11:15:27,21.62,--,5,10810,买盘
1236,11:15:21,21.62,-0.01,36,77832,卖盘
1237,11:15:15,21.63,--,3,6489,卖盘
1238,11:15:12,21.63,--,1,2163,卖盘
1239,11:15:09,21.63,--,67,144921,卖盘
1240,11:15:06,21.63,--,2,4326,卖盘
1241,11:15:00,21.63,--,3,6489,卖盘
1242,11:14:54,21.63,-0.01,13,28119,卖盘
1243,11:14:48,21.64,0.01,10,21640,买盘
1244,11:14:42,21.63,--,1,2163,卖盘
1245,11:14:36,21.63,-0.01,18,38934,卖盘
1246,11:14:18,21.64,--,124,270067,卖盘
1247,11:14:06,21.64,--,2,4328,卖盘
1248,11:14:00,21.64,-0.01,1,2164,卖盘
1249,11:13:57,21.65,0.01,20,43300,买盘
1250,11:13:54,21.64,--,1,2164,卖盘
1251,11:13:51,21.64,--,9,19476,卖盘
1252,11:13:48,21.64,--,5,10820,卖盘
1253,11:13:39,21.64,-0.02,10,21640,卖盘
1254,11:13:27,21.66,0.02,1,2166,中性盘
1255,11:13:21,21.64,-0.02,26,56264,卖盘
1256,11:13:18,21.66,--,5,10830,卖盘
1257,11:13:15,21.66,0.02,46,100069,买盘
1258,11:13:12,21.64,-0.01,1,2164,卖盘
1259,11:13:09,21.65,0.01,5,10825,买盘
1260,11:13:06,21.64,-0.01,5,10820,卖盘
1261,11:12:54,21.65,0.01,35,75775,买盘
1262,11:12:51,21.64,-0.01,5,10820,卖盘
1263,11:12:45,21.65,--,1,2165,买盘
1264,11:12:42,21.65,--,14,30309,买盘
1265,11:12:39,21.65,-0.01,32,71012,卖盘
1266,11:12:36,21.66,--,6,13429,买盘
1267,11:12:27,21.66,0.01,21,45486,买盘
1268,11:12:24,21.65,-0.01,3,6495,卖盘
1269,11:12:21,21.66,0.02,89,192774,买盘
1270,11:12:06,21.64,--,6,12984,中性盘
1271,11:11:57,21.64,0.01,44,95216,买盘
1272,11:11:54,21.63,--,23,49749,卖盘
1273,11:11:45,21.63,--,1,2163,卖盘
1274,11:11:39,21.63,--,12,25956,买盘
1275,11:11:36,21.63,--,5,10815,买盘
1276,11:11:30,21.63,0.01,20,43260,买盘
1277,11:11:27,21.62,-0.01,5,10810,卖盘
1278,11:11:24,21.63,0.01,10,21630,买盘
1279,11:11:15,21.62,--,18,38916,卖盘
1280,11:11:12,21.62,--,10,21620,卖盘
1281,11:11:09,21.62,0.02,34,73508,买盘
1282,11:10:54,21.6,--,13,28080,卖盘
1283,11:10:51,21.6,--,25,54000,卖盘
1284,11:10:42,21.6,-0.03,1,2160,卖盘
1285,11:10:30,21.63,--,15,32445,买盘
1286,11:10:27,21.63,0.01,70,151410,买盘
1287,11:10:24,21.62,-0.01,13,28106,卖盘
1288,11:10:21,21.63,-0.01,29,62727,卖盘
1289,11:10:18,21.64,0.01,6,12984,买盘
1290,11:10:12,21.63,--,4,8652,卖盘
1291,11:10:06,21.63,--,11,23793,卖盘
1292,11:10:03,21.63,--,60,129780,卖盘
1293,11:10:00,21.63,--,15,32445,卖盘
1294,11:09:57,21.63,--,2,4326,买盘
1295,11:09:51,21.63,--,6,12978,卖盘
1296,11:09:48,21.63,-0.01,3,6489,中性盘
1297,11:09:45,21.64,--,90,194760,买盘
1298,11:09:39,21.64,--,23,49772,买盘
1299,11:09:36,21.64,0.02,29,62756,买盘
1300,11:09:33,21.62,-0.02,46,99452,卖盘
1301,11:09:24,21.64,--,10,21640,买盘
1302,11:09:12,21.64,-0.01,15,32460,卖盘
1303,11:09:09,21.65,--,22,47630,买盘
1304,11:08:57,21.65,-0.01,21,45465,卖盘
1305,11:08:54,21.66,--,12,27724,卖盘
1306,11:08:51,21.66,--,15,32490,卖盘
1307,11:08:48,21.66,--,25,54150,卖盘
1308,11:08:42,21.66,--,5,10830,卖盘
1309,11:08:39,21.66,--,14,30324,卖盘
1310,11:08:36,21.66,--,7,15162,卖盘
1311,11:08:27,21.66,-0.02,36,77976,卖盘
1312,11:08:24,21.68,0.01,63,137017,买盘
1313,11:08:21,21.67,--,1,2167,卖盘
1314,11:08:15,21.67,--,2,4334,卖盘
1315,11:08:03,21.67,-0.01,2,4334,卖盘
1316,11:08:00,21.68,--,2,4336,买盘
1317,11:07:57,21.68,-0.02,26,58102,卖盘
1318,11:07:54,21.7,--,39,84630,卖盘
1319,11:07:51,21.7,--,93,202244,买盘
1320,11:07:48,21.7,--,10,21700,中性盘
1321,11:07:45,21.7,--,18,39060,卖盘
1322,11:07:42,21.7,-0.01,275,596750,卖盘
1323,11:07:39,21.71,--,11,23881,卖盘
1324,11:07:36,21.71,0.01,72,156312,买盘
1325,11:07:33,21.7,--,71,154070,卖盘
1326,11:07:30,21.7,--,17,36890,卖盘
1327,11:07:27,21.7,0.02,48,104160,买盘
1328,11:07:24,21.68,-0.02,11,23848,卖盘
1329,11:07:21,21.7,-0.01,8,17360,卖盘
1330,11:07:18,21.71,--,1,2171,买盘
1331,11:07:15,21.71,--,5,10855,买盘
1332,11:07:12,21.71,-0.01,13,28223,卖盘
1333,11:07:09,21.72,-0.01,2,4344,卖盘
1334,11:07:03,21.73,--,15,32595,买盘
1335,11:06:57,21.73,--,10,23446,卖盘
1336,11:06:54,21.73,--,12,26076,卖盘
1337,11:06:51,21.73,--,20,43460,卖盘
1338,11:06:39,21.73,-0.03,14,30878,卖盘
1339,11:06:36,21.76,--,99,217143,买盘
1340,11:06:33,21.76,--,23,50048,卖盘
1341,11:06:30,21.76,--,13,28288,卖盘
1342,11:06:24,21.76,--,1,2176,卖盘
1343,11:06:21,21.76,--,4,8704,卖盘
1344,11:06:18,21.76,-0.01,37,80512,卖盘
1345,11:06:15,21.77,--,20,43540,卖盘
1346,11:06:12,21.77,--,4,8708,卖盘
1347,11:06:09,21.77,0.01,43,93611,买盘
1348,11:06:06,21.76,-0.01,10,21760,卖盘
1349,11:06:03,21.77,0.01,43,93611,买盘
1350,11:06:00,21.76,-0.01,30,65280,卖盘
1351,11:05:57,21.77,--,39,84903,买盘
1352,11:05:54,21.77,--,9,19593,卖盘
1353,11:05:51,21.77,--,207,450639,卖盘
1354,11:05:48,21.77,--,1,2177,卖盘
1355,11:05:45,21.77,--,10,21770,卖盘
1356,11:05:42,21.77,0.01,134,291718,买盘
1357,11:05:39,21.76,-0.01,2,4352,卖盘
1358,11:05:36,21.77,0.01,3,6531,买盘
1359,11:05:33,21.76,--,7,15232,卖盘
1360,11:05:30,21.76,0.01,144,313344,买盘
1361,11:05:27,21.75,--,36,78300,卖盘
1362,11:05:24,21.75,-0.01,18,39150,卖盘
1363,11:05:21,21.76,--,69,150144,卖盘
1364,11:05:18,21.76,0.01,25,54400,买盘
1365,11:05:15,21.75,-0.01,1,2175,卖盘
1366,11:05:12,21.76,--,5,10880,买盘
1367,11:05:09,21.76,-0.01,65,141440,中性盘
1368,11:05:06,21.77,0.02,50,108850,买盘
1369,11:05:03,21.75,--,2,4350,卖盘
1370,11:05:00,21.75,--,49,106575,卖盘
1371,11:04:54,21.75,0.02,129,281031,买盘
1372,11:04:48,21.73,-0.01,3,6519,卖盘
1373,11:04:45,21.74,--,85,184790,买盘
1374,11:04:42,21.74,--,10,21740,买盘
1375,11:04:39,21.74,0.02,8,17392,买盘
1376,11:04:30,21.72,-0.01,21,45612,卖盘
1377,11:04:27,21.73,--,7,15211,买盘
1378,11:04:24,21.73,--,14,30422,卖盘
1379,11:04:21,21.73,--,2,4346,卖盘
1380,11:04:18,21.73,--,2,4346,卖盘
1381,11:04:15,21.73,--,39,84747,买盘
1382,11:04:12,21.73,0.02,21,45633,买盘
1383,11:04:09,21.71,--,25,54275,卖盘
1384,11:04:06,21.71,--,1,2171,卖盘
1385,11:04:03,21.71,--,7,16868,买盘
1386,11:04:00,21.71,--,20,43420,买盘
1387,11:03:57,21.71,--,23,49933,买盘
1388,11:03:54,21.71,0.01,2,4342,买盘
1389,11:03:51,21.7,--,38,82460,卖盘
1390,11:03:48,21.7,-0.01,9,19530,卖盘
1391,11:03:42,21.71,--,1,2171,买盘
1392,11:03:39,21.71,--,150,325650,买盘
1393,11:03:36,21.71,-0.02,8,17867,卖盘
1394,11:03:33,21.73,0.02,3,6519,买盘
1395,11:03:30,21.71,--,10,21710,卖盘
1396,11:03:21,21.71,-0.02,51,110721,卖盘
1397,11:03:15,21.73,-0.02,20,43460,中性盘
1398,11:03:12,21.75,--,110,239989,买盘
1399,11:03:09,21.75,--,19,41325,买盘
1400,11:03:06,21.75,0.01,13,28275,买盘
1401,11:03:03,21.74,--,1,2174,卖盘
1402,11:03:00,21.74,-0.01,9,19566,卖盘
1403,11:02:57,21.75,0.01,21,45675,中性盘
1404,11:02:54,21.74,--,2,4348,卖盘
1405,11:02:51,21.74,-0.01,27,58697,卖盘
1406,11:02:48,21.75,0.03,33,71775,买盘
1407,11:02:45,21.72,-0.02,8,17376,卖盘
1408,11:02:42,21.74,-0.01,67,145658,卖盘
1409,11:02:39,21.75,-0.02,42,91350,卖盘
1410,11:02:36,21.77,0.01,14,30478,买盘
1411,11:02:30,21.76,--,2,4352,买盘
1412,11:02:27,21.76,0.01,5,10880,买盘
1413,11:02:24,21.75,-0.02,2,4350,中性盘
1414,11:02:21,21.77,0.02,44,95788,买盘
1415,11:02:18,21.75,--,5,10875,买盘
1416,11:02:15,21.75,--,15,32625,卖盘
1417,11:02:12,21.75,--,41,89175,买盘
1418,11:02:09,21.75,0.01,8,17400,买盘
1419,11:02:06,21.74,0.02,18,39132,买盘
1420,11:02:00,21.72,-0.01,50,108600,卖盘
1421,11:01:57,21.73,0.02,52,114430,买盘
1422,11:01:54,21.71,0.01,165,359886,买盘
1423,11:01:51,21.7,0.02,743,1612310,买盘
1424,11:01:48,21.68,--,3,6504,卖盘
1425,11:01:45,21.68,--,8,17344,卖盘
1426,11:01:39,21.68,--,107,231976,买盘
1427,11:01:33,21.68,--,10,21680,买盘
1428,11:01:27,21.68,0.01,3,6504,买盘
1429,11:01:24,21.67,--,10,21670,卖盘
1430,11:01:21,21.67,-0.01,102,221034,卖盘
1431,11:01:18,21.68,0.01,34,73712,买盘
1432,11:01:15,21.67,--,58,125686,卖盘
1433,11:01:12,21.67,0.01,7,15169,中性盘
1434,11:01:06,21.66,-0.01,47,101802,卖盘
1435,11:01:03,21.67,-0.01,36,78012,买盘
1436,11:01:00,21.68,0.02,200,433600,买盘
1437,11:00:54,21.66,--,2,4332,卖盘
1438,11:00:51,21.66,-0.01,7,15162,卖盘
1439,11:00:48,21.67,0.01,3,6501,买盘
1440,11:00:45,21.66,--,10,21660,卖盘
1441,11:00:42,21.66,--,5,10830,卖盘
1442,11:00:39,21.66,--,79,171114,买盘
1443,11:00:36,21.66,0.01,4,8664,买盘
1444,11:00:33,21.65,--,16,34640,卖盘
1445,11:00:30,21.65,-0.01,6,12990,卖盘
1446,11:00:27,21.66,0.01,15,32490,买盘
1447,11:00:24,21.65,--,2,4330,卖盘
1448,11:00:21,21.65,--,87,188355,卖盘
1449,11:00:18,21.65,--,1,2165,卖盘
1450,11:00:12,21.65,--,1,2165,卖盘
1451,11:00:09,21.65,0.01,127,277011,买盘
1452,11:00:06,21.64,-0.01,20,43280,卖盘
1453,11:00:03,21.65,0.01,10,21650,买盘
1454,11:00:00,21.64,--,15,32460,卖盘
1455,10:59:54,21.64,--,11,23804,卖盘
1456,10:59:51,21.64,-0.01,5,10820,卖盘
1457,10:59:48,21.65,0.01,14,30309,买盘
1458,10:59:45,21.64,-0.01,3,6492,卖盘
1459,10:59:39,21.65,0.01,5,10825,买盘
1460,10:59:33,21.64,--,9,19476,卖盘
1461,10:59:30,21.64,--,88,190432,卖盘
1462,10:59:27,21.64,--,72,155808,买盘
1463,10:59:21,21.64,0.02,242,523688,买盘
1464,10:59:12,21.62,--,20,43240,卖盘
1465,10:59:09,21.62,--,163,354178,买盘
1466,10:59:03,21.62,0.02,34,73508,买盘
1467,10:58:54,21.6,0.02,39,84240,买盘
1468,10:58:51,21.58,-0.02,53,114373,卖盘
1469,10:58:42,21.6,-0.02,6,12960,卖盘
1470,10:58:39,21.62,0.04,101,218362,买盘
1471,10:58:36,21.58,--,30,64739,卖盘
1472,10:58:33,21.58,-0.01,1,2158,卖盘
1473,10:58:27,21.59,-0.01,1,2159,卖盘
1474,10:58:21,21.6,--,24,52228,卖盘
1475,10:58:18,21.6,--,15,32400,卖盘
1476,10:58:15,21.6,--,32,69120,卖盘
1477,10:58:12,21.6,--,28,60480,卖盘
1478,10:58:09,21.6,--,5,10800,卖盘
1479,10:58:06,21.6,--,30,64800,卖盘
1480,10:58:03,21.6,--,52,112320,卖盘
1481,10:58:00,21.6,--,7,15120,卖盘
1482,10:57:57,21.6,--,35,75600,卖盘
1483,10:57:54,21.6,--,20,43200,卖盘
1484,10:57:48,21.6,--,22,47520,卖盘
1485,10:57:42,21.6,--,145,313200,卖盘
1486,10:57:36,21.6,--,12,25920,卖盘
1487,10:57:30,21.6,--,5,10800,卖盘
1488,10:57:15,21.6,-0.01,26,56160,卖盘
1489,10:57:06,21.61,--,3,6483,卖盘
1490,10:57:03,21.61,--,8,17288,卖盘
1491,10:56:57,21.61,--,110,237710,卖盘
1492,10:56:51,21.61,--,4,8644,卖盘
1493,10:56:48,21.61,-0.01,10,21610,卖盘
1494,10:56:42,21.62,-0.01,152,328624,卖盘
1495,10:56:33,21.63,--,15,32445,卖盘
1496,10:56:30,21.63,--,28,60564,卖盘
1497,10:56:27,21.63,--,20,43260,卖盘
1498,10:56:24,21.63,-0.01,30,64890,卖盘
1499,10:56:21,21.64,0.01,9,19476,买盘
1500,10:56:15,21.63,-0.01,6,12978,卖盘
1501,10:56:09,21.64,--,110,238040,卖盘
1502,10:56:06,21.64,--,7,15148,卖盘
1503,10:56:03,21.64,--,36,77904,卖盘
1504,10:56:00,21.64,--,40,86560,卖盘
1505,10:55:57,21.64,0.01,101,218564,买盘
1506,10:55:54,21.63,--,28,60564,卖盘
1507,10:55:51,21.63,--,17,36771,卖盘
1508,10:55:45,21.63,--,10,21630,卖盘
1509,10:55:42,21.63,--,25,54075,卖盘
1510,10:55:39,21.63,--,31,67053,买盘
1511,10:55:33,21.63,--,2,4326,买盘
1512,10:55:30,21.63,0.01,1,2163,买盘
1513,10:55:27,21.62,-0.01,6,12972,卖盘
1514,10:55:24,21.63,-0.01,6,12978,卖盘
1515,10:55:21,21.64,--,10,21640,买盘
1516,10:55:18,21.64,-0.01,174,376536,卖盘
1517,10:55:15,21.65,0.01,35,75775,买盘
1518,10:55:12,21.64,--,35,75740,卖盘
1519,10:55:06,21.64,-0.01,7,15148,中性盘
1520,10:55:00,21.65,0.02,19,41135,买盘
1521,10:54:57,21.63,-0.02,1,2163,卖盘
1522,10:54:54,21.65,0.02,70,151550,买盘
1523,10:54:51,21.63,-0.01,108,233604,卖盘
1524,10:54:48,21.64,-0.01,35,75740,中性盘
1525,10:54:45,21.65,0.02,20,43300,买盘
1526,10:54:42,21.63,-0.02,22,47586,卖盘
1527,10:54:39,21.65,--,324,701460,买盘
1528,10:54:36,21.65,--,19,41135,买盘
1529,10:54:33,21.65,0.01,14,30309,买盘
1530,10:54:30,21.64,-0.01,9,19476,卖盘
1531,10:54:27,21.65,-0.01,66,142890,卖盘
1532,10:54:24,21.66,0.01,50,108300,买盘
1533,10:54:21,21.65,--,1,2165,卖盘
1534,10:54:18,21.65,0.02,31,67115,买盘
1535,10:54:15,21.63,-0.02,1,2163,卖盘
1536,10:54:09,21.65,--,4,8660,卖盘
1537,10:54:06,21.65,--,71,153715,买盘
1538,10:54:03,21.65,0.03,100,216500,买盘
1539,10:54:00,21.62,--,86,185932,买盘
1540,10:53:51,21.62,--,21,45402,买盘
1541,10:53:48,21.62,--,5,10810,买盘
1542,10:53:39,21.62,0.02,63,136206,买盘
1543,10:53:33,21.6,--,1,2160,卖盘
1544,10:53:30,21.6,--,10,21600,卖盘
1545,10:53:27,21.6,0.02,299,647611,买盘
1546,10:53:24,21.58,--,23,49633,卖盘
1547,10:53:18,21.58,--,1,2158,卖盘
1548,10:53:15,21.58,0.01,66,142428,买盘
1549,10:53:12,21.57,-0.01,53,114321,卖盘
1550,10:53:09,21.58,0.01,10,21580,买盘
1551,10:53:06,21.57,-0.01,15,34296,卖盘
1552,10:52:51,21.58,--,4,8632,买盘
1553,10:52:48,21.58,--,1,2158,买盘
1554,10:52:45,21.58,-0.01,1,2158,卖盘
1555,10:52:42,21.59,0.01,200,431800,买盘
1556,10:52:39,21.58,-0.02,15,32369,卖盘
1557,10:52:33,21.6,0.02,9,19440,买盘
1558,10:52:30,21.58,-0.02,12,25895,卖盘
1559,10:52:27,21.6,--,27,58320,卖盘
1560,10:52:18,21.6,--,6,12960,卖盘
1561,10:52:12,21.6,--,122,263520,卖盘
1562,10:52:09,21.6,--,20,43200,卖盘
1563,10:52:06,21.6,-0.01,18,38880,卖盘
1564,10:52:00,21.61,0.01,7,15127,买盘
1565,10:51:54,21.6,--,188,406080,买盘
1566,10:51:51,21.6,-0.01,50,108000,卖盘
1567,10:51:45,21.61,-0.01,1,2161,买盘
1568,10:51:42,21.62,0.02,29,62698,买盘
1569,10:51:39,21.6,-0.01,31,66960,卖盘
1570,10:51:36,21.61,--,7,15127,卖盘
1571,10:51:33,21.61,0.01,24,51864,中性盘
1572,10:51:30,21.6,--,225,486000,卖盘
1573,10:51:27,21.6,-0.03,8,17280,卖盘
1574,10:51:24,21.63,0.03,179,387177,买盘
1575,10:51:21,21.6,--,10,21600,买盘
1576,10:51:15,21.6,-0.03,9,19440,卖盘
1577,10:51:12,21.63,--,18,38934,买盘
1578,10:51:09,21.63,0.03,10,21630,买盘
1579,10:51:06,21.6,-0.03,13,28080,卖盘
1580,10:51:03,21.63,-0.01,33,71379,中性盘
1581,10:51:00,21.64,-0.01,78,168792,买盘
1582,10:50:57,21.65,--,100,216500,买盘
1583,10:50:54,21.65,--,8,17320,买盘
1584,10:50:51,21.65,--,7,15154,买盘
1585,10:50:48,21.65,0.03,79,171143,卖盘
1586,10:50:45,21.62,-0.03,201,434562,卖盘
1587,10:50:42,21.65,-0.01,16,34640,卖盘
1588,10:50:39,21.66,0.01,109,238151,买盘
1589,10:50:36,21.65,--,12,25980,买盘
1590,10:50:33,21.65,--,34,73610,买盘
1591,10:50:30,21.65,0.01,80,173200,买盘
1592,10:50:24,21.64,-0.01,37,80068,中性盘
1593,10:50:15,21.65,0.05,197,426505,买盘
1594,10:50:12,21.6,0.01,10,21600,中性盘
1595,10:50:09,21.59,-0.01,276,595884,买盘
1596,10:50:06,21.6,--,158,341280,买盘
1597,10:50:03,21.6,0.01,301,650160,买盘
1598,10:50:00,21.59,0.01,23,49657,买盘
1599,10:49:57,21.58,0.02,4,8632,买盘
1600,10:49:54,21.56,-0.02,2,4312,卖盘
1601,10:49:48,21.58,-0.01,234,504971,卖盘
1602,10:49:42,21.59,0.03,100,215900,买盘
1603,10:49:39,21.56,--,114,245783,卖盘
1604,10:49:30,21.56,--,15,32339,卖盘
1605,10:49:27,21.56,--,17,36652,卖盘
1606,10:49:21,21.56,--,1,2156,卖盘
1607,10:49:18,21.56,-0.01,44,94864,卖盘
1608,10:49:15,21.57,--,18,38826,买盘
1609,10:49:00,21.57,--,9,19413,卖盘
1610,10:48:54,21.57,--,3,6471,卖盘
1611,10:48:51,21.57,0.01,1,2157,卖盘
1612,10:48:48,21.56,-0.01,18,38808,卖盘
1613,10:48:45,21.57,--,42,90594,买盘
1614,10:48:39,21.57,--,6,12942,买盘
1615,10:48:33,21.57,--,15,32355,买盘
1616,10:48:12,21.57,0.01,55,118635,买盘
1617,10:48:09,21.56,--,22,47432,卖盘
1618,10:48:03,21.56,--,2,4312,卖盘
1619,10:48:00,21.56,-0.01,39,84946,卖盘
1620,10:47:54,21.57,--,3,6471,买盘
1621,10:47:45,21.57,0.01,3,6471,买盘
1622,10:47:42,21.56,--,14,30722,卖盘
1623,10:47:39,21.56,-0.01,3,6468,卖盘
1624,10:47:33,21.57,--,5,10785,买盘
1625,10:47:30,21.57,--,52,112164,买盘
1626,10:47:24,21.57,--,10,21570,买盘
1627,10:47:18,21.57,--,58,125106,卖盘
1628,10:47:15,21.57,--,13,28041,卖盘
1629,10:47:12,21.57,--,65,140205,卖盘
1630,10:47:09,21.57,--,3,6471,卖盘
1631,10:47:06,21.57,--,4,8628,卖盘
1632,10:47:00,21.57,--,33,71181,买盘
1633,10:46:54,21.57,0.01,9,19413,买盘
1634,10:46:51,21.56,-0.01,10,21560,卖盘
1635,10:46:48,21.57,--,3,6471,买盘
1636,10:46:45,21.57,-0.01,10,21570,中性盘
1637,10:46:39,21.58,--,8,17264,买盘
1638,10:46:36,21.58,0.01,2,4316,买盘
1639,10:46:33,21.57,-0.01,1,2157,卖盘
1640,10:46:27,21.58,--,22,47475,买盘
1641,10:46:24,21.58,--,13,28053,买盘
1642,10:46:21,21.58,--,22,47475,买盘
1643,10:46:18,21.58,--,2,4316,买盘
1644,10:46:15,21.58,--,4,8632,买盘
1645,10:46:12,21.58,--,4,8632,买盘
1646,10:46:09,21.58,--,7,15105,买盘
1647,10:46:06,21.58,0.01,95,205009,买盘
1648,10:46:03,21.57,--,10,21570,卖盘
1649,10:46:00,21.57,-0.01,7,15099,卖盘
1650,10:45:57,21.58,--,30,64739,买盘
1651,10:45:54,21.58,0.01,2,4316,买盘
1652,10:45:51,21.57,--,5,10785,卖盘
1653,10:45:48,21.57,--,2,4314,卖盘
1654,10:45:42,21.57,--,1,2157,卖盘
1655,10:45:39,21.57,--,40,86280,买盘
1656,10:45:33,21.57,0.01,40,86280,买盘
1657,10:45:24,21.56,--,64,137984,买盘
1658,10:45:21,21.56,0.01,30,64679,买盘
1659,10:45:09,21.55,--,1,2155,卖盘
1660,10:45:06,21.55,--,251,540905,买盘
1661,10:45:03,21.55,0.01,1,2155,买盘
1662,10:44:51,21.54,--,123,264942,买盘
1663,10:44:39,21.54,0.01,3,6462,买盘
1664,10:44:36,21.53,-0.01,30,64590,卖盘
1665,10:44:30,21.54,0.01,6,12924,买盘
1666,10:44:24,21.53,-0.01,6,12918,中性盘
1667,10:44:06,21.54,0.03,114,245556,买盘
1668,10:44:03,21.51,--,8,17208,买盘
1669,10:44:00,21.51,-0.02,42,90342,卖盘
1670,10:43:57,21.53,0.01,20,43060,买盘
1671,10:43:51,21.52,--,1,2152,卖盘
1672,10:43:48,21.52,--,1,2152,买盘
1673,10:43:45,21.52,--,5,10760,买盘
1674,10:43:36,21.52,--,3,6456,买盘
1675,10:43:27,21.52,-0.01,2,4304,卖盘
1676,10:43:21,21.53,--,2,4306,买盘
1677,10:43:12,21.53,0.01,5,10765,买盘
1678,10:43:09,21.52,0.01,6,12912,买盘
1679,10:43:03,21.51,-0.01,1,2151,卖盘
1680,10:43:00,21.52,0.01,34,73168,买盘
1681,10:42:57,21.51,-0.01,10,21510,卖盘
1682,10:42:54,21.52,--,5,10760,买盘
1683,10:42:48,21.52,--,2,4304,买盘
1684,10:42:45,21.52,0.01,27,58104,买盘
1685,10:42:42,21.51,--,6,12906,卖盘
1686,10:42:39,21.51,--,25,53775,卖盘
1687,10:42:30,21.51,--,10,21510,卖盘
1688,10:42:27,21.51,--,17,36567,买盘
1689,10:42:24,21.51,0.01,2,4302,买盘
1690,10:42:21,21.5,-0.01,11,23650,卖盘
1691,10:42:15,21.51,0.01,8,17208,买盘
1692,10:42:12,21.5,-0.01,3,6450,卖盘
1693,10:42:06,21.51,0.01,1,2151,买盘
1694,10:42:03,21.5,--,5,10750,卖盘
1695,10:41:57,21.5,--,3,6450,卖盘
1696,10:41:51,21.5,--,2,4300,卖盘
1697,10:41:30,21.5,-0.01,5,10750,卖盘
1698,10:41:27,21.51,--,2,4302,卖盘
1699,10:41:24,21.51,--,1,2151,卖盘
1700,10:41:09,21.51,--,1,2151,卖盘
1701,10:41:03,21.51,--,1,2151,卖盘
1702,10:41:00,21.51,--,1,2151,买盘
1703,10:40:57,21.51,-0.01,3,6453,买盘
1704,10:40:42,21.52,0.01,10,21520,买盘
1705,10:40:33,21.51,-0.01,9,19359,卖盘
1706,10:40:27,21.52,0.01,6,12912,买盘
1707,10:40:24,21.51,--,5,10755,卖盘
1708,10:40:18,21.51,--,1,2151,卖盘
1709,10:40:12,21.51,--,5,10755,卖盘
1710,10:40:06,21.51,-0.01,26,55926,卖盘
1711,10:40:00,21.52,--,10,21520,买盘
1712,10:39:57,21.52,0.01,12,25824,买盘
1713,10:39:45,21.51,-0.01,43,92493,卖盘
1714,10:39:42,21.52,--,55,118360,买盘
1715,10:39:36,21.52,0.01,7,15064,买盘
1716,10:39:33,21.51,--,1,2151,卖盘
1717,10:39:27,21.51,0.01,5,10755,买盘
1718,10:39:24,21.5,--,9,19350,卖盘
1719,10:39:21,21.5,--,23,49450,卖盘
1720,10:39:15,21.5,--,52,111800,卖盘
1721,10:39:12,21.5,--,10,21500,卖盘
1722,10:39:00,21.5,--,1,2150,卖盘
1723,10:38:54,21.5,-0.01,20,43000,卖盘
1724,10:38:36,21.51,--,1,2151,卖盘
1725,10:38:24,21.51,--,4,8604,卖盘
1726,10:38:21,21.51,--,2,4302,卖盘
1727,10:38:00,21.51,--,1,2151,卖盘
1728,10:37:51,21.51,--,4,8604,卖盘
1729,10:37:42,21.51,--,5,10755,卖盘
1730,10:37:36,21.51,--,10,21510,卖盘
1731,10:37:27,21.51,--,1,2151,卖盘
1732,10:37:24,21.51,--,2,4302,卖盘
1733,10:37:21,21.51,-0.01,1,2151,卖盘
1734,10:37:18,21.52,--,6,12912,买盘
1735,10:37:09,21.52,0.01,1,2152,买盘
1736,10:37:03,21.51,-0.01,8,17616,卖盘
1737,10:36:57,21.52,--,10,21520,买盘
1738,10:36:48,21.52,--,5,10760,中性盘
1739,10:36:24,21.52,0.01,14,30128,买盘
1740,10:36:15,21.51,--,14,30114,卖盘
1741,10:36:12,21.51,0.01,233,501183,买盘
1742,10:36:03,21.5,--,1,2150,卖盘
1743,10:36:00,21.5,-0.01,1,2150,卖盘
1744,10:35:54,21.51,--,1,2151,买盘
1745,10:35:45,21.51,0.01,20,43020,买盘
1746,10:35:42,21.5,--,11,23671,买盘
1747,10:35:39,21.5,--,5,10750,买盘
1748,10:35:27,21.5,--,7,17178,卖盘
1749,10:35:18,21.5,--,20,43000,卖盘
1750,10:35:15,21.5,--,53,113950,卖盘
1751,10:35:09,21.5,--,16,34400,卖盘
1752,10:35:06,21.5,--,4,8600,卖盘
1753,10:35:03,21.5,-0.01,1,2150,卖盘
1754,10:34:57,21.51,--,10,21510,买盘
1755,10:34:51,21.51,0.01,12,25812,买盘
1756,10:34:48,21.5,--,21,45150,卖盘
1757,10:34:45,21.5,--,18,38700,卖盘
1758,10:34:42,21.5,-0.01,150,322500,卖盘
1759,10:34:27,21.51,--,20,43020,买盘
1760,10:34:24,21.51,-0.01,58,124758,卖盘
1761,10:34:21,21.52,0.01,10,21520,买盘
1762,10:34:03,21.51,-0.01,30,64530,卖盘
1763,10:34:00,21.52,--,54,116208,卖盘
1764,10:33:54,21.52,--,8,17216,卖盘
1765,10:33:48,21.52,--,10,21520,卖盘
1766,10:33:30,21.52,--,17,36584,卖盘
1767,10:33:27,21.52,--,30,64560,卖盘
1768,10:33:24,21.52,--,5,10760,卖盘
1769,10:33:21,21.52,-0.01,277,596104,卖盘
1770,10:33:03,21.53,--,12,25836,卖盘
1771,10:33:00,21.53,--,5,10765,卖盘
1772,10:32:57,21.53,--,7,15071,卖盘
1773,10:32:54,21.53,--,10,21530,卖盘
1774,10:32:51,21.53,--,2,4306,卖盘
1775,10:32:36,21.53,--,10,21530,卖盘
1776,10:32:27,21.53,-0.01,6,12918,卖盘
1777,10:32:24,21.54,0.02,31,66774,买盘
1778,10:32:18,21.52,-0.01,5,10760,卖盘
1779,10:32:09,21.53,--,5,10765,卖盘
1780,10:32:03,21.53,-0.01,6,12918,卖盘
1781,10:31:57,21.54,0.01,13,28002,买盘
1782,10:31:54,21.53,--,10,21530,卖盘
1783,10:31:48,21.53,--,3,6459,卖盘
1784,10:31:36,21.53,--,3,6459,卖盘
1785,10:31:33,21.53,--,5,10765,卖盘
1786,10:31:27,21.53,--,53,114109,买盘
1787,10:31:21,21.53,0.01,14,30142,买盘
1788,10:31:09,21.52,-0.01,1,2152,中性盘
1789,10:31:00,21.53,0.03,45,96885,买盘
1790,10:30:54,21.5,--,13,27950,卖盘
1791,10:30:51,21.5,--,15,32250,卖盘
1792,10:30:48,21.5,--,4,8600,卖盘
1793,10:30:45,21.5,--,11,23650,卖盘
1794,10:30:42,21.5,-0.01,107,230050,卖盘
1795,10:30:36,21.51,--,3,6453,卖盘
1796,10:30:30,21.51,-0.01,35,75285,卖盘
1797,10:30:09,21.52,--,65,139880,买盘
1798,10:30:03,21.52,-0.01,30,64560,卖盘
1799,10:29:57,21.53,--,59,127027,买盘
1800,10:29:51,21.53,--,3,6459,买盘
1801,10:29:45,21.53,--,7,15071,买盘
1802,10:29:33,21.53,-0.01,12,25836,卖盘
1803,10:29:18,21.54,0.01,11,23694,买盘
1804,10:29:12,21.53,-0.01,3,6459,卖盘
1805,10:29:09,21.54,--,9,19386,卖盘
1806,10:29:03,21.54,-0.01,11,23694,卖盘
1807,10:28:42,21.55,0.01,151,325405,买盘
1808,10:28:39,21.54,--,5,10770,卖盘
1809,10:28:36,21.54,--,7,15078,卖盘
1810,10:28:33,21.54,--,1,2154,卖盘
1811,10:28:30,21.54,-0.01,1,2154,卖盘
1812,10:28:27,21.55,0.01,5,10775,买盘
1813,10:28:24,21.54,--,10,21540,卖盘
1814,10:28:21,21.54,--,3,6462,卖盘
1815,10:28:15,21.54,--,10,21540,卖盘
1816,10:28:12,21.54,--,20,43080,卖盘
1817,10:28:06,21.54,--,10,21540,卖盘
1818,10:28:03,21.54,--,5,10770,卖盘
1819,10:27:57,21.54,-0.01,19,40926,买盘
1820,10:27:51,21.55,0.03,100,215500,买盘
1821,10:27:48,21.52,-0.02,10,21520,卖盘
1822,10:27:45,21.54,-0.01,16,34464,卖盘
1823,10:27:42,21.55,0.01,105,226275,买盘
1824,10:27:30,21.54,--,10,21540,卖盘
1825,10:27:27,21.54,--,10,21540,卖盘
1826,10:27:24,21.54,--,34,73236,卖盘
1827,10:27:21,21.54,--,1,2154,卖盘
1828,10:27:15,21.54,0.02,77,165858,买盘
1829,10:27:12,21.52,-0.02,8,17216,卖盘
1830,10:27:09,21.54,--,16,34464,买盘
1831,10:27:00,21.54,0.02,6,12924,买盘
1832,10:26:51,21.52,-0.02,3,6456,卖盘
1833,10:26:45,21.54,0.01,23,49542,买盘
1834,10:26:42,21.53,--,10,21530,买盘
1835,10:26:39,21.53,--,42,90426,卖盘
1836,10:26:36,21.53,--,19,40907,卖盘
1837,10:26:33,21.53,--,10,21530,卖盘
1838,10:26:30,21.53,--,17,36601,卖盘
1839,10:26:18,21.53,--,15,32295,卖盘
1840,10:26:15,21.53,--,5,10765,卖盘
1841,10:26:00,21.53,--,7,15071,卖盘
1842,10:25:54,21.53,--,5,10765,买盘
1843,10:25:48,21.53,0.01,5,10765,买盘
1844,10:25:45,21.52,-0.01,23,49496,卖盘
1845,10:25:42,21.53,--,1,2153,买盘
1846,10:25:39,21.53,0.01,6,12918,买盘
1847,10:25:36,21.52,--,5,10760,卖盘
1848,10:25:33,21.52,--,22,47344,卖盘
1849,10:25:30,21.52,-0.01,9,19368,卖盘
1850,10:25:21,21.53,0.01,3,6459,买盘
1851,10:25:12,21.52,--,37,79624,买盘
1852,10:25:06,21.52,0.02,29,62408,买盘
1853,10:24:48,21.5,--,2,4300,卖盘
1854,10:24:39,21.5,-0.02,15,32250,卖盘
1855,10:24:36,21.52,--,30,64560,卖盘
1856,10:24:30,21.52,0.02,23,49496,买盘
1857,10:24:24,21.5,-0.02,20,43000,卖盘
1858,10:24:18,21.52,0.02,7,15064,买盘
1859,10:24:12,21.5,-0.02,1,2150,卖盘
1860,10:24:09,21.52,--,16,34432,卖盘
1861,10:24:06,21.52,-0.01,5,10760,卖盘
1862,10:24:03,21.53,0.01,15,32295,买盘
1863,10:24:00,21.52,--,1,2152,卖盘
1864,10:23:51,21.52,--,1,2152,卖盘
1865,10:23:48,21.52,-0.01,10,21520,卖盘
1866,10:23:36,21.53,--,18,38754,卖盘
1867,10:23:33,21.53,--,3,6459,卖盘
1868,10:23:27,21.53,--,2,4306,卖盘
1869,10:23:06,21.53,-0.02,8,17224,卖盘
1870,10:23:00,21.55,--,22,47410,卖盘
1871,10:22:57,21.55,--,100,215500,卖盘
1872,10:22:54,21.55,--,37,79950,买盘
1873,10:22:45,21.55,--,1,4094,卖盘
1874,10:22:42,21.55,--,9,19395,卖盘
1875,10:22:39,21.55,--,59,127145,卖盘
1876,10:22:36,21.55,--,40,86200,卖盘
1877,10:22:33,21.55,--,6,12930,卖盘
1878,10:22:30,21.55,--,5,10775,卖盘
1879,10:22:27,21.55,--,5,10775,卖盘
1880,10:22:24,21.55,--,21,45470,买盘
1881,10:22:18,21.55,0.02,30,64650,买盘
1882,10:22:15,21.53,--,10,21530,卖盘
1883,10:22:12,21.53,-0.02,60,129180,卖盘
1884,10:22:09,21.55,0.02,63,135765,买盘
1885,10:22:06,21.53,--,50,107650,买盘
1886,10:22:03,21.53,0.01,9,19377,买盘
1887,10:22:00,21.52,-0.01,10,21520,卖盘
1888,10:21:57,21.53,--,5,10765,买盘
1889,10:21:54,21.53,0.01,20,43060,买盘
1890,10:21:51,21.52,0.02,16,34432,卖盘
1891,10:21:45,21.5,-0.02,10,21500,卖盘
1892,10:21:39,21.52,--,1,2152,卖盘
1893,10:21:33,21.52,0.02,8,17216,买盘
1894,10:21:24,21.5,-0.02,2,4300,卖盘
1895,10:21:18,21.52,0.02,4,8608,买盘
1896,10:21:15,21.5,-0.02,0,21,卖盘
1897,10:21:12,21.52,0.02,2,4304,买盘
1898,10:21:09,21.5,--,4,8600,卖盘
1899,10:21:00,21.5,0.01,16,34400,买盘
1900,10:20:57,21.49,-0.01,14,30085,卖盘
1901,10:20:42,21.5,--,5,10750,买盘
1902,10:20:33,21.5,0.02,52,111800,买盘
1903,10:20:27,21.48,--,21,45108,卖盘
1904,10:20:24,21.48,--,11,23628,卖盘
1905,10:20:21,21.48,--,26,55848,买盘
1906,10:20:15,21.48,--,7,15036,买盘
1907,10:20:06,21.48,0.01,1,2148,买盘
1908,10:19:57,21.47,--,8,17176,卖盘
1909,10:19:51,21.47,--,2,4294,买盘
1910,10:19:48,21.47,-0.01,4,8588,中性盘
1911,10:19:33,21.48,0.03,3,6444,买盘
1912,10:19:21,21.45,-0.02,10,21450,卖盘
1913,10:19:18,21.47,-0.01,4,8588,卖盘
1914,10:19:15,21.48,0.03,2,4296,中性盘
1915,10:19:06,21.45,-0.03,220,471900,卖盘
1916,10:19:03,21.48,--,56,120288,卖盘
1917,10:18:57,21.48,-0.01,39,83772,卖盘
1918,10:18:54,21.49,--,28,60171,买盘
1919,10:18:51,21.49,0.01,22,47278,买盘
1920,10:18:48,21.48,--,1,2148,卖盘
1921,10:18:27,21.48,--,4,8592,卖盘
1922,10:18:24,21.48,-0.01,7,15036,卖盘
1923,10:18:21,21.49,0.01,3,6446,买盘
1924,10:18:18,21.48,-0.01,20,42960,卖盘
1925,10:18:15,21.49,--,23,49427,买盘
1926,10:18:03,21.49,0.01,9,19341,买盘
1927,10:18:00,21.48,--,1,2148,卖盘
1928,10:17:57,21.48,-0.01,58,124584,卖盘
1929,10:17:51,21.49,--,7,15042,卖盘
1930,10:17:48,21.49,--,1,2149,卖盘
1931,10:17:42,21.49,-0.01,2,4298,卖盘
1932,10:17:39,21.5,--,1,2150,买盘
1933,10:17:36,21.5,--,38,81700,买盘
1934,10:17:33,21.5,-0.03,64,137600,卖盘
1935,10:17:30,21.53,0.02,27,58131,买盘
1936,10:17:27,21.51,-0.01,2,4302,卖盘
1937,10:17:18,21.52,--,7,15064,卖盘
1938,10:17:15,21.52,-0.01,6,12912,卖盘
1939,10:17:12,21.53,--,2,4306,卖盘
1940,10:17:09,21.53,0.01,9,19377,中性盘
1941,10:17:03,21.52,--,50,107600,卖盘
1942,10:17:00,21.52,--,2,4304,卖盘
1943,10:16:54,21.52,--,26,55952,卖盘
1944,10:16:51,21.52,--,2,4304,卖盘
1945,10:16:45,21.52,--,7,15064,买盘
1946,10:16:39,21.52,--,5,10760,买盘
1947,10:16:33,21.52,--,4,8608,买盘
1948,10:16:27,21.52,-0.02,4,8608,中性盘
1949,10:16:06,21.54,-0.01,53,114162,卖盘
1950,10:16:03,21.55,0.01,72,155160,买盘
1951,10:16:00,21.54,--,7,15078,买盘
1952,10:15:57,21.54,--,4,8616,买盘
1953,10:15:45,21.54,--,5,10770,卖盘
1954,10:15:33,21.54,--,52,112008,卖盘
1955,10:15:27,21.54,--,3,6462,卖盘
1956,10:15:24,21.54,--,1,2154,卖盘
1957,10:15:21,21.54,0.02,62,133548,买盘
1958,10:15:18,21.52,--,6,12912,买盘
1959,10:15:15,21.52,-0.02,41,88232,卖盘
1960,10:15:09,21.54,0.01,7,15078,买盘
1961,10:15:06,21.53,--,2,4306,卖盘
1962,10:15:00,21.53,--,4,8612,卖盘
1963,10:14:54,21.53,--,100,215300,卖盘
1964,10:14:48,21.53,--,2,4306,卖盘
1965,10:14:39,21.53,-0.01,2,4306,卖盘
1966,10:14:33,21.54,--,40,86160,买盘
1967,10:14:24,21.54,--,5,10770,买盘
1968,10:14:21,21.54,--,5,10770,买盘
1969,10:14:15,21.54,0.01,4,8616,买盘
1970,10:14:03,21.53,0.01,41,88273,买盘
1971,10:14:00,21.52,-0.01,1,2152,卖盘
1972,10:13:51,21.53,-0.01,126,271278,卖盘
1973,10:13:45,21.54,0.01,2,4308,买盘
1974,10:13:39,21.53,--,10,21530,卖盘
1975,10:13:33,21.53,-0.02,60,129180,卖盘
1976,10:13:30,21.55,0.01,14,30170,买盘
1977,10:13:27,21.54,-0.01,2,4308,卖盘
1978,10:13:24,21.55,--,1,2155,买盘
1979,10:13:21,21.55,0.01,12,27799,买盘
1980,10:13:06,21.54,--,26,56004,卖盘
1981,10:13:00,21.54,-0.01,0,215,卖盘
1982,10:12:57,21.55,--,1,2155,买盘
1983,10:12:33,21.55,--,10,21550,买盘
1984,10:12:30,21.55,--,16,34480,买盘
1985,10:12:21,21.55,-0.01,31,66805,卖盘
1986,10:12:18,21.56,0.01,5,10780,买盘
1987,10:12:15,21.55,--,1,2155,卖盘
1988,10:12:12,21.55,-0.01,80,172400,卖盘
1989,10:12:09,21.56,--,2,4312,买盘
1990,10:12:06,21.56,0.01,5,10780,买盘
1991,10:12:03,21.55,--,4,8620,卖盘
1992,10:12:00,21.55,-0.01,8,17240,卖盘
1993,10:11:54,21.56,0.01,2,4312,买盘
1994,10:11:48,21.55,--,27,58185,买盘
1995,10:11:45,21.55,--,3,6465,卖盘
1996,10:11:42,21.55,-0.01,30,64650,卖盘
1997,10:11:36,21.56,0.01,3,6468,买盘
1998,10:11:30,21.55,-0.01,25,53875,卖盘
1999,10:11:27,21.56,0.01,2,4312,买盘
2000,10:11:24,21.55,--,6,12930,卖盘
2001,10:11:21,21.55,--,10,21550,卖盘
2002,10:11:18,21.55,--,2,4310,卖盘
2003,10:11:03,21.55,-0.01,1,2155,卖盘
2004,10:10:57,21.56,0.01,10,21560,买盘
2005,10:10:51,21.55,--,3,6465,买盘
2006,10:10:48,21.55,--,10,21550,买盘
2007,10:10:45,21.55,--,33,71115,买盘
2008,10:10:39,21.55,0.01,58,124990,买盘
2009,10:10:36,21.54,-0.01,10,21540,卖盘
2010,10:10:33,21.55,--,10,21550,买盘
2011,10:10:27,21.55,--,12,25860,买盘
2012,10:10:21,21.55,0.01,3,6465,买盘
2013,10:10:09,21.54,--,3,6462,卖盘
2014,10:09:57,21.54,--,6,12924,买盘
2015,10:09:54,21.54,--,15,32310,买盘
2016,10:09:48,21.54,--,3,6462,买盘
2017,10:09:45,21.54,0.01,14,30156,买盘
2018,10:09:42,21.53,-0.01,10,21530,卖盘
2019,10:09:36,21.54,--,52,112008,买盘
2020,10:09:33,21.54,0.01,3,6462,买盘
2021,10:09:30,21.53,--,2,4306,卖盘
2022,10:09:18,21.53,--,80,172240,买盘
2023,10:09:06,21.53,--,4,8612,买盘
2024,10:09:03,21.53,-0.01,16,34448,卖盘
2025,10:09:00,21.54,0.01,5,10770,买盘
2026,10:08:54,21.53,--,20,43060,卖盘
2027,10:08:48,21.53,--,7,15071,买盘
2028,10:08:42,21.53,--,4,8612,买盘
2029,10:08:39,21.53,--,13,27989,买盘
2030,10:08:30,21.53,0.01,10,21530,买盘
2031,10:08:21,21.52,--,141,303432,买盘
2032,10:08:18,21.52,--,15,32280,买盘
2033,10:08:15,21.52,--,1,2152,买盘
2034,10:08:12,21.52,--,10,21520,买盘
2035,10:08:09,21.52,0.01,2,4304,买盘
2036,10:08:06,21.51,-0.01,4,8604,卖盘
2037,10:07:57,21.52,--,28,60256,买盘
2038,10:07:48,21.52,0.01,15,32280,买盘
2039,10:07:45,21.51,--,29,62379,卖盘
2040,10:07:39,21.51,--,12,25812,买盘
2041,10:07:36,21.51,--,1,2151,买盘
2042,10:07:30,21.51,--,13,27963,买盘
2043,10:07:18,21.51,--,19,40869,买盘
2044,10:07:09,21.51,--,2,4302,买盘
2045,10:07:06,21.51,0.01,51,109701,买盘
2046,10:07:03,21.5,--,9,19350,买盘
2047,10:07:00,21.5,--,100,215000,卖盘
2048,10:06:54,21.5,-0.01,2,4300,卖盘
2049,10:06:51,21.51,0.01,4,8604,买盘
2050,10:06:48,21.5,--,1,2150,卖盘
2051,10:06:45,21.5,-0.01,10,21500,卖盘
2052,10:06:39,21.51,--,52,111852,买盘
2053,10:06:33,21.51,0.01,14,30114,买盘
2054,10:06:24,21.5,--,1,2150,卖盘
2055,10:06:12,21.5,--,18,38700,卖盘
2056,10:06:03,21.5,--,3,6450,卖盘
2057,10:05:54,21.5,--,15,32250,卖盘
2058,10:05:48,21.5,0.01,42,90300,买盘
2059,10:05:45,21.49,-0.01,10,21490,卖盘
2060,10:05:33,21.5,--,5,10750,买盘
2061,10:05:27,21.5,--,9,19350,买盘
2062,10:05:21,21.5,--,6,12900,买盘
2063,10:05:15,21.5,0.02,3,6450,中性盘
2064,10:05:12,21.48,--,1,2148,卖盘
2065,10:05:09,21.48,-0.02,14,30072,卖盘
2066,10:05:03,21.5,0.01,60,129000,买盘
2067,10:04:57,21.49,--,13,27936,买盘
2068,10:04:54,21.49,--,11,23639,卖盘
2069,10:04:48,21.49,--,1,2149,卖盘
2070,10:04:45,21.49,--,20,42980,买盘
2071,10:04:33,21.49,--,10,21490,买盘
2072,10:04:27,21.49,--,1,2149,买盘
2073,10:04:21,21.49,--,2,4298,卖盘
2074,10:04:12,21.49,--,5,10745,卖盘
2075,10:04:06,21.49,--,1,2149,卖盘
2076,10:04:03,21.49,-0.01,1,2149,卖盘
2077,10:04:00,21.5,--,5,10750,买盘
2078,10:03:57,21.5,0.02,2,4300,买盘
2079,10:03:48,21.48,-0.02,40,85920,卖盘
2080,10:03:39,21.5,--,5,10750,买盘
2081,10:03:36,21.5,-0.01,10,21500,中性盘
2082,10:03:33,21.51,0.02,52,111852,买盘
2083,10:03:30,21.49,--,17,36533,卖盘
2084,10:03:24,21.49,-0.01,3,6446,卖盘
2085,10:03:21,21.5,--,23,49450,买盘
2086,10:03:18,21.5,0.01,26,55900,买盘
2087,10:03:12,21.49,-0.01,2,4298,卖盘
2088,10:03:09,21.5,-0.01,8,17200,中性盘
2089,10:03:03,21.51,--,4,8604,买盘
2090,10:03:00,21.51,0.01,54,116154,买盘
2091,10:02:57,21.5,-0.01,20,43000,卖盘
2092,10:02:54,21.51,0.01,3,6453,买盘
2093,10:02:48,21.5,--,4,8600,卖盘
2094,10:02:45,21.5,--,10,21500,卖盘
2095,10:02:42,21.5,-0.01,10,21500,卖盘
2096,10:02:36,21.51,--,30,64530,买盘
2097,10:02:30,21.51,0.01,2,4302,买盘
2098,10:02:24,21.5,-0.01,33,70950,卖盘
2099,10:02:15,21.51,--,8,17208,买盘
2100,10:02:03,21.51,-0.01,1,2151,卖盘
2101,10:02:00,21.52,0.01,22,47344,买盘
2102,10:01:57,21.51,--,56,120456,卖盘
2103,10:01:54,21.51,--,3,6453,买盘
2104,10:01:51,21.51,-0.01,2,4302,卖盘
2105,10:01:45,21.52,0.02,11,23672,买盘
2106,10:01:39,21.5,-0.02,97,208550,卖盘
2107,10:01:33,21.52,--,10,21520,买盘
2108,10:01:24,21.52,--,2,4304,买盘
2109,10:01:09,21.52,--,13,27976,买盘
2110,10:01:06,21.52,-0.01,36,77472,卖盘
2111,10:00:57,21.53,--,6,12918,买盘
2112,10:00:48,21.53,0.02,3,6459,买盘
2113,10:00:45,21.51,-0.04,32,68832,卖盘
2114,10:00:42,21.55,0.03,2,4310,买盘
2115,10:00:39,21.52,-0.03,5,10760,卖盘
2116,10:00:33,21.55,--,1,2155,买盘
2117,10:00:30,21.55,--,3,6465,买盘
2118,10:00:15,21.55,--,25,53875,卖盘
2119,10:00:09,21.55,--,2,4310,卖盘
2120,10:00:06,21.55,--,7,15085,卖盘
2121,10:00:03,21.55,--,10,21550,卖盘
2122,09:59:57,21.55,0.04,257,553835,买盘
2123,09:59:54,21.51,--,2,4302,卖盘
2124,09:59:51,21.51,-0.01,9,19359,卖盘
2125,09:59:45,21.52,0.01,36,77472,买盘
2126,09:59:42,21.51,--,2,4302,买盘
2127,09:59:39,21.51,-0.01,25,53775,卖盘
2128,09:59:36,21.52,--,1,2152,买盘
2129,09:59:33,21.52,0.01,20,43040,买盘
2130,09:59:30,21.51,--,6,12906,卖盘
2131,09:59:27,21.51,-0.01,3,6453,卖盘
2132,09:59:24,21.52,0.01,25,53800,买盘
2133,09:59:21,21.51,0.01,7,15057,中性盘
2134,09:59:12,21.5,-0.01,18,38700,卖盘
2135,09:59:06,21.51,0.01,5,10755,买盘
2136,09:59:03,21.5,-0.01,3,6450,卖盘
2137,09:58:57,21.51,--,2,4302,买盘
2138,09:58:54,21.51,--,14,30114,买盘
2139,09:58:51,21.51,--,11,23661,卖盘
2140,09:58:45,21.51,--,11,23661,买盘
2141,09:58:42,21.51,0.01,25,53775,中性盘
2142,09:58:39,21.5,-0.02,46,98900,卖盘
2143,09:58:36,21.52,0.01,44,94688,买盘
2144,09:58:33,21.51,--,5,10755,买盘
2145,09:58:27,21.51,-0.01,1,2151,卖盘
2146,09:58:24,21.52,0.01,18,38736,买盘
2147,09:58:21,21.51,-0.01,11,23661,卖盘
2148,09:58:15,21.52,0.01,8,17216,中性盘
2149,09:58:12,21.51,-0.01,26,55926,卖盘
2150,09:58:03,21.52,-0.02,7,15064,卖盘
2151,09:58:00,21.54,--,3,6462,买盘
2152,09:57:51,21.54,-0.03,15,32310,卖盘
2153,09:57:48,21.57,--,50,107850,买盘
2154,09:57:45,21.57,0.02,167,360219,买盘
2155,09:57:42,21.55,--,47,101285,卖盘
2156,09:57:39,21.55,-0.02,205,441775,卖盘
2157,09:57:33,21.57,0.01,26,56082,买盘
2158,09:57:30,21.56,--,2,4312,卖盘
2159,09:57:27,21.56,--,50,107800,卖盘
2160,09:57:21,21.56,-0.01,1,2156,卖盘
2161,09:57:18,21.57,--,1,2157,买盘
2162,09:57:12,21.57,--,10,21570,买盘
2163,09:57:09,21.57,-0.01,6,14236,卖盘
2164,09:57:06,21.58,--,22,47475,买盘
2165,09:57:03,21.58,0.01,7,15105,买盘
2166,09:57:00,21.57,--,7,15099,卖盘
2167,09:56:57,21.57,-0.01,11,24589,卖盘
2168,09:56:54,21.58,0.01,36,77688,买盘
2169,09:56:51,21.57,-0.01,1,2157,卖盘
2170,09:56:48,21.58,-0.01,1,2158,买盘
2171,09:56:45,21.59,0.01,63,136017,买盘
2172,09:56:42,21.58,--,2,4316,卖盘
2173,09:56:39,21.58,0.01,2,4316,买盘
2174,09:56:36,21.57,-0.01,31,66867,卖盘
2175,09:56:30,21.58,-0.01,10,21580,卖盘
2176,09:56:27,21.59,--,31,66929,买盘
2177,09:56:24,21.59,--,37,79883,买盘
2178,09:56:21,21.59,0.01,28,60452,买盘
2179,09:56:18,21.58,-0.01,10,21580,卖盘
2180,09:56:15,21.59,0.01,8,17272,买盘
2181,09:56:12,21.58,--,6,12947,卖盘
2182,09:56:09,21.58,0.01,7,15105,买盘
2183,09:56:06,21.57,--,2,4314,卖盘
2184,09:56:03,21.57,-0.01,206,444342,卖盘
2185,09:56:00,21.58,0.01,10,21580,买盘
2186,09:55:57,21.57,-0.01,5,10785,卖盘
2187,09:55:54,21.58,--,22,47475,买盘
2188,09:55:48,21.58,--,53,114373,买盘
2189,09:55:45,21.58,--,33,71214,买盘
2190,09:55:42,21.58,--,1,2158,买盘
2191,09:55:39,21.58,0.03,19,41002,买盘
2192,09:55:33,21.55,-0.03,109,234895,卖盘
2193,09:55:30,21.58,--,23,49633,买盘
2194,09:55:27,21.58,--,29,62581,卖盘
2195,09:55:24,21.58,--,36,77688,买盘
2196,09:55:21,21.58,--,21,45318,买盘
2197,09:55:18,21.58,--,123,265434,买盘
2198,09:55:15,21.58,0.01,25,53949,买盘
2199,09:55:12,21.57,--,20,43140,买盘
2200,09:55:09,21.57,-0.01,3,6471,买盘
2201,09:55:06,21.58,0.01,62,133796,买盘
2202,09:55:03,21.57,-0.01,45,97065,卖盘
2203,09:55:00,21.58,--,58,125163,买盘
2204,09:54:57,21.58,--,10,21580,买盘
2205,09:54:51,21.58,--,7,15105,买盘
2206,09:54:48,21.58,0.01,2,4316,买盘
2207,09:54:42,21.57,-0.01,12,25884,卖盘
2208,09:54:39,21.58,--,10,21580,买盘
2209,09:54:36,21.58,0.02,70,151060,买盘
2210,09:54:33,21.56,-0.02,5,10780,卖盘
2211,09:54:27,21.58,0.03,77,166166,买盘
2212,09:54:24,21.55,-0.02,111,239829,卖盘
2213,09:54:21,21.57,0.02,67,144519,买盘
2214,09:54:18,21.55,--,22,47410,买盘
2215,09:54:15,21.55,--,3,6465,买盘
2216,09:54:12,21.55,--,16,34480,买盘
2217,09:54:03,21.55,0.01,34,73270,买盘
2218,09:54:00,21.54,0.01,12,25848,买盘
2219,09:53:57,21.53,0.01,52,111956,买盘
2220,09:53:54,21.52,-0.01,1,2152,卖盘
2221,09:53:51,21.53,0.01,74,159322,买盘
2222,09:53:48,21.52,-0.01,19,40888,卖盘
2223,09:53:42,21.53,0.02,5,10765,买盘
2224,09:53:36,21.51,-0.01,13,27963,卖盘
2225,09:53:33,21.52,--,36,77472,买盘
2226,09:53:30,21.52,--,21,45192,买盘
2227,09:53:24,21.52,0.01,3,6456,买盘
2228,09:53:21,21.51,-0.01,5,10755,卖盘
2229,09:53:18,21.52,0.01,7,15064,买盘
2230,09:53:15,21.51,0.01,13,27963,买盘
2231,09:53:12,21.5,-0.01,19,40850,卖盘
2232,09:53:09,21.51,--,21,45171,买盘
2233,09:53:06,21.51,0.01,49,105399,买盘
2234,09:53:03,21.5,--,18,38700,卖盘
2235,09:53:00,21.5,-0.01,29,62350,卖盘
2236,09:52:54,21.51,--,5,10755,买盘
2237,09:52:51,21.51,--,9,19359,买盘
2238,09:52:48,21.51,--,5,10755,买盘
2239,09:52:45,21.51,-0.01,73,157023,卖盘
2240,09:52:39,21.52,--,1,2152,买盘
2241,09:52:30,21.52,-0.01,31,66712,卖盘
2242,09:52:24,21.53,--,15,32295,买盘
2243,09:52:21,21.53,--,2,4306,买盘
2244,09:52:15,21.53,--,8,17224,卖盘
2245,09:52:12,21.53,--,6,12918,卖盘
2246,09:52:09,21.53,--,25,53825,卖盘
2247,09:52:06,21.53,--,26,55978,卖盘
2248,09:52:03,21.53,--,2,4306,卖盘
2249,09:52:00,21.53,--,21,45213,卖盘
2250,09:51:57,21.53,--,59,127027,买盘
2251,09:51:54,21.53,0.01,4,8612,买盘
2252,09:51:51,21.52,--,62,133424,卖盘
2253,09:51:48,21.52,--,3,6456,卖盘
2254,09:51:45,21.52,-0.01,10,21520,卖盘
2255,09:51:42,21.53,--,5,10765,买盘
2256,09:51:39,21.53,--,1,2153,买盘
2257,09:51:36,21.53,--,14,30142,卖盘
2258,09:51:33,21.53,--,27,58131,卖盘
2259,09:51:30,21.53,-0.03,32,68896,卖盘
2260,09:51:27,21.56,--,3,6468,买盘
2261,09:51:24,21.56,0.03,8,17248,中性盘
2262,09:51:15,21.53,-0.05,217,467201,卖盘
2263,09:51:12,21.58,0.02,11,23737,买盘
2264,09:51:09,21.56,-0.01,193,416108,卖盘
2265,09:51:06,21.57,0.01,39,84123,买盘
2266,09:51:03,21.56,-0.01,5,10780,卖盘
2267,09:51:00,21.57,--,15,32355,买盘
2268,09:50:57,21.57,0.01,11,23727,买盘
2269,09:50:54,21.56,--,3,6468,卖盘
2270,09:50:51,21.56,--,5,10780,卖盘
2271,09:50:48,21.56,-0.01,17,36652,卖盘
2272,09:50:45,21.57,0.02,56,120792,买盘
2273,09:50:42,21.55,--,11,23705,买盘
2274,09:50:39,21.55,--,2,4310,买盘
2275,09:50:36,21.55,--,36,77580,卖盘
2276,09:50:33,21.55,-0.01,31,66805,卖盘
2277,09:50:30,21.56,0.01,10,21560,中性盘
2278,09:50:27,21.55,-0.01,52,112060,卖盘
2279,09:50:24,21.56,--,116,250095,买盘
2280,09:50:21,21.56,--,108,232848,买盘
2281,09:50:18,21.56,--,10,21560,买盘
2282,09:50:15,21.56,--,21,45276,买盘
2283,09:50:12,21.56,0.01,6,12936,买盘
2284,09:50:09,21.55,--,8,17240,卖盘
2285,09:50:06,21.55,--,38,81890,卖盘
2286,09:50:03,21.55,0.04,151,325405,买盘
2287,09:50:00,21.51,-0.03,40,86040,卖盘
2288,09:49:57,21.54,--,3,6462,卖盘
2289,09:49:54,21.54,0.02,108,232632,买盘
2290,09:49:51,21.52,-0.01,1,2152,卖盘
2291,09:49:48,21.53,0.01,56,120568,买盘
2292,09:49:45,21.52,-0.01,31,66712,买盘
2293,09:49:42,21.53,0.01,61,131333,买盘
2294,09:49:39,21.52,-0.01,110,236720,卖盘
2295,09:49:36,21.53,--,40,86120,买盘
2296,09:49:33,21.53,--,57,122721,买盘
2297,09:49:30,21.53,--,32,68896,买盘
2298,09:49:27,21.53,--,11,23683,买盘
2299,09:49:24,21.53,0.01,21,45213,买盘
2300,09:49:21,21.52,-0.01,33,71016,卖盘
2301,09:49:18,21.53,--,8,17224,卖盘
2302,09:49:15,21.53,--,17,36601,卖盘
2303,09:49:12,21.53,0.01,87,187311,买盘
2304,09:49:09,21.52,0.01,107,230264,买盘
2305,09:49:06,21.51,-0.01,20,43020,中性盘
2306,09:49:03,21.52,0.01,147,316344,买盘
2307,09:49:00,21.51,--,4,8604,买盘
2308,09:48:57,21.51,--,7,15057,买盘
2309,09:48:54,21.51,--,25,53775,买盘
2310,09:48:48,21.51,--,25,53775,卖盘
2311,09:48:45,21.51,--,2,4302,卖盘
2312,09:48:42,21.51,--,14,30114,卖盘
2313,09:48:39,21.51,--,65,139815,卖盘
2314,09:48:36,21.51,0.01,1,2151,买盘
2315,09:48:33,21.5,--,8,17200,卖盘
2316,09:48:30,21.5,0.01,221,475150,买盘
2317,09:48:27,21.49,--,11,23639,卖盘
2318,09:48:24,21.49,--,14,30085,买盘
2319,09:48:21,21.49,--,45,96705,买盘
2320,09:48:18,21.49,0.01,7,15042,买盘
2321,09:48:15,21.48,-0.01,114,244872,卖盘
2322,09:48:12,21.49,0.01,88,189112,买盘
2323,09:48:09,21.48,-0.01,1,2148,卖盘
2324,09:48:06,21.49,0.01,1,2149,买盘
2325,09:48:00,21.48,--,28,60144,买盘
2326,09:47:57,21.48,0.01,202,433896,买盘
2327,09:47:54,21.47,0.01,5,10735,买盘
2328,09:47:51,21.46,--,15,32190,卖盘
2329,09:47:48,21.46,--,16,34336,卖盘
2330,09:47:45,21.46,0.01,26,55796,买盘
2331,09:47:33,21.45,0.02,70,150150,买盘
2332,09:47:30,21.43,--,30,64290,卖盘
2333,09:47:24,21.43,--,7,15001,卖盘
2334,09:47:21,21.43,--,5,10715,买盘
2335,09:47:15,21.43,0.01,93,199299,买盘
2336,09:47:12,21.42,--,92,197064,买盘
2337,09:47:03,21.42,0.02,104,222768,买盘
2338,09:47:00,21.4,-0.01,5,10700,卖盘
2339,09:46:57,21.41,0.02,17,36397,买盘
2340,09:46:54,21.39,-0.01,9,20534,卖盘
2341,09:46:51,21.4,--,8,17120,买盘
2342,09:46:48,21.4,0.01,31,66340,买盘
2343,09:46:45,21.39,0.04,4,8556,买盘
2344,09:46:39,21.35,-0.05,6,12810,卖盘
2345,09:46:33,21.4,0.01,500,1070000,买盘
2346,09:46:30,21.39,--,100,213900,买盘
2347,09:46:27,21.39,0.05,10,21390,买盘
2348,09:46:21,21.34,--,3,6402,买盘
2349,09:46:18,21.34,--,8,17072,买盘
2350,09:46:15,21.34,0.01,1,2134,中性盘
2351,09:46:09,21.33,-0.06,100,215006,卖盘
2352,09:46:06,21.39,0.05,33,70587,买盘
2353,09:46:03,21.34,-0.05,5,10670,中性盘
2354,09:45:54,21.39,0.06,303,648117,买盘
2355,09:45:51,21.33,-0.01,13,27728,卖盘
2356,09:45:48,21.34,--,12,25608,买盘
2357,09:45:45,21.34,0.01,2,4268,买盘
2358,09:45:42,21.33,--,33,70389,卖盘
2359,09:45:39,21.33,-0.01,23,49058,卖盘
2360,09:45:33,21.34,0.01,8,17072,买盘
2361,09:45:27,21.33,-0.01,9,19197,卖盘
2362,09:45:21,21.34,--,20,42680,买盘
2363,09:45:18,21.34,--,9,19206,买盘
2364,09:45:15,21.34,-0.01,7,14938,卖盘
2365,09:45:12,21.35,0.01,2,4270,买盘
2366,09:45:09,21.34,-0.01,10,21340,卖盘
2367,09:44:45,21.35,0.01,1,2135,买盘
2368,09:44:42,21.34,-0.02,10,21340,卖盘
2369,09:44:36,21.36,--,35,74760,买盘
2370,09:44:30,21.36,0.01,11,23496,买盘
2371,09:44:27,21.35,--,14,29890,卖盘
2372,09:44:24,21.35,-0.01,11,23485,卖盘
2373,09:44:12,21.36,--,2,4272,买盘
2374,09:44:09,21.36,--,2,4272,卖盘
2375,09:44:00,21.36,--,7,14952,卖盘
2376,09:43:54,21.36,-0.02,78,166608,卖盘
2377,09:43:51,21.38,0.02,1,2138,买盘
2378,09:43:45,21.36,-0.02,32,68352,卖盘
2379,09:43:42,21.38,--,11,23518,卖盘
2380,09:43:39,21.38,--,6,12828,卖盘
2381,09:43:33,21.38,0.01,80,171040,买盘
2382,09:43:30,21.37,--,2,4274,卖盘
2383,09:43:27,21.37,-0.01,4,8548,中性盘
2384,09:43:24,21.38,0.02,5,10690,买盘
2385,09:43:18,21.36,-0.01,34,72624,卖盘
2386,09:43:12,21.37,-0.01,25,53425,中性盘
2387,09:43:09,21.38,0.01,55,117590,买盘
2388,09:43:06,21.37,--,36,76932,卖盘
2389,09:43:03,21.37,-0.01,6,12822,卖盘
2390,09:43:00,21.38,0.01,6,12828,买盘
2391,09:42:57,21.37,0.01,28,59836,买盘
2392,09:42:54,21.36,--,18,38448,卖盘
2393,09:42:51,21.36,--,16,34176,卖盘
2394,09:42:48,21.36,-0.01,5,10680,卖盘
2395,09:42:45,21.37,0.01,6,12822,买盘
2396,09:42:39,21.36,-0.01,23,49128,卖盘
2397,09:42:36,21.37,0.01,35,74795,买盘
2398,09:42:33,21.36,-0.01,10,21360,卖盘
2399,09:42:30,21.37,0.01,14,29918,买盘
2400,09:42:27,21.36,-0.01,22,46992,卖盘
2401,09:42:24,21.37,--,2,4274,买盘
2402,09:42:21,21.37,0.01,2,4274,买盘
2403,09:42:18,21.36,-0.01,105,224280,中性盘
2404,09:42:09,21.37,--,2,4274,买盘
2405,09:42:06,21.37,0.01,212,453044,买盘
2406,09:42:00,21.36,0.01,8,17088,买盘
2407,09:41:54,21.35,-0.02,41,87535,卖盘
2408,09:41:51,21.37,--,1,2137,买盘
2409,09:41:48,21.37,--,1,2137,买盘
2410,09:41:45,21.37,0.01,20,42740,买盘
2411,09:41:42,21.36,--,20,42720,买盘
2412,09:41:33,21.36,--,2,4272,买盘
2413,09:41:30,21.36,0.01,2,4272,买盘
2414,09:41:27,21.35,--,56,119560,买盘
2415,09:41:24,21.35,--,17,36295,买盘
2416,09:41:21,21.35,0.01,4,8540,买盘
2417,09:41:18,21.34,-0.01,2,4268,卖盘
2418,09:41:15,21.35,--,5,10675,买盘
2419,09:41:12,21.35,0.01,22,46970,买盘
2420,09:41:09,21.34,-0.01,3,6402,卖盘
2421,09:41:06,21.35,--,2,4270,买盘
2422,09:40:57,21.35,--,43,91805,买盘
2423,09:40:48,21.35,--,21,44835,买盘
2424,09:40:45,21.35,-0.01,12,25620,卖盘
2425,09:40:42,21.36,0.01,6,12816,买盘
2426,09:40:33,21.35,-0.01,14,29890,卖盘
2427,09:40:30,21.36,--,23,49128,买盘
2428,09:40:24,21.36,--,56,119616,买盘
2429,09:40:21,21.36,-0.01,13,27768,卖盘
2430,09:40:18,21.37,0.01,3,6411,买盘
2431,09:40:15,21.36,-0.01,2,4272,卖盘
2432,09:40:12,21.37,0.01,1,2137,买盘
2433,09:40:09,21.36,-0.01,12,25632,卖盘
2434,09:40:06,21.37,--,28,59836,买盘
2435,09:40:00,21.37,--,3,6411,卖盘
2436,09:39:57,21.37,-0.01,3,6411,卖盘
2437,09:39:54,21.38,0.01,18,38484,卖盘
2438,09:39:51,21.37,-0.02,14,29918,卖盘
2439,09:39:48,21.39,--,3,6417,买盘
2440,09:39:45,21.39,--,102,218178,买盘
2441,09:39:42,21.39,0.01,7,14973,买盘
2442,09:39:39,21.38,-0.01,4,8552,中性盘
2443,09:39:33,21.39,--,63,134949,卖盘
2444,09:39:30,21.39,--,30,64170,卖盘
2445,09:39:27,21.39,--,5,10695,卖盘
2446,09:39:21,21.39,--,20,42780,卖盘
2447,09:39:18,21.39,--,9,19251,卖盘
2448,09:39:15,21.39,--,47,102479,买盘
2449,09:39:12,21.39,--,7,14973,买盘
2450,09:39:09,21.39,--,9,19251,买盘
2451,09:39:03,21.39,--,15,32085,买盘
2452,09:39:00,21.39,-0.01,6,12834,中性盘
2453,09:38:57,21.4,0.01,2,4280,买盘
2454,09:38:54,21.39,--,2,4278,卖盘
2455,09:38:51,21.39,--,2,4278,卖盘
2456,09:38:45,21.39,0.02,196,419244,买盘
2457,09:38:42,21.37,-0.01,33,70521,中性盘
2458,09:38:36,21.38,0.01,31,66278,买盘
2459,09:38:30,21.37,--,10,21370,卖盘
2460,09:38:27,21.37,--,21,44877,卖盘
2461,09:38:18,21.37,--,89,190193,买盘
2462,09:38:15,21.37,--,10,21370,买盘
2463,09:38:12,21.37,--,4,8548,买盘
2464,09:38:09,21.37,--,22,47014,买盘
2465,09:38:06,21.37,--,8,17096,买盘
2466,09:38:03,21.37,-0.02,38,81206,卖盘
2467,09:38:00,21.39,0.01,13,27807,买盘
2468,09:37:54,21.38,--,88,188144,买盘
2469,09:37:48,21.38,-0.01,48,102624,卖盘
2470,09:37:45,21.39,0.01,74,158286,买盘
2471,09:37:42,21.38,-0.01,2,4276,卖盘
2472,09:37:39,21.39,--,2,4278,买盘
2473,09:37:33,21.39,--,1,2139,买盘
2474,09:37:30,21.39,0.01,13,27807,买盘
2475,09:37:27,21.38,-0.01,50,106900,卖盘
2476,09:37:24,21.39,-0.01,21,44919,卖盘
2477,09:37:21,21.4,--,1,2140,买盘
2478,09:37:18,21.4,0.02,18,38520,买盘
2479,09:37:15,21.38,-0.01,17,36346,卖盘
2480,09:37:12,21.39,--,61,130479,卖盘
2481,09:37:09,21.39,--,10,21390,卖盘
2482,09:37:03,21.39,--,62,132618,卖盘
2483,09:37:00,21.39,--,27,57753,卖盘
2484,09:36:54,21.39,--,63,134757,买盘
2485,09:36:48,21.39,--,100,213900,买盘
2486,09:36:45,21.39,--,30,64170,买盘
2487,09:36:39,21.39,--,10,21390,卖盘
2488,09:36:36,21.39,--,11,23529,卖盘
2489,09:36:33,21.39,--,22,47058,卖盘
2490,09:36:30,21.39,-0.01,13,27807,卖盘
2491,09:36:24,21.4,0.01,35,74900,买盘
2492,09:36:21,21.39,-0.01,50,106950,卖盘
2493,09:36:18,21.4,--,3,6420,卖盘
2494,09:36:15,21.4,-0.01,21,44940,卖盘
2495,09:36:12,21.41,0.01,25,53525,买盘
2496,09:36:09,21.4,-0.01,2,4280,卖盘
2497,09:36:06,21.41,--,17,36397,买盘
2498,09:36:03,21.41,0.01,20,42820,买盘
2499,09:36:00,21.4,-0.02,21,44940,卖盘
2500,09:35:57,21.42,0.01,47,100674,买盘
2501,09:35:54,21.41,--,21,44961,卖盘
2502,09:35:51,21.41,--,7,14987,卖盘
2503,09:35:48,21.41,--,13,27833,卖盘
2504,09:35:45,21.41,--,10,21410,卖盘
2505,09:35:42,21.41,--,2,4282,卖盘
2506,09:35:39,21.41,0.03,19,40679,买盘
2507,09:35:36,21.38,-0.02,63,135570,卖盘
2508,09:35:33,21.4,--,69,147660,买盘
2509,09:35:30,21.4,--,61,130539,买盘
2510,09:35:24,21.4,--,2,4280,买盘
2511,09:35:21,21.4,--,25,53500,买盘
2512,09:35:18,21.4,--,143,306020,中性盘
2513,09:35:09,21.4,--,1,2140,买盘
2514,09:35:06,21.4,--,28,59919,买盘
2515,09:35:00,21.4,0.01,42,89880,买盘
2516,09:34:54,21.39,0.04,65,140083,买盘
2517,09:34:51,21.35,0.01,1,2135,卖盘
2518,09:34:48,21.34,--,2,4268,卖盘
2519,09:34:45,21.34,-0.03,10,21340,卖盘
2520,09:34:42,21.37,--,21,45966,卖盘
2521,09:34:39,21.37,0.01,58,124993,买盘
2522,09:34:36,21.36,0.01,50,106800,买盘
2523,09:34:33,21.35,--,20,42700,买盘
2524,09:34:30,21.35,--,32,68320,买盘
2525,09:34:24,21.35,-0.01,28,59780,卖盘
2526,09:34:21,21.36,--,5,10680,买盘
2527,09:34:18,21.36,--,5,10680,买盘
2528,09:34:12,21.36,0.05,7,14952,买盘
2529,09:34:09,21.31,-0.05,2,4262,卖盘
2530,09:34:03,21.36,--,27,58761,卖盘
2531,09:34:00,21.36,--,5,10680,卖盘
2532,09:33:57,21.36,0.05,217,464558,买盘
2533,09:33:54,21.31,--,1,2131,卖盘
2534,09:33:51,21.31,-0.03,12,25572,卖盘
2535,09:33:48,21.34,0.03,31,66154,买盘
2536,09:33:42,21.31,--,2,4262,卖盘
2537,09:33:39,21.31,-0.01,46,98026,中性盘
2538,09:33:36,21.32,--,15,31980,买盘
2539,09:33:30,21.32,0.01,49,104468,买盘
2540,09:33:24,21.31,-0.01,35,74585,卖盘
2541,09:33:21,21.32,--,1,2132,买盘
2542,09:33:18,21.32,--,20,42640,买盘
2543,09:33:15,21.32,--,12,25584,买盘
2544,09:33:12,21.32,-0.02,40,85280,卖盘
2545,09:33:09,21.34,0.02,21,44814,买盘
2546,09:33:06,21.32,0.01,14,29848,买盘
2547,09:33:03,21.31,-0.03,32,68192,卖盘
2548,09:33:00,21.34,--,3,6402,买盘
2549,09:32:57,21.34,0.02,71,151514,买盘
2550,09:32:54,21.32,-0.02,10,21320,中性盘
2551,09:32:51,21.34,0.02,103,219802,买盘
2552,09:32:45,21.32,--,5,10660,买盘
2553,09:32:42,21.32,--,5,10660,买盘
2554,09:32:39,21.32,0.06,11,23452,买盘
2555,09:32:36,21.26,-0.06,26,55276,卖盘
2556,09:32:33,21.32,--,12,25584,买盘
2557,09:32:30,21.32,--,209,445588,买盘
2558,09:32:24,21.32,-0.02,3,6396,中性盘
2559,09:32:21,21.34,--,3,6402,买盘
2560,09:32:18,21.34,0.12,7,14938,中性盘
2561,09:32:15,21.22,-0.1,290,615380,卖盘
2562,09:32:12,21.32,-0.02,5,10660,卖盘
2563,09:32:09,21.34,--,8,17072,卖盘
2564,09:32:00,21.34,0.03,21,44814,买盘
2565,09:31:57,21.31,0.07,144,306864,买盘
2566,09:31:54,21.24,--,33,70092,买盘
2567,09:31:51,21.24,-0.03,16,33984,卖盘
2568,09:31:48,21.27,0.02,13,27651,买盘
2569,09:31:45,21.25,--,4,8500,买盘
2570,09:31:42,21.25,-0.01,58,123250,卖盘
2571,09:31:39,21.26,0.01,11,23386,买盘
2572,09:31:33,21.25,--,8,17000,卖盘
2573,09:31:30,21.25,-0.01,2,4250,卖盘
2574,09:31:27,21.26,-0.02,38,80788,卖盘
2575,09:31:24,21.28,--,27,57456,买盘
2576,09:31:21,21.28,--,23,48944,买盘
2577,09:31:18,21.28,-0.02,30,63840,卖盘
2578,09:31:15,21.3,--,11,23430,买盘
2579,09:31:12,21.3,--,304,647520,卖盘
2580,09:31:09,21.3,-0.02,1,2130,卖盘
2581,09:31:06,21.32,--,9,19188,买盘
2582,09:31:03,21.32,--,2,4264,买盘
2583,09:31:00,21.32,0.02,10,21320,买盘
2584,09:30:54,21.3,--,10,21300,买盘
2585,09:30:51,21.3,-0.03,47,100110,卖盘
2586,09:30:48,21.33,0.01,31,66123,中性盘
2587,09:30:42,21.32,0.01,2,4264,中性盘
2588,09:30:39,21.31,-0.03,1,2131,中性盘
2589,09:30:36,21.34,0.04,31,66154,买盘
2590,09:30:33,21.3,--,40,85200,卖盘
2591,09:30:27,21.3,0.02,106,225780,买盘
2592,09:30:24,21.28,0.03,5,10640,中性盘
2593,09:30:15,21.25,--,22,46750,卖盘
2594,09:30:12,21.25,--,14,29750,卖盘
2595,09:30:09,21.25,-0.04,12,25500,卖盘
2596,09:30:06,21.29,0.01,10,21290,买盘
2597,09:30:03,21.28,0.06,48,102144,买盘
2598,09:30:00,21.22,--,0,0,卖盘
2599,09:25:03,21.22,21.22,103,218566,买盘
