,time,price,change,volume,amount,type
0,15:00:03,41.32,0.07,226,933832,买盘
1,14:57:00,41.25,-0.03,19,78375,卖盘
2,14:56:57,41.28,--,4,16512,卖盘
3,14:56:54,41.28,--,3,12384,卖盘
4,14:56:51,41.28,--,2,8256,卖盘
5,14:56:48,41.28,0.03,8,33024,买盘
6,14:56:45,41.25,--,3,12375,卖盘
7,14:56:42,41.25,--,10,41250,卖盘
8,14:56:36,41.25,0.01,3,12375,卖盘
9,14:56:30,41.24,--,3,12372,买盘
10,14:56:27,41.24,--,4,16496,卖盘
11,14:56:21,41.24,--,4,16496,卖盘
12,14:56:15,41.24,-0.04,8,32992,卖盘
13,14:56:09,41.28,0.04,1,4128,买盘
14,14:56:03,41.24,0.01,1,4124,卖盘
15,14:55:51,41.23,--,1,4123,卖盘
16,14:55:39,41.23,-0.06,2,8246,卖盘
17,14:55:36,41.29,0.06,24,99096,买盘
18,14:55:27,41.23,--,4,16492,卖盘
19,14:55:18,41.23,-0.06,1,4123,卖盘
20,14:55:15,41.29,0.07,2,8258,买盘
21,14:55:03,41.22,-0.03,20,82440,卖盘
22,14:54:57,41.25,--,1,4125,卖盘
23,14:54:54,41.25,-0.03,2,8250,卖盘
24,14:54:51,41.28,0.06,9,37152,买盘
25,14:54:39,41.22,--,4,16488,卖盘
26,14:54:33,41.22,-0.01,1,4122,卖盘
27,14:54:30,41.23,0.01,12,49475,买盘
28,14:54:21,41.22,-0.07,14,57708,卖盘
29,14:54:09,41.29,0.04,24,99096,买盘
30,14:54:00,41.25,0.03,5,20625,卖盘
31,14:53:48,41.22,0.01,2,8244,卖盘
32,14:53:42,41.21,-0.09,20,82420,卖盘
33,14:53:36,41.3,0.08,6,24780,买盘
34,14:53:24,41.22,--,2,8244,卖盘
35,14:53:18,41.22,-0.08,1,4122,卖盘
36,14:53:15,41.3,--,13,53689,买盘
37,14:53:03,41.3,--,43,177590,卖盘
38,14:52:57,41.3,--,5,20650,卖盘
39,14:52:54,41.3,-0.02,5,20650,卖盘
40,14:52:51,41.32,0.02,9,37188,买盘
41,14:52:48,41.3,--,4,16520,卖盘
42,14:52:39,41.3,--,6,24780,卖盘
43,14:52:36,41.3,--,6,24780,卖盘
44,14:52:30,41.3,0.14,4,16520,买盘
45,14:52:21,41.16,-0.04,40,164640,卖盘
46,14:52:09,41.2,--,1,4120,卖盘
47,14:51:54,41.2,-0.05,33,135960,卖盘
48,14:51:45,41.25,0.05,11,45375,买盘
49,14:51:33,41.2,-0.03,1,4120,卖盘
50,14:51:30,41.23,0.03,10,41230,买盘
51,14:51:24,41.2,--,37,154252,买盘
52,14:51:09,41.2,0.04,2,8240,买盘
53,14:51:06,41.16,-0.04,10,41160,中性盘
54,14:50:57,41.2,0.04,6,27027,卖盘
55,14:50:54,41.16,-0.04,21,86436,卖盘
56,14:50:48,41.2,-0.03,3,12360,卖盘
57,14:50:45,41.23,0.03,2,8246,买盘
58,14:50:42,41.2,-0.02,102,420240,卖盘
59,14:50:39,41.22,-0.01,30,123660,卖盘
60,14:50:30,41.23,-0.02,21,86583,卖盘
61,14:50:21,41.25,--,1,4125,买盘
62,14:50:15,41.25,-0.03,13,53625,卖盘
63,14:50:12,41.28,0.03,1,4128,买盘
64,14:50:03,41.25,--,4,16500,卖盘
65,14:49:51,41.25,--,2,8250,买盘
66,14:49:48,41.25,--,1,4125,买盘
67,14:49:42,41.25,--,20,82500,买盘
68,14:49:39,41.25,--,35,144375,买盘
69,14:49:33,41.25,--,31,127875,买盘
70,14:49:30,41.25,--,5,20625,买盘
71,14:49:24,41.25,--,4,16500,卖盘
72,14:49:21,41.25,--,4,16500,卖盘
73,14:49:06,41.25,--,5,20625,卖盘
74,14:48:48,41.25,-0.04,7,28875,卖盘
75,14:48:30,41.29,0.04,2,8258,中性盘
76,14:48:27,41.25,--,1,4125,卖盘
77,14:48:24,41.25,--,15,61875,卖盘
78,14:48:21,41.25,--,3,12375,卖盘
79,14:48:03,41.25,-0.09,1,4125,卖盘
80,14:47:27,41.34,0.09,2,8268,中性盘
81,14:47:12,41.25,--,4,16500,卖盘
82,14:47:06,41.25,-0.1,15,61875,卖盘
83,14:46:57,41.35,0.1,8,33080,买盘
84,14:46:45,41.25,0.03,7,28875,中性盘
85,14:46:42,41.22,-0.03,23,96619,卖盘
86,14:46:27,41.25,0.03,2,8250,买盘
87,14:46:18,41.22,-0.01,16,65952,卖盘
88,14:46:15,41.23,--,1,4123,卖盘
89,14:46:12,41.23,0.01,2,8246,中性盘
90,14:46:03,41.22,--,1,4122,卖盘
91,14:45:57,41.22,--,16,65952,卖盘
92,14:45:48,41.22,0.01,5,20610,中性盘
93,14:45:30,41.21,--,5,20605,卖盘
94,14:45:06,41.21,--,2,8242,卖盘
95,14:44:45,41.21,-0.07,39,160719,卖盘
96,14:44:42,41.28,--,2,8256,买盘
97,14:44:30,41.28,-0.01,8,33024,卖盘
98,14:44:24,41.29,0.01,1,4129,买盘
99,14:44:21,41.28,-0.02,16,66048,卖盘
100,14:44:12,41.3,0.02,10,41300,买盘
101,14:44:09,41.28,--,1,4128,卖盘
102,14:44:00,41.28,--,2,8256,卖盘
103,14:43:51,41.28,--,1,4128,卖盘
104,14:43:48,41.28,--,1,4128,卖盘
105,14:43:45,41.28,-0.09,1,4128,卖盘
106,14:43:33,41.37,0.08,22,91014,买盘
107,14:43:30,41.29,-0.06,3,12387,卖盘
108,14:43:18,41.35,--,21,86835,卖盘
109,14:43:15,41.35,--,1,4135,卖盘
110,14:43:09,41.35,-0.02,2,8270,卖盘
111,14:43:06,41.37,0.02,5,20685,买盘
112,14:43:03,41.35,--,7,28945,卖盘
113,14:42:51,41.35,--,5,20675,卖盘
114,14:42:48,41.35,--,6,24810,卖盘
115,14:42:45,41.35,--,4,16540,卖盘
116,14:42:33,41.35,0.05,48,198480,买盘
117,14:42:30,41.3,-0.05,1,4130,卖盘
118,14:42:15,41.35,0.03,51,210885,买盘
119,14:42:09,41.32,--,3,12396,卖盘
120,14:42:00,41.32,--,1,4132,卖盘
121,14:41:57,41.32,0.04,6,24792,买盘
122,14:41:54,41.28,--,1,4128,卖盘
123,14:41:36,41.28,--,17,70176,买盘
124,14:41:33,41.28,--,3,12384,买盘
125,14:41:30,41.28,-0.04,10,41280,买盘
126,14:41:21,41.32,0.07,1,4132,买盘
127,14:41:12,41.25,--,11,45375,买盘
128,14:41:09,41.25,0.04,5,20625,买盘
129,14:41:06,41.21,--,1,4121,卖盘
130,14:40:39,41.21,0.01,7,28847,买盘
131,14:40:36,41.2,--,3,12360,卖盘
132,14:40:30,41.2,-0.01,30,123600,卖盘
133,14:40:24,41.21,0.01,1,4121,买盘
134,14:40:03,41.2,-0.01,1,4120,卖盘
135,14:39:54,41.21,0.01,14,57694,中性盘
136,14:39:48,41.2,-0.01,22,90640,卖盘
137,14:39:39,41.21,--,5,20605,买盘
138,14:39:36,41.21,0.01,5,20605,买盘
139,14:39:33,41.2,--,1,4120,卖盘
140,14:39:30,41.2,-0.01,1,4120,卖盘
141,14:39:27,41.21,0.01,1,4121,买盘
142,14:39:18,41.2,-0.01,41,168920,卖盘
143,14:39:03,41.21,-0.02,4,16484,卖盘
144,14:38:51,41.23,-0.02,1,4123,中性盘
145,14:38:33,41.25,0.05,19,78375,买盘
146,14:38:30,41.2,-0.04,1,4120,卖盘
147,14:38:21,41.24,0.04,1,4124,买盘
148,14:38:12,41.2,-0.04,5,20600,卖盘
149,14:38:06,41.24,0.04,12,49488,买盘
150,14:37:33,41.2,--,1,4120,买盘
151,14:37:30,41.2,--,2,8240,买盘
152,14:37:15,41.2,--,17,70040,卖盘
153,14:37:03,41.2,--,2,8240,卖盘
154,14:36:54,41.2,--,2,8240,卖盘
155,14:36:45,41.2,--,1,4120,卖盘
156,14:36:33,41.2,-0.1,122,502640,卖盘
157,14:36:27,41.3,-0.05,4,16520,卖盘
158,14:36:21,41.35,0.03,1,4135,买盘
159,14:36:18,41.32,-0.03,2,8264,卖盘
160,14:36:03,41.35,--,10,41350,买盘
161,14:35:54,41.35,--,4,16540,买盘
162,14:35:42,41.35,--,5,20675,买盘
163,14:35:33,41.35,--,4,16540,买盘
164,14:35:30,41.35,0.03,26,107510,买盘
165,14:35:12,41.32,-0.03,1,4132,卖盘
166,14:35:09,41.35,--,8,33080,买盘
167,14:34:57,41.35,-0.03,32,132320,卖盘
168,14:34:51,41.38,0.03,3,12414,买盘
169,14:34:42,41.35,-0.05,4,16540,卖盘
170,14:34:15,41.4,--,16,66240,卖盘
171,14:34:09,41.4,--,3,12420,卖盘
172,14:34:00,41.4,-0.02,3,12420,卖盘
173,14:33:54,41.42,0.02,17,70414,买盘
174,14:33:51,41.4,-0.03,1,4140,卖盘
175,14:33:48,41.43,--,16,66288,卖盘
176,14:33:45,41.43,--,23,95289,买盘
177,14:33:42,41.43,0.03,43,178149,买盘
178,14:33:39,41.4,--,1,4140,卖盘
179,14:33:36,41.4,-0.03,1,4140,卖盘
180,14:33:24,41.43,0.03,50,207150,买盘
181,14:33:21,41.4,-0.03,3,12420,卖盘
182,14:33:18,41.43,0.01,0,2071,卖盘
183,14:33:15,41.42,--,12,49704,卖盘
184,14:33:03,41.42,0.02,13,53846,买盘
185,14:32:39,41.4,--,1,4140,卖盘
186,14:32:36,41.4,0.08,315,1305342,买盘
187,14:32:33,41.32,-0.03,1,4132,卖盘
188,14:32:27,41.35,0.03,1,4135,买盘
189,14:32:24,41.32,-0.03,1,4132,卖盘
190,14:32:21,41.35,0.01,7,28945,买盘
191,14:31:57,41.34,0.02,31,128154,买盘
192,14:31:51,41.32,--,7,28924,卖盘
193,14:31:45,41.32,0.01,6,24792,卖盘
194,14:31:33,41.31,--,3,12393,买盘
195,14:31:30,41.31,-0.03,1,4131,买盘
196,14:31:24,41.34,0.03,47,194298,买盘
197,14:31:21,41.31,-0.01,1,4131,中性盘
198,14:30:30,41.32,0.01,4,16528,买盘
199,14:30:24,41.31,-0.01,1,4131,中性盘
200,14:29:54,41.32,--,8,33056,买盘
201,14:29:51,41.32,--,8,33056,买盘
202,14:29:48,41.32,--,12,49584,买盘
203,14:29:45,41.32,0.01,4,16528,买盘
204,14:29:36,41.31,--,3,12393,卖盘
205,14:29:33,41.31,-0.01,1,4131,卖盘
206,14:29:27,41.32,--,4,16528,买盘
207,14:29:24,41.32,0.01,4,16528,买盘
208,14:29:15,41.31,--,13,53703,买盘
209,14:28:54,41.31,0.01,11,45441,买盘
210,14:28:36,41.3,-0.01,1,4130,卖盘
211,14:28:33,41.31,--,2,8262,买盘
212,14:28:27,41.31,0.01,1,4131,买盘
213,14:28:24,41.3,-0.01,1,4130,卖盘
214,14:28:21,41.31,0.11,1,4131,买盘
215,14:28:15,41.2,--,5,20600,卖盘
216,14:28:12,41.2,-0.15,1,4120,中性盘
217,14:27:06,41.35,0.01,6,24810,买盘
218,14:26:54,41.34,0.16,2,8268,买盘
219,14:26:48,41.18,-0.16,1,4118,中性盘
220,14:26:21,41.34,0.18,1,4134,中性盘
221,14:26:03,41.16,-0.19,13,53507,卖盘
222,14:25:54,41.35,-0.03,5,20675,中性盘
223,14:25:00,41.38,--,4,16552,卖盘
224,14:24:51,41.38,0.23,2,8276,买盘
225,14:24:39,41.15,--,3,12345,买盘
226,14:24:30,41.15,0.02,2,8230,中性盘
227,14:24:27,41.13,--,1,4113,卖盘
228,14:24:24,41.13,--,34,139842,买盘
229,14:24:21,41.13,--,13,53469,买盘
230,14:24:18,41.13,--,6,24678,买盘
231,14:24:15,41.13,--,4,16452,买盘
232,14:24:09,41.13,-0.25,25,102825,卖盘
233,14:24:06,41.38,--,1,4138,卖盘
234,14:24:03,41.38,0.23,7,28966,买盘
235,14:23:54,41.15,-0.23,5,20575,卖盘
236,14:23:51,41.38,0.27,2,8276,买盘
237,14:23:42,41.11,--,5,20555,买盘
238,14:23:39,41.11,-0.02,78,320658,卖盘
239,14:23:36,41.13,--,1,4113,买盘
240,14:23:33,41.13,--,20,82260,买盘
241,14:23:30,41.13,--,30,123390,买盘
242,14:23:24,41.13,--,10,41130,买盘
243,14:23:21,41.13,--,3,12339,买盘
244,14:23:18,41.13,--,1,4113,买盘
245,14:23:09,41.13,-0.27,17,69921,卖盘
246,14:23:03,41.4,--,29,120060,买盘
247,14:22:54,41.4,0.01,10,41400,买盘
248,14:22:51,41.39,--,3,12417,卖盘
249,14:22:48,41.39,--,6,24834,买盘
250,14:22:45,41.39,--,2,8278,买盘
251,14:22:42,41.39,0.28,7,28973,买盘
252,14:22:39,41.11,-0.01,90,369990,卖盘
253,14:22:27,41.12,--,2,8224,买盘
254,14:22:24,41.12,--,2,8224,买盘
255,14:22:09,41.12,-0.23,76,312512,卖盘
256,14:22:06,41.35,0.05,7,28945,买盘
257,14:22:03,41.3,--,1,4130,买盘
258,14:22:00,41.3,--,4,16520,买盘
259,14:21:54,41.3,-0.05,2,8260,中性盘
260,14:21:45,41.35,0.05,1,4135,买盘
261,14:21:42,41.3,--,7,28909,买盘
262,14:21:39,41.3,0.2,82,338660,买盘
263,14:21:33,41.1,-0.17,8,32880,卖盘
264,14:21:30,41.27,--,1,4127,买盘
265,14:21:21,41.27,--,8,33016,买盘
266,14:21:12,41.27,0.17,7,28889,买盘
267,14:21:09,41.1,-0.17,86,353460,卖盘
268,14:21:00,41.27,0.17,6,24762,买盘
269,14:20:51,41.1,--,5,20550,买盘
270,14:20:48,41.1,--,6,24660,买盘
271,14:20:45,41.1,0.01,1,4110,中性盘
272,14:20:39,41.09,-0.01,80,328720,卖盘
273,14:20:36,41.1,--,1,4110,卖盘
274,14:20:27,41.1,--,40,164400,买盘
275,14:20:24,41.1,--,8,32880,买盘
276,14:20:12,41.1,--,24,98640,买盘
277,14:20:09,41.1,-0.18,8,32880,卖盘
278,14:20:03,41.28,0.03,18,74304,买盘
279,14:19:54,41.25,--,17,70125,卖盘
280,14:19:51,41.25,-0.03,2,8250,买盘
281,14:19:48,41.28,0.02,12,49536,买盘
282,14:19:45,41.26,0.16,44,181544,买盘
283,14:19:39,41.1,-0.16,79,324690,卖盘
284,14:19:30,41.26,-0.02,3,12378,卖盘
285,14:19:27,41.28,--,1,4128,买盘
286,14:19:12,41.28,--,12,49536,买盘
287,14:19:09,41.28,-0.02,5,20640,卖盘
288,14:19:03,41.3,--,9,37170,卖盘
289,14:19:00,41.3,-0.09,1,4130,卖盘
290,14:18:54,41.39,--,5,20695,买盘
291,14:18:51,41.39,--,8,33112,买盘
292,14:18:48,41.39,-0.01,1,4139,中性盘
293,14:18:24,41.4,--,9,37260,卖盘
294,14:18:21,41.4,--,2,8280,卖盘
295,14:18:15,41.4,--,1,4140,买盘
296,14:18:12,41.4,-0.02,4,16560,卖盘
297,14:17:54,41.42,-0.03,9,37278,卖盘
298,14:17:51,41.45,0.03,3,12435,买盘
299,14:17:45,41.42,-0.02,1,4142,卖盘
300,14:17:42,41.44,0.02,10,41440,买盘
301,14:17:33,41.42,-0.02,5,20710,卖盘
302,14:17:30,41.44,0.02,3,12432,买盘
303,14:17:27,41.42,--,10,41420,卖盘
304,14:17:24,41.42,-0.01,5,20710,卖盘
305,14:17:21,41.43,0.01,1,4143,买盘
306,14:17:18,41.42,--,18,74556,买盘
307,14:17:12,41.42,--,3,12426,买盘
308,14:17:03,41.42,0.02,3,12426,买盘
309,14:16:57,41.4,--,7,31050,买盘
310,14:16:54,41.4,0.01,24,99360,买盘
311,14:16:51,41.39,-0.01,1,4180,中性盘
312,14:16:42,41.4,--,3,12420,买盘
313,14:16:39,41.4,0.1,68,281520,买盘
314,14:16:36,41.3,--,17,70210,买盘
315,14:16:30,41.3,--,2,8260,买盘
316,14:16:21,41.3,0.04,1,4130,买盘
317,14:16:06,41.26,--,2,8252,买盘
318,14:15:57,41.26,0.01,7,28882,买盘
319,14:15:45,41.25,0.01,5,20625,买盘
320,14:15:30,41.24,--,1,4124,卖盘
321,14:15:24,41.24,0.02,1,4124,买盘
322,14:15:18,41.22,--,2,8244,卖盘
323,14:15:12,41.22,0.01,2,8244,买盘
324,14:15:00,41.21,0.01,5,20605,买盘
325,14:14:57,41.2,-0.01,3,12360,卖盘
326,14:14:51,41.21,0.01,11,45331,买盘
327,14:14:33,41.2,0.12,9,37080,买盘
328,14:14:06,41.08,--,1,4108,卖盘
329,14:14:00,41.08,--,2,8216,卖盘
330,14:13:42,41.08,-0.02,1,4108,中性盘
331,14:12:21,41.1,--,10,41100,买盘
332,14:12:00,41.1,--,5,20550,买盘
333,14:11:48,41.1,--,16,65760,买盘
334,14:11:45,41.1,--,4,16440,买盘
335,14:11:42,41.1,--,1,4110,买盘
336,14:11:21,41.1,--,10,41100,买盘
337,14:11:12,41.1,0.04,3,12330,买盘
338,14:11:06,41.06,0.01,4,16424,买盘
339,14:11:03,41.05,-0.01,1,4105,卖盘
340,14:10:51,41.06,--,39,160134,买盘
341,14:10:24,41.06,--,15,61590,买盘
342,14:10:15,41.06,-0.04,6,24636,卖盘
343,14:10:12,41.1,0.04,1,4110,买盘
344,14:10:00,41.06,-0.04,29,119074,卖盘
345,14:09:48,41.1,--,4,16440,买盘
346,14:09:45,41.1,--,5,20550,卖盘
347,14:09:30,41.1,-0.08,2,8220,卖盘
348,14:09:12,41.18,-0.02,1,4118,卖盘
349,14:09:03,41.2,0.02,14,57680,买盘
350,14:08:48,41.18,0.07,2,8236,中性盘
351,14:08:30,41.11,-0.09,1,4111,卖盘
352,14:08:21,41.2,--,3,12360,买盘
353,14:08:18,41.2,--,8,32960,买盘
354,14:08:15,41.2,--,5,20600,买盘
355,14:08:00,41.2,--,1,4120,买盘
356,14:07:54,41.2,0.1,13,53560,买盘
357,14:07:42,41.1,-0.08,2,8220,卖盘
358,14:07:36,41.18,-0.02,9,37062,卖盘
359,14:07:30,41.2,--,8,32960,卖盘
360,14:07:18,41.2,--,3,12360,买盘
361,14:07:09,41.2,0.02,1,4120,买盘
362,14:07:06,41.18,--,1,4118,卖盘
363,14:06:54,41.18,-0.01,8,32944,买盘
364,14:06:42,41.19,0.11,6,24714,买盘
365,14:06:33,41.08,-0.11,12,49296,卖盘
366,14:06:27,41.19,--,8,32952,买盘
367,14:06:21,41.19,0.11,1,4119,买盘
368,14:06:15,41.08,--,1,4108,卖盘
369,14:06:12,41.08,--,4,16432,买盘
370,14:06:06,41.08,--,36,147888,买盘
371,14:05:54,41.08,0.02,5,20540,买盘
372,14:05:24,41.06,--,2,8212,卖盘
373,14:05:21,41.06,-0.02,1,4106,中性盘
374,14:05:12,41.08,0.02,3,12324,买盘
375,14:05:09,41.06,--,20,82120,买盘
376,14:05:06,41.06,--,15,61590,买盘
377,14:05:03,41.06,-0.03,45,184770,卖盘
378,14:05:00,41.09,--,1,4109,买盘
379,14:04:33,41.09,0.02,99,406791,卖盘
380,14:04:03,41.07,-0.12,80,328560,卖盘
381,14:03:57,41.19,0.11,30,123570,买盘
382,14:03:48,41.08,-0.11,1,4108,卖盘
383,14:03:45,41.19,0.14,10,41190,买盘
384,14:03:33,41.05,-0.14,80,328400,卖盘
385,14:03:27,41.19,0.12,2,8238,买盘
386,14:03:18,41.07,-0.17,1,4107,卖盘
387,14:03:09,41.24,0.17,1,4124,买盘
388,14:03:06,41.07,0.02,3,12321,卖盘
389,14:03:03,41.05,-0.02,80,328400,卖盘
390,14:03:00,41.07,--,5,20535,买盘
391,14:02:57,41.07,--,3,12321,买盘
392,14:02:54,41.07,0.01,6,24642,买盘
393,14:02:45,41.06,-0.14,1,4106,卖盘
394,14:02:42,41.2,0.14,20,82400,买盘
395,14:02:39,41.06,0.01,20,82120,买盘
396,14:02:36,41.05,-0.01,10,41050,卖盘
397,14:02:33,41.06,-0.01,43,176558,卖盘
398,14:02:24,41.07,--,28,114996,买盘
399,14:02:21,41.07,--,10,41070,买盘
400,14:02:18,41.07,0.01,2,8214,买盘
401,14:02:06,41.06,-0.01,1,4106,卖盘
402,14:02:03,41.07,--,40,164280,卖盘
403,14:01:51,41.07,0.02,1,4107,中性盘
404,14:01:45,41.05,--,28,114939,卖盘
405,14:01:42,41.05,--,1,4105,卖盘
406,14:01:36,41.05,-0.01,101,414605,卖盘
407,14:01:33,41.06,-0.04,26,106756,卖盘
408,14:01:27,41.1,-0.01,1,4110,中性盘
409,14:01:21,41.11,0.03,1,4111,买盘
410,14:01:18,41.08,--,1,4108,卖盘
411,14:01:15,41.08,-0.03,5,20540,卖盘
412,14:01:03,41.11,-0.01,10,41110,卖盘
413,14:00:57,41.12,0.01,1,4112,卖盘
414,14:00:54,41.11,-0.01,2,8222,卖盘
415,14:00:48,41.12,0.01,1,4112,中性盘
416,14:00:33,41.11,--,50,205550,卖盘
417,14:00:30,41.11,--,2,8222,卖盘
418,14:00:27,41.11,--,2,8222,卖盘
419,14:00:21,41.11,-0.09,56,230216,卖盘
420,14:00:12,41.2,-0.05,5,20600,卖盘
421,14:00:09,41.25,-0.01,1,4125,卖盘
422,14:00:03,41.26,--,3,12378,卖盘
423,13:59:51,41.26,--,18,74268,卖盘
424,13:59:48,41.26,--,4,16504,卖盘
425,13:59:45,41.26,--,5,20630,卖盘
426,13:59:42,41.26,--,1,4126,卖盘
427,13:59:39,41.26,--,3,12378,卖盘
428,13:59:21,41.26,-0.04,4,16504,卖盘
429,13:59:18,41.3,-0.07,1,4130,卖盘
430,13:59:15,41.37,--,11,45507,买盘
431,13:59:03,41.37,--,16,68260,卖盘
432,13:58:57,41.37,--,1,4137,卖盘
433,13:58:54,41.37,--,11,45507,卖盘
434,13:58:48,41.37,--,3,12411,卖盘
435,13:58:42,41.37,--,11,45507,卖盘
436,13:58:39,41.37,--,1,4137,卖盘
437,13:58:36,41.37,--,16,66192,卖盘
438,13:58:21,41.37,--,3,12411,卖盘
439,13:58:18,41.37,--,5,22753,卖盘
440,13:57:57,41.37,-0.03,1,4137,卖盘
441,13:57:39,41.4,0.03,6,24840,买盘
442,13:57:36,41.37,-0.03,51,210987,卖盘
443,13:57:33,41.4,-0.05,4,16560,卖盘
444,13:57:30,41.45,--,3,12435,买盘
445,13:57:09,41.45,--,4,18652,卖盘
446,13:57:06,41.45,--,3,12435,卖盘
447,13:57:03,41.45,--,4,16580,卖盘
448,13:57:00,41.45,--,1,4145,卖盘
449,13:56:57,41.45,-0.01,15,62175,卖盘
450,13:56:54,41.46,0.01,6,24876,买盘
451,13:56:51,41.45,--,67,277715,卖盘
452,13:56:45,41.45,--,23,95335,卖盘
453,13:56:42,41.45,--,5,20725,卖盘
454,13:56:39,41.45,--,35,145075,卖盘
455,13:56:36,41.45,--,3,12435,卖盘
456,13:56:33,41.45,--,10,41450,卖盘
457,13:56:30,41.45,--,25,103625,卖盘
458,13:56:27,41.45,-0.01,21,87045,卖盘
459,13:56:21,41.46,0.01,1,4146,买盘
460,13:56:15,41.45,--,5,20725,卖盘
461,13:56:06,41.45,--,16,66320,卖盘
462,13:56:00,41.45,--,1,4145,卖盘
463,13:55:57,41.45,--,1,4145,卖盘
464,13:55:54,41.45,--,1,4145,卖盘
465,13:55:51,41.45,-0.01,19,78755,卖盘
466,13:55:48,41.46,0.01,6,26949,买盘
467,13:55:45,41.45,--,6,24870,卖盘
468,13:55:39,41.45,--,2,8290,卖盘
469,13:55:36,41.45,--,2,8290,卖盘
470,13:55:33,41.45,--,54,223830,卖盘
471,13:55:30,41.45,--,15,62175,卖盘
472,13:55:27,41.45,--,16,66320,卖盘
473,13:55:24,41.45,--,40,165800,卖盘
474,13:55:15,41.45,--,50,207250,卖盘
475,13:55:12,41.45,--,7,29015,卖盘
476,13:55:09,41.45,--,1,4145,卖盘
477,13:54:57,41.45,--,1,4145,卖盘
478,13:54:54,41.45,-0.01,11,45595,卖盘
479,13:54:48,41.46,--,5,20730,卖盘
480,13:54:39,41.46,--,1,4146,卖盘
481,13:54:30,41.46,0.01,1,4146,中性盘
482,13:53:51,41.45,-0.05,3,12435,卖盘
483,13:53:48,41.5,--,4,16600,买盘
484,13:53:45,41.5,0.05,12,49800,买盘
485,13:53:39,41.45,--,10,41450,卖盘
486,13:53:36,41.45,-0.05,17,70465,卖盘
487,13:53:33,41.5,0.04,102,423300,买盘
488,13:53:30,41.46,-0.04,2,8292,中性盘
489,13:53:27,41.5,--,2,8300,买盘
490,13:53:18,41.5,--,10,41500,买盘
491,13:53:15,41.5,--,28,116822,卖盘
492,13:53:12,41.5,--,25,103750,卖盘
493,13:53:09,41.5,-0.01,4,20127,卖盘
494,13:53:06,41.51,0.01,2,8302,买盘
495,13:53:03,41.5,-0.01,4,16600,卖盘
496,13:53:00,41.51,0.01,5,20755,买盘
497,13:52:57,41.5,0.05,64,265600,买盘
498,13:52:54,41.45,--,1,4145,卖盘
499,13:52:51,41.45,-0.01,8,33160,卖盘
500,13:52:48,41.46,-0.04,5,20730,中性盘
501,13:52:42,41.5,0.04,137,568550,买盘
502,13:52:33,41.46,0.01,2,8292,买盘
503,13:52:30,41.45,--,46,190670,卖盘
504,13:52:27,41.45,0.08,34,140930,买盘
505,13:52:24,41.37,-0.08,3,12411,卖盘
506,13:52:12,41.45,0.08,100,414500,买盘
507,13:52:09,41.37,--,2,8274,卖盘
508,13:52:00,41.37,-0.03,9,37233,卖盘
509,13:51:54,41.4,-0.01,104,430560,卖盘
510,13:51:51,41.41,--,5,20705,买盘
511,13:51:48,41.41,--,31,128370,卖盘
512,13:51:45,41.41,0.01,5,20705,买盘
513,13:51:42,41.4,--,30,124200,卖盘
514,13:51:39,41.4,-0.01,1,4140,卖盘
515,13:51:36,41.41,--,6,24845,买盘
516,13:51:33,41.41,--,6,24845,买盘
517,13:51:27,41.41,0.01,2,8282,买盘
518,13:51:24,41.4,-0.03,5,20700,卖盘
519,13:51:21,41.43,--,1,4143,买盘
520,13:51:15,41.43,0.02,25,103575,买盘
521,13:51:12,41.41,0.01,8,33128,买盘
522,13:51:09,41.4,-0.02,5,20700,卖盘
523,13:51:06,41.42,0.02,2,8284,中性盘
524,13:51:00,41.4,-0.01,1,4140,卖盘
525,13:50:54,41.41,0.01,11,45550,中性盘
526,13:50:51,41.4,-0.01,50,207000,卖盘
527,13:50:48,41.41,0.01,13,53832,中性盘
528,13:50:42,41.4,-0.03,20,82800,卖盘
529,13:50:39,41.43,0.03,11,45573,买盘
530,13:50:36,41.4,--,7,28980,卖盘
531,13:50:33,41.4,-0.01,10,41400,卖盘
532,13:50:30,41.41,-0.01,4,16564,卖盘
533,13:50:27,41.42,--,16,66272,卖盘
534,13:50:24,41.42,0.02,61,252662,买盘
535,13:50:21,41.4,-0.01,8,33120,卖盘
536,13:50:18,41.41,0.01,6,24845,买盘
537,13:50:15,41.4,--,1,4140,卖盘
538,13:50:12,41.4,0.02,119,492660,买盘
539,13:50:09,41.38,--,3,14979,买盘
540,13:50:06,41.38,0.01,9,37242,买盘
541,13:50:03,41.37,0.01,1,4137,卖盘
542,13:50:00,41.36,-0.02,4,16544,中性盘
543,13:49:57,41.38,0.12,20,82760,买盘
544,13:49:54,41.26,-0.11,1,4126,卖盘
545,13:49:51,41.37,0.01,17,70329,买盘
546,13:49:48,41.36,-0.01,3,12408,中性盘
547,13:49:30,41.37,0.12,60,248219,买盘
548,13:49:24,41.25,--,6,24750,卖盘
549,13:49:21,41.25,--,11,45375,卖盘
550,13:49:18,41.25,--,1,4125,卖盘
551,13:49:09,41.25,0.12,28,116737,买盘
552,13:48:54,41.13,-0.06,2,8226,卖盘
553,13:48:51,41.19,0.06,35,144165,买盘
554,13:48:45,41.13,-0.01,25,102825,卖盘
555,13:48:42,41.14,0.01,2,8228,中性盘
556,13:48:33,41.13,--,2,8226,卖盘
557,13:48:30,41.13,--,2,8226,卖盘
558,13:48:15,41.13,--,1,4113,卖盘
559,13:48:09,41.13,-0.06,10,41130,卖盘
560,13:47:57,41.19,0.06,1,4119,买盘
561,13:47:39,41.13,-0.06,6,24678,卖盘
562,13:47:36,41.19,--,0,2883,卖盘
563,13:47:33,41.19,0.06,7,30068,买盘
564,13:47:21,41.13,--,7,28791,卖盘
565,13:47:18,41.13,-0.06,1,6786,卖盘
566,13:47:15,41.19,0.06,6,24714,买盘
567,13:47:12,41.13,-0.06,1,4113,卖盘
568,13:47:09,41.19,--,2,8238,买盘
569,13:47:06,41.19,--,4,16476,买盘
570,13:47:03,41.19,--,5,22077,卖盘
571,13:47:00,41.19,--,2,9844,卖盘
572,13:46:54,41.19,--,3,16187,卖盘
573,13:46:45,41.19,--,6,26155,卖盘
574,13:46:42,41.19,--,2,8238,卖盘
575,13:46:39,41.19,--,3,12974,卖盘
576,13:46:36,41.19,-0.01,8,36700,卖盘
577,13:46:33,41.2,0.01,16,65920,买盘
578,13:46:30,41.19,-0.01,12,51734,卖盘
579,13:46:21,41.2,--,1,4120,买盘
580,13:46:18,41.2,--,6,28757,卖盘
581,13:46:15,41.2,--,4,16480,卖盘
582,13:46:12,41.2,--,5,22206,卖盘
583,13:46:06,41.2,-0.07,1,7663,卖盘
584,13:46:03,41.27,--,4,16508,买盘
585,13:45:57,41.27,0.07,18,77339,中性盘
586,13:45:48,41.2,--,11,49192,卖盘
587,13:45:45,41.2,--,1,4120,卖盘
588,13:45:42,41.2,0.01,7,29210,中性盘
589,13:45:33,41.19,-0.09,16,66233,卖盘
590,13:45:27,41.28,0.09,4,16512,买盘
591,13:45:24,41.19,--,17,70846,卖盘
592,13:45:18,41.19,--,25,103345,卖盘
593,13:45:15,41.19,--,1,4119,卖盘
594,13:45:09,41.19,--,12,52640,卖盘
595,13:45:06,41.19,0.06,7,29656,买盘
596,13:45:00,41.13,--,15,63545,卖盘
597,13:44:57,41.13,--,2,8226,卖盘
598,13:44:54,41.13,--,14,61036,卖盘
599,13:44:51,41.13,--,1,4113,卖盘
600,13:44:45,41.13,-0.06,0,1192,卖盘
601,13:44:36,41.19,-0.09,1,4778,卖盘
602,13:44:33,41.28,0.09,3,12384,买盘
603,13:44:30,41.19,-0.1,0,2059,卖盘
604,13:44:27,41.29,0.01,25,103225,买盘
605,13:44:21,41.28,-0.01,4,16512,卖盘
606,13:44:15,41.29,--,9,37161,买盘
607,13:44:12,41.29,--,18,74322,卖盘
608,13:44:09,41.29,-0.01,10,41290,卖盘
609,13:44:06,41.3,--,9,37170,买盘
610,13:44:00,41.3,--,10,41423,卖盘
611,13:43:57,41.3,-0.01,11,46338,卖盘
612,13:43:54,41.31,0.01,33,136323,中性盘
613,13:43:48,41.3,--,15,63684,卖盘
614,13:43:42,41.3,--,18,76074,卖盘
615,13:43:39,41.3,-0.01,20,82600,卖盘
616,13:43:36,41.31,0.01,0,371,买盘
617,13:43:33,41.3,--,15,63601,卖盘
618,13:43:30,41.3,--,6,24780,卖盘
619,13:43:27,41.3,--,10,41300,卖盘
620,13:43:24,41.3,--,30,126749,卖盘
621,13:43:21,41.3,-0.03,11,45430,卖盘
622,13:43:18,41.33,0.04,2,11283,买盘
623,13:43:09,41.29,--,20,83447,卖盘
624,13:43:06,41.29,--,1,4129,卖盘
625,13:43:00,41.29,0.06,7,32701,买盘
626,13:42:57,41.23,0.01,0,1855,买盘
627,13:42:54,41.22,-0.03,8,32976,卖盘
628,13:42:51,41.25,--,3,12375,买盘
629,13:42:48,41.25,--,1,4125,买盘
630,13:42:45,41.25,0.01,14,59111,买盘
631,13:42:42,41.24,0.01,12,49488,买盘
632,13:42:39,41.23,--,6,24737,卖盘
633,13:42:36,41.23,--,3,15626,卖盘
634,13:42:33,41.23,0.04,11,45353,买盘
635,13:42:30,41.19,--,4,17958,卖盘
636,13:42:27,41.19,--,2,8238,卖盘
637,13:42:21,41.19,--,3,14210,卖盘
638,13:42:12,41.19,--,8,33240,卖盘
639,13:42:09,41.19,0.09,43,179011,买盘
640,13:42:06,41.1,--,5,20632,卖盘
641,13:42:00,41.1,--,5,20550,卖盘
642,13:41:57,41.1,--,12,52977,卖盘
643,13:41:54,41.1,-0.04,2,8220,卖盘
644,13:41:51,41.14,0.04,1,4114,买盘
645,13:41:48,41.1,--,8,36044,卖盘
646,13:41:42,41.1,-0.03,15,65143,卖盘
647,13:41:39,41.13,0.03,3,12339,中性盘
648,13:41:33,41.1,--,0,41,卖盘
649,13:41:27,41.1,0.02,7,30003,买盘
650,13:41:24,41.08,--,2,8216,买盘
651,13:41:21,41.08,--,4,19307,卖盘
652,13:41:18,41.08,--,0,41,卖盘
653,13:41:09,41.08,0.03,0,1191,中性盘
654,13:41:03,41.05,-0.03,3,12315,卖盘
655,13:41:00,41.08,-0.07,0,1684,卖盘
656,13:40:54,41.15,-0.01,2,10575,中性盘
657,13:40:39,41.16,--,57,235846,卖盘
658,13:40:36,41.16,--,34,141919,卖盘
659,13:40:33,41.16,--,10,41160,卖盘
660,13:40:30,41.16,-0.03,22,91910,卖盘
661,13:40:27,41.19,--,18,74142,买盘
662,13:40:24,41.19,--,1,4119,买盘
663,13:40:21,41.19,--,4,18288,卖盘
664,13:40:18,41.19,--,3,12357,卖盘
665,13:40:12,41.19,--,7,30192,卖盘
666,13:40:09,41.19,0.01,14,58613,买盘
667,13:40:06,41.18,--,37,155536,卖盘
668,13:40:03,41.18,-0.01,2,10665,卖盘
669,13:40:00,41.19,0.01,2,8238,买盘
670,13:39:57,41.18,--,0,2635,卖盘
671,13:39:54,41.18,--,4,16472,卖盘
672,13:39:51,41.18,0.02,7,28826,买盘
673,13:39:48,41.16,-0.02,10,44823,卖盘
674,13:39:42,41.18,0.16,29,119422,买盘
675,13:39:39,41.02,-0.14,19,79660,卖盘
676,13:39:36,41.16,0.14,4,16464,买盘
677,13:39:33,41.02,-0.15,20,82737,卖盘
678,13:39:30,41.17,-0.01,2,8234,中性盘
679,13:39:27,41.18,0.16,53,218254,买盘
680,13:39:24,41.02,--,19,80768,卖盘
681,13:39:21,41.02,0.01,2,8204,中性盘
682,13:39:15,41.01,--,41,172200,卖盘
683,13:39:12,41.01,--,2,8202,卖盘
684,13:39:09,41.01,-0.15,49,204434,卖盘
685,13:39:06,41.16,-0.04,1,4116,中性盘
686,13:39:03,41.2,0.2,3,12360,买盘
687,13:39:00,41.0,--,66,273019,卖盘
688,13:38:54,41.0,-0.18,59,242433,卖盘
689,13:38:51,41.18,0.18,61,251198,买盘
690,13:38:45,41.0,--,1,5412,卖盘
691,13:38:42,41.0,-0.18,5,20500,卖盘
692,13:38:39,41.18,0.19,550,2264900,买盘
693,13:38:33,40.99,--,0,901,卖盘
694,13:38:30,40.99,--,6,24594,卖盘
695,13:38:27,40.99,0.01,2,11395,卖盘
696,13:38:21,40.98,0.04,2,11269,买盘
697,13:38:12,40.94,0.01,3,16007,中性盘
698,13:38:06,40.93,--,4,16494,卖盘
699,13:38:03,40.93,--,2,8186,卖盘
700,13:38:00,40.93,0.01,2,8186,卖盘
701,13:37:57,40.92,--,4,16368,卖盘
702,13:37:51,40.92,--,2,8184,卖盘
703,13:37:48,40.92,-0.06,3,16204,卖盘
704,13:37:45,40.98,0.06,6,27456,买盘
705,13:37:39,40.92,--,5,24224,卖盘
706,13:37:36,40.92,--,3,12276,卖盘
707,13:37:33,40.92,--,9,37237,卖盘
708,13:37:27,40.92,--,66,273918,买盘
709,13:37:24,40.92,--,20,81840,买盘
710,13:37:18,40.92,--,18,76847,卖盘
711,13:37:12,40.92,--,1,4092,卖盘
712,13:37:00,40.92,-0.06,6,24961,卖盘
713,13:36:57,40.98,0.06,15,61469,中性盘
714,13:36:51,40.92,-0.06,9,37319,卖盘
715,13:36:48,40.98,0.07,35,143430,买盘
716,13:36:45,40.91,-0.05,0,1390,卖盘
717,13:36:36,40.96,-0.04,1,6266,卖盘
718,13:36:21,41.0,--,11,45100,卖盘
719,13:36:15,41.0,--,1,4100,卖盘
720,13:36:12,41.0,0.02,2,8446,买盘
721,13:36:09,40.98,-0.02,3,15408,卖盘
722,13:36:06,41.0,--,21,86100,卖盘
723,13:36:03,41.0,--,1,4756,卖盘
724,13:35:57,41.0,0.02,15,63960,买盘
725,13:35:51,40.98,--,2,8196,卖盘
726,13:35:48,40.98,-0.02,0,1967,卖盘
727,13:35:45,41.0,0.09,7,28700,买盘
728,13:35:39,40.91,--,0,2945,卖盘
729,13:35:33,40.91,0.02,0,2413,中性盘
730,13:35:24,40.89,--,0,2494,卖盘
731,13:35:15,40.89,-0.11,0,3925,卖盘
732,13:35:12,41.0,0.12,262,1074200,买盘
733,13:35:09,40.88,--,2,11528,卖盘
734,13:35:00,40.88,0.05,44,180280,买盘
735,13:34:54,40.83,--,2,8166,卖盘
736,13:34:51,40.83,--,2,10289,卖盘
737,13:34:48,40.83,--,1,4287,卖盘
738,13:34:36,40.83,--,1,5675,卖盘
739,13:34:27,40.83,--,7,30418,卖盘
740,13:34:24,40.83,--,11,44913,卖盘
741,13:34:18,40.83,0.01,9,40013,中性盘
742,13:34:12,40.82,--,29,121031,卖盘
743,13:34:03,40.82,--,14,59597,卖盘
744,13:33:54,40.82,--,13,53678,卖盘
745,13:33:48,40.82,0.01,16,69353,买盘
746,13:33:45,40.81,--,24,101453,卖盘
747,13:33:42,40.81,--,11,46564,卖盘
748,13:33:30,40.81,--,16,67010,卖盘
749,13:33:21,40.81,--,5,20405,卖盘
750,13:33:15,40.81,--,3,12243,卖盘
751,13:33:12,40.81,-0.01,8,32648,卖盘
752,13:33:09,40.82,-0.05,1,6367,卖盘
753,13:33:03,40.87,0.05,5,20435,买盘
754,13:33:00,40.82,0.01,1,6286,卖盘
755,13:32:51,40.81,--,5,22894,卖盘
756,13:32:42,40.81,-0.01,4,18772,卖盘
757,13:32:39,40.82,0.01,31,126827,中性盘
758,13:32:33,40.81,-0.02,1,4081,卖盘
759,13:32:30,40.83,0.02,2,8166,买盘
760,13:32:27,40.81,-0.02,13,55746,卖盘
761,13:32:24,40.83,0.02,10,40830,买盘
762,13:32:21,40.81,-0.02,13,55460,卖盘
763,13:32:18,40.83,--,1,4083,买盘
764,13:32:15,40.83,0.02,4,16332,买盘
765,13:32:12,40.81,0.01,5,23180,中性盘
766,13:32:03,40.8,--,15,61485,卖盘
767,13:31:57,40.8,--,14,59608,卖盘
768,13:31:51,40.8,--,3,12240,卖盘
769,13:31:48,40.8,--,19,78417,卖盘
770,13:31:39,40.8,--,0,3427,卖盘
771,13:31:36,40.8,--,1,7833,卖盘
772,13:31:27,40.8,--,1,4079,卖盘
773,13:31:24,40.8,--,2,10281,卖盘
774,13:31:21,40.8,--,3,12240,卖盘
775,13:31:15,40.8,--,8,35088,卖盘
776,13:31:09,40.8,--,10,43288,卖盘
777,13:31:06,40.8,-0.03,6,24480,卖盘
778,13:31:03,40.83,0.04,13,55324,买盘
779,13:31:00,40.79,-0.04,36,146844,中性盘
780,13:30:30,40.83,--,6,24498,买盘
781,13:30:21,40.83,--,3,14657,卖盘
782,13:30:09,40.83,--,0,1674,买盘
783,13:29:18,40.83,0.03,17,69696,买盘
784,13:29:09,40.8,--,25,102000,买盘
785,13:28:42,40.8,--,1,4079,买盘
786,13:28:39,40.8,--,2,8159,买盘
787,13:28:27,40.8,--,6,24480,买盘
788,13:28:21,40.8,--,1,4079,买盘
789,13:28:18,40.8,--,10,40800,卖盘
790,13:27:51,40.8,0.05,47,195676,买盘
791,13:27:45,40.75,--,9,39405,买盘
792,13:27:24,40.75,--,2,8150,买盘
793,13:27:18,40.75,0.03,1,4075,买盘
794,13:27:15,40.72,--,1,4072,买盘
795,13:27:12,40.72,0.02,10,40720,买盘
796,13:27:06,40.7,--,32,130240,卖盘
797,13:26:48,40.7,0.01,69,280830,买盘
798,13:26:42,40.69,0.07,18,73242,买盘
799,13:26:39,40.62,--,2,8123,买盘
800,13:26:36,40.62,0.01,7,28434,卖盘
801,13:26:12,40.61,-0.01,4,16244,卖盘
802,13:26:06,40.62,--,5,20310,买盘
803,13:26:00,40.62,0.01,20,81240,买盘
804,13:25:51,40.61,-0.01,10,40610,卖盘
805,13:25:39,40.62,--,10,40620,买盘
806,13:25:33,40.62,0.01,2,8123,买盘
807,13:25:30,40.61,--,1,4061,卖盘
808,13:24:51,40.61,-0.01,4,16244,卖盘
809,13:24:15,40.62,-0.08,4,16247,卖盘
810,13:24:03,40.7,-0.01,12,48840,中性盘
811,13:23:18,40.71,0.09,4,16284,买盘
812,13:22:48,40.62,--,14,56868,卖盘
813,13:22:42,40.62,-0.1,1,4061,中性盘
814,13:22:18,40.72,--,1,4072,中性盘
815,13:22:03,40.72,--,2,8144,买盘
816,13:21:48,40.72,0.11,4,16288,买盘
817,13:21:33,40.61,-0.05,9,36549,中性盘
818,13:21:24,40.66,0.06,5,20330,买盘
819,13:21:18,40.6,-0.01,7,28420,卖盘
820,13:21:15,40.61,--,1,4061,买盘
821,13:21:06,40.61,-0.05,1,4061,卖盘
822,13:21:00,40.66,--,5,20330,买盘
823,13:20:39,40.66,0.05,4,16263,买盘
824,13:20:27,40.61,-0.03,3,12183,卖盘
825,13:20:12,40.64,--,5,20320,卖盘
826,13:19:54,40.64,-0.02,12,48768,卖盘
827,13:19:27,40.66,-0.02,2,8131,中性盘
828,13:19:03,40.68,0.02,1,4068,卖盘
829,13:18:36,40.66,0.02,2,8131,买盘
830,13:18:33,40.64,--,11,44704,卖盘
831,13:18:30,40.64,0.04,19,77216,买盘
832,13:18:24,40.6,-0.04,1,4060,卖盘
833,13:18:15,40.64,--,3,12192,买盘
834,13:17:57,40.64,-0.01,278,1129792,卖盘
835,13:17:45,40.65,-0.01,80,325200,卖盘
836,13:17:36,40.66,0.01,1,4065,中性盘
837,13:17:24,40.65,-0.01,10,40650,卖盘
838,13:17:18,40.66,0.01,1,4065,买盘
839,13:17:09,40.65,--,4,16260,卖盘
840,13:16:24,40.65,-0.1,2,8130,卖盘
841,13:16:18,40.75,--,2,8150,中性盘
842,13:15:42,40.75,0.11,10,40750,买盘
843,13:15:36,40.64,-0.11,11,44704,卖盘
844,13:15:03,40.75,0.11,1,4075,买盘
845,13:14:39,40.64,-0.13,8,32512,卖盘
846,13:14:21,40.77,0.13,4,16308,买盘
847,13:14:15,40.64,-0.13,100,406400,卖盘
848,13:14:12,40.77,--,3,12231,买盘
849,13:13:45,40.77,--,5,20385,买盘
850,13:13:24,40.77,0.13,5,20385,买盘
851,13:13:15,40.64,-0.02,100,406400,卖盘
852,13:13:12,40.66,-0.08,3,12197,中性盘
853,13:12:51,40.74,-0.01,4,16296,中性盘
854,13:12:18,40.75,0.15,1,4075,买盘
855,13:12:15,40.6,0.09,101,410060,中性盘
856,13:11:15,40.51,-0.26,100,405100,卖盘
857,13:10:24,40.77,--,1,4077,卖盘
858,13:10:21,40.77,0.18,5,20385,买盘
859,13:10:15,40.59,-0.07,100,405900,卖盘
860,13:10:03,40.66,0.04,11,44725,中性盘
861,13:09:39,40.62,0.02,2,8123,中性盘
862,13:09:15,40.6,-0.02,100,406000,卖盘
863,13:08:39,40.62,0.02,2,8123,卖盘
864,13:08:15,40.6,-0.18,100,406000,卖盘
865,13:08:03,40.78,--,11,44858,买盘
866,13:07:57,40.78,-0.01,32,130659,卖盘
867,13:07:54,40.79,--,1,4650,卖盘
868,13:07:51,40.79,--,1,4935,卖盘
869,13:07:45,40.79,0.01,0,1223,中性盘
870,13:07:39,40.78,-0.01,1,4078,卖盘
871,13:07:36,40.79,-0.01,0,1264,卖盘
872,13:07:21,40.8,0.01,20,81600,买盘
873,13:07:18,40.79,0.18,1,4079,买盘
874,13:07:15,40.61,-0.17,100,406100,卖盘
875,13:06:57,40.78,0.03,5,20390,买盘
876,13:06:48,40.75,--,1,4075,买盘
877,13:06:39,40.75,-0.03,6,24450,卖盘
878,13:06:27,40.78,0.16,2,8156,中性盘
879,13:06:15,40.62,-0.02,100,406200,卖盘
880,13:05:15,40.64,-0.11,100,406400,卖盘
881,13:04:39,40.75,--,7,28525,卖盘
882,13:04:33,40.75,--,1,4075,买盘
883,13:04:15,40.75,--,2,8150,买盘
884,13:04:06,40.75,-0.05,1,4075,中性盘
885,13:03:51,40.8,0.1,2,8159,买盘
886,13:03:45,40.7,--,300,1221000,卖盘
887,13:03:27,40.7,-0.07,270,1098900,卖盘
888,13:02:24,40.77,--,1,4077,买盘
889,13:02:18,40.77,0.06,1,4077,买盘
890,13:02:06,40.71,--,4,16284,卖盘
891,13:02:03,40.71,-0.05,5,20355,卖盘
892,13:01:48,40.76,0.05,1,4076,买盘
893,13:01:09,40.71,-0.06,1,4071,中性盘
894,13:01:03,40.77,0.07,10,40770,买盘
895,13:00:06,40.7,--,5,20350,卖盘
896,13:00:03,40.7,0.06,79,324216,买盘
897,13:00:00,40.64,--,0,0,买盘
898,11:30:00,40.64,--,0,0,买盘
899,11:29:51,40.64,0.02,1,4064,买盘
900,11:29:42,40.62,-0.02,5,20310,卖盘
901,11:29:39,40.64,--,15,60960,买盘
902,11:29:24,40.64,--,18,73152,买盘
903,11:29:21,40.64,--,3,12192,买盘
904,11:29:18,40.64,--,4,16256,买盘
905,11:29:00,40.64,0.01,9,36576,买盘
906,11:28:33,40.63,-0.01,2,8126,中性盘
907,11:28:27,40.64,0.01,20,81280,买盘
908,11:28:21,40.63,--,1,4063,买盘
909,11:28:18,40.63,--,3,12189,买盘
910,11:28:12,40.63,--,70,284410,买盘
911,11:27:42,40.63,--,5,20315,买盘
912,11:27:18,40.63,--,3,12189,买盘
913,11:26:57,40.63,--,4,16252,卖盘
914,11:26:36,40.63,0.01,16,65008,买盘
915,11:26:27,40.62,--,3,12186,卖盘
916,11:26:24,40.62,--,2,8123,卖盘
917,11:26:15,40.62,0.01,2,8123,中性盘
918,11:26:03,40.61,-0.01,100,406100,卖盘
919,11:25:57,40.62,0.01,2,8123,买盘
920,11:25:48,40.61,-0.01,2,8122,卖盘
921,11:25:42,40.62,-0.02,2,8123,卖盘
922,11:25:09,40.64,0.02,9,36576,买盘
923,11:24:57,40.62,0.01,1,4061,中性盘
924,11:24:54,40.61,-0.03,3,12183,卖盘
925,11:24:45,40.64,--,1,4064,买盘
926,11:24:36,40.64,0.04,11,44704,买盘
927,11:24:30,40.6,-0.04,5,20300,卖盘
928,11:24:09,40.64,-0.01,1,4064,卖盘
929,11:24:00,40.65,--,1,4065,买盘
930,11:23:57,40.65,--,4,16260,买盘
931,11:23:45,40.65,0.01,3,12195,买盘
932,11:23:36,40.64,-0.01,2,8128,中性盘
933,11:23:24,40.65,0.05,2,8130,买盘
934,11:23:21,40.6,-0.05,2,8120,中性盘
935,11:22:48,40.65,--,2,8130,买盘
936,11:22:33,40.65,0.07,15,60975,买盘
937,11:22:30,40.58,-0.07,4,16232,中性盘
938,11:22:18,40.65,0.08,1,4065,买盘
939,11:22:12,40.57,--,0,2921,买盘
940,11:21:57,40.57,-0.13,59,240498,卖盘
941,11:21:48,40.7,-0.08,3,12210,中性盘
942,11:21:03,40.78,--,1,5423,卖盘
943,11:21:00,40.78,--,2,10888,买盘
944,11:20:33,40.78,--,4,16312,买盘
945,11:20:30,40.78,0.01,3,12234,买盘
946,11:20:15,40.77,0.02,6,24462,买盘
947,11:20:12,40.75,0.01,7,28525,买盘
948,11:20:09,40.74,--,2,8148,卖盘
949,11:19:57,40.74,0.13,5,20370,买盘
950,11:19:48,40.61,--,56,227416,卖盘
951,11:19:33,40.61,--,56,228146,买盘
952,11:19:27,40.61,--,50,203050,买盘
953,11:19:24,40.61,--,2,8122,买盘
954,11:19:09,40.61,0.01,8,32488,买盘
955,11:19:03,40.6,--,5,20300,卖盘
956,11:19:00,40.6,-0.01,2,8120,卖盘
957,11:18:42,40.61,0.01,12,48732,买盘
958,11:18:39,40.6,-0.01,21,85260,卖盘
959,11:18:33,40.61,0.01,2,8122,买盘
960,11:18:27,40.6,-0.01,3,12180,卖盘
961,11:18:24,40.61,--,1,4061,买盘
962,11:18:21,40.61,--,4,16244,买盘
963,11:18:15,40.61,0.01,9,36549,买盘
964,11:18:12,40.6,-0.01,50,205923,卖盘
965,11:18:09,40.61,--,5,20305,买盘
966,11:18:00,40.61,--,11,44671,买盘
967,11:17:54,40.61,--,1,4061,买盘
968,11:17:48,40.61,0.01,7,28427,买盘
969,11:17:36,40.6,-0.01,2,8120,卖盘
970,11:17:18,40.61,0.01,1,4061,买盘
971,11:17:12,40.6,-0.01,3,12180,卖盘
972,11:17:03,40.61,0.01,2,8122,买盘
973,11:17:00,40.6,--,2,8120,卖盘
974,11:16:57,40.6,--,1,4060,卖盘
975,11:16:51,40.6,--,13,52780,卖盘
976,11:16:42,40.6,-0.01,6,24360,卖盘
977,11:16:36,40.61,--,1,4061,买盘
978,11:16:24,40.61,--,12,48732,卖盘
979,11:16:06,40.61,-0.01,1,4061,卖盘
980,11:15:09,40.62,-0.06,1,4061,中性盘
981,11:14:57,40.68,0.02,1,4068,中性盘
982,11:14:54,40.66,0.06,1,4065,中性盘
983,11:14:24,40.6,0.01,41,166460,买盘
984,11:14:03,40.59,--,5,20295,买盘
985,11:14:00,40.59,--,7,28413,买盘
986,11:13:54,40.59,--,44,178596,买盘
987,11:13:36,40.59,-0.01,2,8118,买盘
988,11:13:30,40.6,0.03,1,4060,中性盘
989,11:13:15,40.57,-0.01,100,405700,卖盘
990,11:13:12,40.58,-0.2,3,12174,卖盘
991,11:13:06,40.78,0.2,56,228368,买盘
992,11:12:57,40.58,-0.04,86,348988,卖盘
993,11:12:39,40.62,--,61,247781,买盘
994,11:12:36,40.62,0.01,2,8123,买盘
995,11:12:18,40.61,-0.01,11,44671,卖盘
996,11:12:03,40.62,--,18,73116,卖盘
997,11:11:57,40.62,--,15,60929,卖盘
998,11:11:39,40.62,-0.01,2,8123,卖盘
999,11:11:24,40.63,-0.11,2,8126,卖盘
1000,11:11:18,40.74,0.04,11,44814,买盘
1001,11:11:03,40.7,--,31,126170,买盘
1002,11:10:45,40.7,--,14,56980,卖盘
1003,11:10:42,40.7,--,6,24420,卖盘
1004,11:10:21,40.7,--,5,20350,卖盘
1005,11:10:06,40.7,0.05,4,16280,买盘
1006,11:09:57,40.65,-0.05,1,4065,卖盘
1007,11:09:48,40.7,0.05,1,4070,买盘
1008,11:09:42,40.65,-0.05,1,4065,卖盘
1009,11:09:15,40.7,-0.02,1,4070,卖盘
1010,11:08:51,40.72,--,2,8144,买盘
1011,11:08:21,40.72,--,18,73296,卖盘
1012,11:08:09,40.72,--,1,4072,卖盘
1013,11:08:03,40.72,--,1,4072,卖盘
1014,11:08:00,40.72,--,3,12216,卖盘
1015,11:07:48,40.72,--,1,4072,卖盘
1016,11:07:39,40.72,--,10,40720,买盘
1017,11:07:33,40.72,--,5,20360,卖盘
1018,11:07:24,40.72,--,2,8144,卖盘
1019,11:07:21,40.72,-0.06,4,16288,卖盘
1020,11:07:18,40.78,0.04,1,4078,中性盘
1021,11:07:15,40.74,--,2,8148,卖盘
1022,11:07:09,40.74,-0.07,1,4074,卖盘
1023,11:06:42,40.81,--,0,2407,卖盘
1024,11:06:36,40.81,--,1,5509,卖盘
1025,11:06:30,40.81,--,2,10365,卖盘
1026,11:06:24,40.81,--,4,16324,卖盘
1027,11:06:21,40.81,--,3,14446,卖盘
1028,11:06:12,40.81,-0.03,4,19874,卖盘
1029,11:05:57,40.84,-0.01,10,43535,卖盘
1030,11:05:54,40.85,0.01,89,363565,买盘
1031,11:05:48,40.84,--,29,120845,卖盘
1032,11:05:42,40.84,--,29,119293,卖盘
1033,11:05:39,40.84,--,3,12252,卖盘
1034,11:05:33,40.84,--,0,3675,卖盘
1035,11:05:30,40.84,0.03,3,12252,买盘
1036,11:05:24,40.81,--,2,11181,卖盘
1037,11:05:18,40.81,--,2,8284,卖盘
1038,11:05:09,40.81,--,0,2897,卖盘
1039,11:05:00,40.81,--,1,7304,卖盘
1040,11:04:54,40.81,--,1,7590,卖盘
1041,11:04:45,40.81,--,2,9957,卖盘
1042,11:04:36,40.81,--,6,25751,卖盘
1043,11:04:30,40.81,-0.04,6,25424,卖盘
1044,11:04:21,40.85,--,2,8170,买盘
1045,11:04:12,40.85,0.04,3,12255,买盘
1046,11:04:03,40.81,0.01,9,36729,买盘
1047,11:03:24,40.8,--,5,20400,买盘
1048,11:02:57,40.8,--,0,2162,卖盘
1049,11:02:54,40.8,--,2,10077,卖盘
1050,11:02:51,40.8,--,5,20400,卖盘
1051,11:02:42,40.8,0.06,2,8159,买盘
1052,11:02:39,40.74,-0.07,50,203700,卖盘
1053,11:02:18,40.81,0.01,1,4081,买盘
1054,11:01:48,40.8,0.06,5,20400,买盘
1055,11:01:21,40.74,--,3,12222,卖盘
1056,11:01:06,40.74,0.04,6,24444,买盘
1057,11:00:57,40.7,-0.04,1,4070,卖盘
1058,11:00:54,40.74,--,21,85554,买盘
1059,11:00:33,40.74,0.04,40,162960,买盘
1060,11:00:24,40.7,-0.04,2,8140,卖盘
1061,11:00:18,40.74,--,1,4074,买盘
1062,11:00:12,40.74,-0.05,1,4074,中性盘
1063,11:00:06,40.79,0.05,2,8158,买盘
1064,10:59:51,40.74,--,8,32592,卖盘
1065,10:59:36,40.74,0.06,2,8148,买盘
1066,10:58:27,40.68,-0.02,31,126108,卖盘
1067,10:58:09,40.7,0.02,3,12210,中性盘
1068,10:57:27,40.68,-0.02,10,40680,卖盘
1069,10:57:21,40.7,0.02,4,16280,买盘
1070,10:57:18,40.68,--,4,16272,卖盘
1071,10:57:06,40.68,--,1,4068,卖盘
1072,10:56:39,40.68,--,0,1220,卖盘
1073,10:56:36,40.68,--,20,81360,卖盘
1074,10:56:18,40.68,--,1,4068,卖盘
1075,10:56:15,40.68,-0.01,3,12204,卖盘
1076,10:56:03,40.69,--,8,32552,买盘
1077,10:55:51,40.69,0.01,2,8138,买盘
1078,10:55:48,40.68,--,3,12204,卖盘
1079,10:55:36,40.68,-0.01,7,28476,卖盘
1080,10:55:21,40.69,--,3,12207,中性盘
1081,10:54:33,40.69,0.01,1,4069,买盘
1082,10:54:27,40.68,-0.02,1,4068,卖盘
1083,10:54:12,40.7,0.02,12,48840,买盘
1084,10:54:03,40.68,-0.01,1,4068,卖盘
1085,10:54:00,40.69,0.01,2,8138,买盘
1086,10:53:39,40.68,--,2,8136,买盘
1087,10:53:24,40.68,0.07,1,4068,卖盘
1088,10:53:03,40.61,-0.08,10,40610,卖盘
1089,10:52:57,40.69,--,4,16276,买盘
1090,10:52:48,40.69,-0.01,1,4069,卖盘
1091,10:52:36,40.7,0.01,5,20350,买盘
1092,10:52:27,40.69,-0.01,1,4069,卖盘
1093,10:52:18,40.7,--,2,8140,买盘
1094,10:52:09,40.7,--,15,63899,卖盘
1095,10:52:03,40.7,-0.02,12,48840,卖盘
1096,10:52:00,40.72,--,8,32576,卖盘
1097,10:51:39,40.72,--,91,371773,卖盘
1098,10:51:30,40.72,--,9,36648,卖盘
1099,10:51:00,40.72,--,1,4072,卖盘
1100,10:50:48,40.72,--,1,4072,卖盘
1101,10:50:39,40.72,--,2,8144,卖盘
1102,10:50:06,40.72,0.02,1,4072,卖盘
1103,10:49:39,40.7,-0.01,1,4070,卖盘
1104,10:49:36,40.71,0.01,1,4071,中性盘
1105,10:49:18,40.7,-0.09,1,4070,卖盘
1106,10:49:06,40.79,0.09,1,4079,买盘
1107,10:49:03,40.7,--,31,126170,卖盘
1108,10:48:57,40.7,--,1,4070,卖盘
1109,10:48:51,40.7,0.01,30,122100,中性盘
1110,10:48:42,40.69,-0.01,18,73242,卖盘
1111,10:48:33,40.7,-0.01,4,16280,卖盘
1112,10:48:27,40.71,-0.08,5,20355,卖盘
1113,10:48:21,40.79,--,6,24474,买盘
1114,10:48:18,40.79,0.01,15,61185,买盘
1115,10:48:03,40.78,0.08,1,4078,买盘
1116,10:47:57,40.7,-0.09,2,8140,卖盘
1117,10:47:54,40.79,0.01,1,4079,买盘
1118,10:47:33,40.78,0.13,5,20390,买盘
1119,10:47:21,40.65,-0.13,1,4065,卖盘
1120,10:47:18,40.78,0.13,1,4078,买盘
1121,10:47:06,40.65,-0.13,10,40650,卖盘
1122,10:46:54,40.78,0.16,50,203900,买盘
1123,10:46:39,40.62,0.01,1,4061,中性盘
1124,10:46:21,40.61,--,8,32488,卖盘
1125,10:45:54,40.61,-0.01,1,4061,卖盘
1126,10:45:27,40.62,--,1,4061,买盘
1127,10:45:21,40.62,--,8,32495,买盘
1128,10:45:15,40.62,-0.08,17,69054,卖盘
1129,10:45:09,40.7,0.08,12,48840,买盘
1130,10:45:00,40.62,--,3,12186,卖盘
1131,10:44:54,40.62,-0.03,1,4061,卖盘
1132,10:44:45,40.65,0.03,1,4065,中性盘
1133,10:44:21,40.62,-0.08,1,4061,卖盘
1134,10:44:03,40.7,-0.01,9,36630,中性盘
1135,10:43:57,40.71,--,2,8142,买盘
1136,10:43:39,40.71,0.11,8,32568,买盘
1137,10:43:24,40.6,-0.1,1,4060,卖盘
1138,10:43:18,40.7,0.1,5,20350,买盘
1139,10:43:03,40.6,0.03,1,4060,中性盘
1140,10:42:54,40.57,-0.14,10,40570,卖盘
1141,10:42:42,40.71,--,1,4071,买盘
1142,10:42:36,40.71,--,12,48852,买盘
1143,10:42:30,40.71,--,2,8142,买盘
1144,10:42:21,40.71,--,7,28497,卖盘
1145,10:42:18,40.71,-0.01,2,8142,卖盘
1146,10:41:51,40.72,--,19,77368,卖盘
1147,10:41:27,40.72,--,20,81440,卖盘
1148,10:41:21,40.72,0.01,1,4072,买盘
1149,10:41:15,40.71,-0.01,4,16284,卖盘
1150,10:40:57,40.72,0.02,2,8144,买盘
1151,10:40:39,40.7,--,1,4070,卖盘
1152,10:40:33,40.7,0.1,1,4070,买盘
1153,10:40:21,40.6,0.03,4,16240,买盘
1154,10:39:42,40.57,--,4,16228,卖盘
1155,10:39:39,40.57,--,7,30630,买盘
1156,10:39:27,40.57,0.01,4,16228,买盘
1157,10:39:12,40.56,--,2,8112,买盘
1158,10:39:00,40.56,-0.01,1,4056,中性盘
1159,10:38:54,40.57,0.07,4,16228,买盘
1160,10:38:48,40.5,-0.07,2,8100,卖盘
1161,10:38:45,40.57,0.02,54,219078,买盘
1162,10:38:36,40.55,-0.02,5,20275,卖盘
1163,10:38:27,40.57,--,10,40570,买盘
1164,10:38:18,40.57,-0.01,61,249302,卖盘
1165,10:38:12,40.58,--,28,113624,买盘
1166,10:38:06,40.58,0.01,4,16232,买盘
1167,10:38:03,40.57,-0.01,1,4057,卖盘
1168,10:37:57,40.58,--,12,48696,买盘
1169,10:37:33,40.58,--,1,4058,买盘
1170,10:37:30,40.58,--,16,64928,买盘
1171,10:37:27,40.58,--,4,16232,买盘
1172,10:37:24,40.58,0.01,10,40580,买盘
1173,10:37:21,40.57,-0.01,3,12171,卖盘
1174,10:37:18,40.58,--,1,4058,买盘
1175,10:37:12,40.58,--,3,12174,买盘
1176,10:37:09,40.58,--,3,12174,买盘
1177,10:36:48,40.58,0.01,11,44638,买盘
1178,10:36:39,40.57,-0.01,20,81140,卖盘
1179,10:36:36,40.58,--,7,28406,买盘
1180,10:36:30,40.58,0.01,19,77102,买盘
1181,10:36:27,40.57,-0.01,9,38744,卖盘
1182,10:36:24,40.58,--,5,20290,买盘
1183,10:36:18,40.58,--,5,20290,买盘
1184,10:36:12,40.58,--,55,223190,买盘
1185,10:35:57,40.58,--,1,4058,买盘
1186,10:35:54,40.58,--,1,4058,买盘
1187,10:35:51,40.58,--,1,4058,买盘
1188,10:35:45,40.58,--,2,8116,买盘
1189,10:35:42,40.58,--,4,16232,买盘
1190,10:35:39,40.58,--,6,24348,买盘
1191,10:35:36,40.58,0.02,1,4058,买盘
1192,10:35:24,40.56,-0.01,3,12168,买盘
1193,10:35:21,40.57,--,11,44627,买盘
1194,10:35:18,40.57,--,1,4057,买盘
1195,10:35:12,40.57,0.09,4,16228,买盘
1196,10:35:00,40.48,0.01,7,31817,买盘
1197,10:34:57,40.47,-0.01,7,28329,卖盘
1198,10:34:45,40.48,--,32,129535,买盘
1199,10:34:42,40.48,0.01,1,4047,买盘
1200,10:34:39,40.47,-0.01,10,40470,卖盘
1201,10:34:36,40.48,--,13,52623,买盘
1202,10:34:33,40.48,0.01,31,125487,买盘
1203,10:34:30,40.47,-0.01,33,136586,卖盘
1204,10:34:27,40.48,--,5,20240,买盘
1205,10:34:24,40.48,--,6,24287,买盘
1206,10:34:21,40.48,--,3,12143,买盘
1207,10:34:00,40.48,--,7,28335,买盘
1208,10:33:54,40.48,0.04,3,12143,买盘
1209,10:33:51,40.44,-0.01,23,93012,卖盘
1210,10:33:45,40.45,-0.03,1,4045,买盘
1211,10:33:36,40.48,0.04,20,80960,买盘
1212,10:33:30,40.44,-0.01,28,113232,卖盘
1213,10:33:27,40.45,0.01,3,12135,中性盘
1214,10:33:21,40.44,-0.01,16,64704,卖盘
1215,10:33:18,40.45,0.01,8,32360,买盘
1216,10:33:15,40.44,-0.01,5,20220,卖盘
1217,10:33:09,40.45,-0.03,14,56630,卖盘
1218,10:33:06,40.48,0.03,1,4047,买盘
1219,10:33:03,40.45,--,2,8090,卖盘
1220,10:32:57,40.45,-0.03,2,8090,卖盘
1221,10:32:45,40.48,--,1,4047,买盘
1222,10:32:42,40.48,-0.02,5,20240,卖盘
1223,10:32:39,40.5,--,1,4050,买盘
1224,10:32:36,40.5,--,3,12150,买盘
1225,10:32:27,40.5,-0.08,2,8100,卖盘
1226,10:32:24,40.58,0.01,10,40580,买盘
1227,10:32:21,40.57,--,4,16228,买盘
1228,10:32:18,40.57,-0.01,2,8114,中性盘
1229,10:32:12,40.58,-0.01,3,12174,卖盘
1230,10:32:09,40.59,--,1,4059,买盘
1231,10:32:00,40.59,-0.01,18,73062,卖盘
1232,10:31:54,40.6,--,3,12180,买盘
1233,10:31:51,40.6,--,5,20300,买盘
1234,10:31:45,40.6,--,3,12180,买盘
1235,10:31:42,40.6,--,5,20300,买盘
1236,10:31:33,40.6,--,2,8120,买盘
1237,10:31:30,40.6,--,1,4060,买盘
1238,10:31:27,40.6,--,4,16240,买盘
1239,10:31:21,40.6,--,13,52780,买盘
1240,10:31:18,40.6,0.01,10,40600,买盘
1241,10:31:15,40.59,--,3,12177,卖盘
1242,10:31:09,40.59,--,7,28413,卖盘
1243,10:31:06,40.59,0.01,11,44649,买盘
1244,10:31:03,40.58,-0.01,3,12174,卖盘
1245,10:31:00,40.59,0.15,4,16236,买盘
1246,10:30:57,40.44,-0.16,4,16176,卖盘
1247,10:30:51,40.6,--,10,40600,买盘
1248,10:30:45,40.6,0.16,22,89320,买盘
1249,10:30:42,40.44,--,12,48528,卖盘
1250,10:30:36,40.44,-0.16,16,64704,卖盘
1251,10:30:30,40.6,--,30,121800,买盘
1252,10:30:24,40.6,0.17,15,60900,买盘
1253,10:30:21,40.43,-0.17,4,16172,卖盘
1254,10:30:15,40.6,--,9,36540,买盘
1255,10:30:03,40.6,0.45,4,16240,买盘
1256,10:29:51,40.15,-0.53,56,224840,卖盘
1257,10:29:42,40.68,0.48,2,8136,买盘
1258,10:29:39,40.2,-0.48,620,2492400,卖盘
1259,10:29:36,40.68,--,33,134244,买盘
1260,10:29:30,40.68,--,13,52884,买盘
1261,10:29:21,40.68,--,9,39459,卖盘
1262,10:29:15,40.68,-0.02,3,12204,卖盘
1263,10:29:12,40.7,--,2,8140,买盘
1264,10:29:09,40.7,--,9,36630,买盘
1265,10:28:57,40.7,0.01,12,48840,买盘
1266,10:28:51,40.69,--,28,113932,买盘
1267,10:28:48,40.69,--,2,8138,买盘
1268,10:28:45,40.69,--,13,55867,卖盘
1269,10:28:42,40.69,-0.01,14,56966,卖盘
1270,10:28:30,40.7,0.01,1,4070,买盘
1271,10:28:27,40.69,0.01,6,25512,中性盘
1272,10:28:21,40.68,-0.01,55,223740,卖盘
1273,10:28:18,40.69,-0.01,2,8138,卖盘
1274,10:28:15,40.7,0.01,15,63085,买盘
1275,10:28:12,40.69,--,5,20345,卖盘
1276,10:28:09,40.69,-0.01,0,3255,卖盘
1277,10:28:00,40.7,--,1,4070,买盘
1278,10:27:57,40.7,--,45,183150,买盘
1279,10:27:51,40.7,0.01,2,8140,买盘
1280,10:27:48,40.69,-0.01,9,36621,中性盘
1281,10:27:27,40.7,--,2,8140,买盘
1282,10:27:15,40.7,--,4,16280,买盘
1283,10:27:12,40.7,-0.04,109,443630,卖盘
1284,10:27:09,40.74,-0.01,3,12222,中性盘
1285,10:26:51,40.75,--,19,77425,买盘
1286,10:26:33,40.75,--,2,8150,买盘
1287,10:26:30,40.75,--,31,126325,买盘
1288,10:26:27,40.75,-0.03,118,480850,卖盘
1289,10:26:24,40.78,--,4,16312,买盘
1290,10:26:21,40.78,-0.01,0,1141,卖盘
1291,10:26:18,40.79,0.01,1,4079,买盘
1292,10:26:12,40.78,--,27,110106,卖盘
1293,10:26:00,40.78,-0.01,5,20390,卖盘
1294,10:25:57,40.79,-0.01,11,44869,卖盘
1295,10:25:54,40.8,0.01,4,18564,买盘
1296,10:25:51,40.79,--,5,20395,卖盘
1297,10:25:45,40.79,-0.01,0,3589,卖盘
1298,10:25:42,40.8,0.01,57,232559,买盘
1299,10:25:39,40.79,-0.01,0,1223,卖盘
1300,10:25:36,40.8,--,8,32639,买盘
1301,10:25:33,40.8,--,2,8159,买盘
1302,10:25:30,40.8,--,15,62831,买盘
1303,10:25:27,40.8,0.01,100,408000,买盘
1304,10:25:21,40.79,-0.01,1,4772,卖盘
1305,10:25:18,40.8,--,21,89188,卖盘
1306,10:25:15,40.8,0.01,1,4651,中性盘
1307,10:25:06,40.79,-0.11,11,45440,卖盘
1308,10:25:03,40.9,0.11,1,4090,买盘
1309,10:24:57,40.79,-0.11,1,6567,卖盘
1310,10:24:54,40.9,0.11,30,122700,买盘
1311,10:24:45,40.79,-0.11,10,40790,卖盘
1312,10:24:42,40.9,--,4,17014,买盘
1313,10:24:39,40.9,0.1,30,122700,买盘
1314,10:24:33,40.8,--,0,1019,卖盘
1315,10:24:24,40.8,0.01,33,135415,卖盘
1316,10:24:21,40.79,-0.01,8,32632,卖盘
1317,10:24:18,40.8,--,8,35944,卖盘
1318,10:24:15,40.8,--,5,20400,卖盘
1319,10:24:09,40.8,--,2,11709,卖盘
1320,10:24:06,40.8,--,12,49368,买盘
1321,10:24:03,40.8,0.01,10,40800,买盘
1322,10:24:00,40.79,-0.01,11,45603,卖盘
1323,10:23:57,40.8,0.01,24,97920,买盘
1324,10:23:54,40.79,-0.01,1,4527,中性盘
1325,10:23:51,40.8,0.02,12,48960,买盘
1326,10:23:45,40.78,-0.01,7,31930,卖盘
1327,10:23:39,40.79,--,9,36711,卖盘
1328,10:23:36,40.79,--,6,25167,卖盘
1329,10:23:30,40.79,--,5,20395,卖盘
1330,10:23:27,40.79,-0.01,5,20395,卖盘
1331,10:23:24,40.8,--,14,57119,买盘
1332,10:23:21,40.8,--,20,81600,买盘
1333,10:23:18,40.8,--,5,20400,买盘
1334,10:23:06,40.8,-0.09,28,114525,卖盘
1335,10:23:00,40.89,0.07,30,122670,买盘
1336,10:22:57,40.82,-0.06,1,6735,中性盘
1337,10:22:54,40.88,-0.01,6,24528,买盘
1338,10:22:51,40.89,0.09,4,16356,中性盘
1339,10:22:45,40.8,-0.1,80,330398,卖盘
1340,10:22:42,40.9,-0.04,0,3599,卖盘
1341,10:22:39,40.94,0.04,3,12282,买盘
1342,10:22:33,40.9,-0.04,5,21472,卖盘
1343,10:22:27,40.94,0.04,3,12282,买盘
1344,10:22:24,40.9,--,4,17259,卖盘
1345,10:22:18,40.9,--,5,23190,卖盘
1346,10:22:15,40.9,0.08,5,20450,卖盘
1347,10:22:09,40.82,-0.12,4,18287,卖盘
1348,10:22:06,40.94,0.14,4,16376,买盘
1349,10:22:03,40.8,-0.02,37,153408,卖盘
1350,10:21:57,40.82,--,2,11511,买盘
1351,10:21:54,40.82,0.02,50,207569,买盘
1352,10:21:51,40.8,-0.02,44,179520,卖盘
1353,10:21:48,40.82,0.02,4,16328,买盘
1354,10:21:45,40.8,--,80,328562,卖盘
1355,10:21:42,40.8,-0.01,35,142800,卖盘
1356,10:21:36,40.81,--,10,44278,卖盘
1357,10:21:30,40.81,-0.01,4,16324,卖盘
1358,10:21:24,40.82,0.01,7,28574,买盘
1359,10:21:21,40.81,--,58,236902,卖盘
1360,10:21:15,40.81,-0.01,32,133122,卖盘
1361,10:21:00,40.82,-0.01,9,38819,卖盘
1362,10:20:54,40.83,0.01,1,4083,中性盘
1363,10:20:48,40.82,-0.03,2,8164,卖盘
1364,10:20:42,40.85,-0.03,1,6045,卖盘
1365,10:20:36,40.88,0.05,10,40880,买盘
1366,10:20:33,40.83,-0.05,4,18251,中性盘
1367,10:20:24,40.88,0.06,10,40880,买盘
1368,10:20:21,40.82,-0.01,2,8164,卖盘
1369,10:20:18,40.83,--,2,9921,卖盘
1370,10:20:15,40.83,-0.07,1,4083,卖盘
1371,10:20:12,40.9,0.07,4,16360,买盘
1372,10:20:09,40.83,--,13,54793,卖盘
1373,10:20:06,40.83,-0.03,28,114364,卖盘
1374,10:19:54,40.86,0.01,2,9152,卖盘
1375,10:19:51,40.85,--,26,109314,买盘
1376,10:19:48,40.85,--,31,128391,卖盘
1377,10:19:45,40.85,--,5,24264,卖盘
1378,10:19:39,40.85,-0.01,6,26511,卖盘
1379,10:19:33,40.86,0.01,1,4086,买盘
1380,10:19:30,40.85,--,7,31781,卖盘
1381,10:19:21,40.85,-0.01,10,41871,卖盘
1382,10:19:12,40.86,-0.04,9,38530,卖盘
1383,10:19:06,40.9,0.04,8,33456,中性盘
1384,10:18:57,40.86,--,0,1756,卖盘
1385,10:18:51,40.86,-0.08,0,1838,卖盘
1386,10:18:48,40.94,0.08,2,8188,买盘
1387,10:18:42,40.86,--,0,2533,卖盘
1388,10:18:33,40.86,--,2,11726,卖盘
1389,10:18:24,40.86,-0.08,11,45027,卖盘
1390,10:18:18,40.94,--,9,36846,买盘
1391,10:18:12,40.94,0.09,5,20470,买盘
1392,10:18:09,40.85,-0.04,6,24510,卖盘
1393,10:18:06,40.89,-0.03,4,16356,卖盘
1394,10:18:00,40.92,--,1,4705,卖盘
1395,10:17:54,40.92,--,15,64858,卖盘
1396,10:17:51,40.92,0.07,9,36828,买盘
1397,10:17:45,40.85,-0.07,4,19812,卖盘
1398,10:17:42,40.92,0.07,5,20460,买盘
1399,10:17:39,40.85,--,3,12255,卖盘
1400,10:17:36,40.85,--,4,20139,卖盘
1401,10:17:30,40.85,--,1,4085,卖盘
1402,10:17:27,40.85,-0.07,8,33129,卖盘
1403,10:17:21,40.92,0.02,16,66822,买盘
1404,10:17:12,40.9,0.05,3,12270,中性盘
1405,10:17:09,40.85,-0.07,6,24510,卖盘
1406,10:17:06,40.92,0.02,10,40920,买盘
1407,10:17:03,40.9,--,17,73047,卖盘
1408,10:17:00,40.9,--,6,24540,卖盘
1409,10:16:57,40.9,--,14,60654,卖盘
1410,10:16:51,40.9,-0.02,11,44990,卖盘
1411,10:16:45,40.92,--,3,15140,卖盘
1412,10:16:42,40.92,--,1,4092,卖盘
1413,10:16:39,40.92,0.02,4,17595,中性盘
1414,10:16:33,40.9,-0.05,15,61963,卖盘
1415,10:16:27,40.95,0.05,4,16380,买盘
1416,10:16:24,40.9,--,8,35133,卖盘
1417,10:16:21,40.9,--,2,8180,卖盘
1418,10:16:12,40.9,--,8,32720,卖盘
1419,10:16:09,40.9,-0.02,13,53538,卖盘
1420,10:16:06,40.92,0.01,4,17309,买盘
1421,10:16:00,40.91,--,5,24218,卖盘
1422,10:15:54,40.91,--,5,20455,卖盘
1423,10:15:51,40.91,--,6,25855,卖盘
1424,10:15:45,40.91,--,6,26673,卖盘
1425,10:15:39,40.91,-0.01,2,8181,卖盘
1426,10:15:36,40.92,-0.03,1,5483,卖盘
1427,10:15:33,40.95,0.03,2,8190,买盘
1428,10:15:27,40.92,--,6,26925,卖盘
1429,10:15:21,40.92,-0.03,1,4419,中性盘
1430,10:15:15,40.95,0.04,9,36855,买盘
1431,10:15:12,40.91,-0.04,4,19841,卖盘
1432,10:15:09,40.95,0.04,1,4095,买盘
1433,10:15:06,40.91,--,6,28146,卖盘
1434,10:14:57,40.91,-0.04,6,27777,卖盘
1435,10:14:48,40.95,--,12,52088,买盘
1436,10:14:45,40.95,0.02,2,8190,买盘
1437,10:14:42,40.93,-0.02,4,16372,卖盘
1438,10:14:39,40.95,--,5,20475,买盘
1439,10:14:30,40.95,--,33,137592,卖盘
1440,10:14:24,40.95,--,2,11793,卖盘
1441,10:14:18,40.95,--,2,10278,卖盘
1442,10:14:12,40.95,--,1,4095,卖盘
1443,10:14:09,40.95,-0.04,9,40335,卖盘
1444,10:14:06,40.99,0.04,10,40990,买盘
1445,10:14:00,40.95,--,13,57043,卖盘
1446,10:13:54,40.95,-0.05,13,56470,卖盘
1447,10:13:51,41.0,--,6,24600,买盘
1448,10:13:42,41.0,--,2,8200,买盘
1449,10:13:39,41.0,--,3,13325,卖盘
1450,10:13:33,41.0,--,45,184500,卖盘
1451,10:13:27,41.0,--,18,77121,卖盘
1452,10:13:21,41.0,--,12,49200,卖盘
1453,10:13:18,41.0,-0.04,19,77900,卖盘
1454,10:13:12,41.04,0.04,2,8208,中性盘
1455,10:13:06,41.0,-0.04,29,122918,卖盘
1456,10:13:03,41.04,0.04,1,4883,买盘
1457,10:12:57,41.0,--,39,161171,卖盘
1458,10:12:51,41.0,--,9,36900,卖盘
1459,10:12:48,41.0,-0.1,6,24600,卖盘
1460,10:12:42,41.1,--,4,16440,买盘
1461,10:12:39,41.1,--,78,321360,卖盘
1462,10:12:33,41.1,-0.01,48,200855,卖盘
1463,10:12:30,41.11,-0.07,1,4111,卖盘
1464,10:12:27,41.18,0.08,10,41180,买盘
1465,10:12:24,41.1,--,46,192142,卖盘
1466,10:12:18,41.1,--,3,12330,卖盘
1467,10:12:15,41.1,-0.04,75,309400,卖盘
1468,10:12:12,41.14,0.04,26,106964,买盘
1469,10:12:09,41.1,--,80,330772,卖盘
1470,10:12:03,41.1,--,1,4110,卖盘
1471,10:12:00,41.1,-0.04,34,140274,卖盘
1472,10:11:57,41.14,0.1,71,293328,买盘
1473,10:11:54,41.04,0.04,3,12312,买盘
1474,10:11:51,41.0,--,48,196964,卖盘
1475,10:11:45,41.0,--,2,10619,卖盘
1476,10:11:42,41.0,--,25,102500,卖盘
1477,10:11:39,41.0,0.05,30,126403,买盘
1478,10:11:36,40.95,-0.05,2,9991,卖盘
1479,10:11:30,41.0,0.05,6,24600,买盘
1480,10:11:27,40.95,-0.05,3,15151,中性盘
1481,10:11:21,41.0,0.08,3,13120,买盘
1482,10:11:12,40.92,-0.03,41,170759,卖盘
1483,10:11:06,40.95,-0.05,7,28665,中性盘
1484,10:11:03,41.0,0.09,80,331936,买盘
1485,10:10:57,40.91,-0.01,8,33668,卖盘
1486,10:10:54,40.92,0.02,26,106392,买盘
1487,10:10:51,40.9,-0.01,7,28630,卖盘
1488,10:10:48,40.91,--,8,35796,买盘
1489,10:10:45,40.91,0.01,1,4090,买盘
1490,10:10:39,40.9,0.05,50,207935,买盘
1491,10:10:33,40.85,-0.05,7,30188,卖盘
1492,10:10:27,40.9,0.05,6,24540,买盘
1493,10:10:24,40.85,-0.05,26,107721,卖盘
1494,10:10:18,40.9,0.05,5,20450,买盘
1495,10:10:15,40.85,--,3,13643,卖盘
1496,10:10:09,40.85,-0.05,2,9926,卖盘
1497,10:10:06,40.9,--,4,16360,买盘
1498,10:10:03,40.9,0.05,1,4090,买盘
1499,10:10:00,40.85,--,3,14869,卖盘
1500,10:09:51,40.85,--,0,2328,卖盘
1501,10:09:45,40.85,-0.05,1,6495,卖盘
1502,10:09:39,40.9,0.08,101,413090,买盘
1503,10:09:36,40.82,-0.08,1,7878,卖盘
1504,10:09:33,40.9,0.08,1,4090,买盘
1505,10:09:27,40.82,0.01,4,19389,中性盘
1506,10:09:24,40.81,--,3,12243,卖盘
1507,10:09:21,40.81,-0.09,5,22119,卖盘
1508,10:09:18,40.9,0.02,6,24540,买盘
1509,10:09:15,40.88,-0.02,1,4088,买盘
1510,10:09:12,40.9,0.02,4,19223,买盘
1511,10:09:09,40.88,-0.02,1,4088,卖盘
1512,10:09:06,40.9,0.02,2,8180,买盘
1513,10:09:03,40.88,--,2,12018,卖盘
1514,10:08:57,40.88,-0.02,2,11855,卖盘
1515,10:08:54,40.9,0.02,2,8180,买盘
1516,10:08:48,40.88,--,2,9402,卖盘
1517,10:08:39,40.88,--,0,1226,卖盘
1518,10:08:36,40.88,0.02,21,89363,买盘
1519,10:08:33,40.86,--,10,42044,卖盘
1520,10:08:24,40.86,-0.02,0,1225,卖盘
1521,10:08:18,40.88,--,2,8176,买盘
1522,10:08:12,40.88,--,5,24119,卖盘
1523,10:08:09,40.88,-0.02,2,10792,卖盘
1524,10:08:06,40.9,0.02,4,16360,买盘
1525,10:08:00,40.88,-0.01,1,5968,中性盘
1526,10:07:45,40.89,--,1,6092,卖盘
1527,10:07:36,40.89,-0.01,0,2494,卖盘
1528,10:07:30,40.9,0.01,4,16360,买盘
1529,10:07:27,40.89,--,10,44529,卖盘
1530,10:07:21,40.89,-0.01,1,5111,卖盘
1531,10:07:15,40.9,0.01,6,24540,买盘
1532,10:07:12,40.89,-0.01,3,15415,卖盘
1533,10:07:06,40.9,--,40,163600,买盘
1534,10:07:03,40.9,0.01,9,37300,买盘
1535,10:06:57,40.89,--,4,18236,卖盘
1536,10:06:51,40.89,--,2,8178,卖盘
1537,10:06:48,40.89,--,9,40113,卖盘
1538,10:06:45,40.89,--,2,8178,卖盘
1539,10:06:39,40.89,--,4,16437,卖盘
1540,10:06:33,40.89,0.06,32,131093,买盘
1541,10:06:24,40.83,--,2,8166,买盘
1542,10:06:21,40.83,--,42,172915,卖盘
1543,10:06:15,40.83,--,21,89540,卖盘
1544,10:06:06,40.83,-0.07,20,83946,卖盘
1545,10:06:00,40.9,0.07,26,108671,买盘
1546,10:05:51,40.83,--,2,11473,卖盘
1547,10:05:48,40.83,--,1,4083,卖盘
1548,10:05:42,40.83,0.02,6,27682,中性盘
1549,10:05:36,40.81,--,1,5182,卖盘
1550,10:05:27,40.81,-0.03,2,11141,卖盘
1551,10:05:24,40.84,--,1,4084,买盘
1552,10:05:21,40.84,0.03,4,16336,买盘
1553,10:05:18,40.81,--,2,9794,卖盘
1554,10:05:06,40.81,-0.02,212,865172,卖盘
1555,10:05:03,40.83,--,12,50180,买盘
1556,10:04:54,40.83,--,2,11595,卖盘
1557,10:04:48,40.83,-0.08,21,89091,卖盘
1558,10:04:39,40.91,0.08,17,70610,买盘
1559,10:04:30,40.83,-0.08,16,65572,卖盘
1560,10:04:24,40.91,--,21,89511,买盘
1561,10:04:15,40.91,0.09,16,66028,买盘
1562,10:04:06,40.82,-0.09,28,114745,卖盘
1563,10:04:03,40.91,0.09,14,57273,买盘
1564,10:04:00,40.82,--,23,97192,卖盘
1565,10:03:51,40.82,-0.09,32,132175,卖盘
1566,10:03:42,40.91,--,1,4090,买盘
1567,10:03:39,40.91,0.08,14,57273,买盘
1568,10:03:36,40.83,-0.02,16,67736,卖盘
1569,10:03:33,40.85,--,4,16340,买盘
1570,10:03:30,40.85,0.02,10,40850,买盘
1571,10:03:27,40.83,-0.02,7,30255,卖盘
1572,10:03:18,40.85,--,1,4085,买盘
1573,10:03:12,40.85,-0.03,0,2246,卖盘
1574,10:03:06,40.88,--,1,4088,买盘
1575,10:03:03,40.88,--,0,2207,卖盘
1576,10:02:54,40.88,--,0,940,卖盘
1577,10:02:48,40.88,-0.03,0,940,中性盘
1578,10:02:42,40.91,0.06,1,4090,买盘
1579,10:02:39,40.85,-0.06,0,939,卖盘
1580,10:02:33,40.91,0.06,1,4090,买盘
1581,10:02:30,40.85,--,7,31536,卖盘
1582,10:02:24,40.85,-0.06,31,128922,卖盘
1583,10:02:21,40.91,0.03,143,585013,买盘
1584,10:02:18,40.88,0.03,5,20440,买盘
1585,10:02:15,40.85,-0.06,2,9885,卖盘
1586,10:02:12,40.91,--,12,49091,买盘
1587,10:02:09,40.91,0.01,33,135003,买盘
1588,10:02:06,40.9,-0.01,86,353294,卖盘
1589,10:02:03,40.91,0.01,30,122729,买盘
1590,10:02:00,40.9,0.05,2,10715,中性盘
1591,10:01:51,40.85,-0.05,5,20996,卖盘
1592,10:01:48,40.9,0.05,1,4090,买盘
1593,10:01:45,40.85,-0.05,8,33660,卖盘
1594,10:01:42,40.9,0.05,1,4090,买盘
1595,10:01:36,40.85,-0.06,7,29166,卖盘
1596,10:01:30,40.91,0.01,15,61364,买盘
1597,10:01:21,40.9,--,3,14315,卖盘
1598,10:01:15,40.9,--,1,4090,卖盘
1599,10:01:12,40.9,--,6,25358,卖盘
1600,10:01:03,40.9,-0.01,0,1227,卖盘
1601,10:00:54,40.91,-0.04,84,343644,卖盘
1602,10:00:42,40.95,--,1,4095,买盘
1603,10:00:33,40.95,--,12,52620,卖盘
1604,10:00:24,40.95,--,5,21785,卖盘
1605,10:00:15,40.95,--,5,23873,卖盘
1606,10:00:06,40.95,-0.09,12,50163,卖盘
1607,09:59:54,41.04,0.09,2,8208,买盘
1608,09:59:51,40.95,-0.05,11,47092,卖盘
1609,09:59:42,41.0,--,19,79499,买盘
1610,09:59:39,41.0,0.05,30,123000,买盘
1611,09:59:36,40.95,-0.05,2,11875,卖盘
1612,09:59:27,41.0,0.05,15,61500,买盘
1613,09:59:18,40.95,-0.05,20,85831,中性盘
1614,09:59:09,41.0,0.04,10,41000,买盘
1615,09:59:06,40.96,-0.04,18,75816,卖盘
1616,09:59:03,41.0,--,5,23862,卖盘
1617,09:58:54,41.0,-0.04,4,20172,卖盘
1618,09:58:51,41.04,0.04,1,4104,买盘
1619,09:58:48,41.0,0.04,6,28454,买盘
1620,09:58:39,40.96,--,8,33587,卖盘
1621,09:58:30,40.96,--,15,62504,卖盘
1622,09:58:24,40.96,-0.05,16,67461,卖盘
1623,09:58:18,41.01,0.05,1,4101,买盘
1624,09:58:15,40.96,-0.09,17,71024,卖盘
1625,09:58:12,41.05,0.09,2,8210,买盘
1626,09:58:06,40.96,-0.04,24,100515,卖盘
1627,09:58:00,41.0,--,14,57400,买盘
1628,09:57:54,41.0,--,34,140835,卖盘
1629,09:57:51,41.0,--,14,59450,卖盘
1630,09:57:45,41.0,--,1,4100,卖盘
1631,09:57:42,41.0,--,11,45715,卖盘
1632,09:57:39,41.0,0.09,114,467400,买盘
1633,09:57:33,40.91,--,3,12272,中性盘
1634,09:57:21,40.91,--,2,8181,买盘
1635,09:57:09,40.91,0.11,1,4090,买盘
1636,09:57:00,40.8,--,3,12240,卖盘
1637,09:56:57,40.8,-0.01,41,167280,卖盘
1638,09:56:51,40.81,0.01,7,28567,中性盘
1639,09:56:42,40.8,-0.1,2,8159,卖盘
1640,09:56:39,40.9,0.09,10,40900,买盘
1641,09:56:30,40.81,0.06,11,44891,买盘
1642,09:56:21,40.75,-0.06,1,4075,卖盘
1643,09:56:15,40.81,-0.1,4,16324,卖盘
1644,09:56:09,40.91,0.1,4,16363,买盘
1645,09:56:06,40.81,-0.1,2,8162,卖盘
1646,09:56:03,40.91,0.2,1,4090,买盘
1647,09:55:54,40.71,-0.23,4,16284,卖盘
1648,09:55:45,40.94,0.04,5,20470,买盘
1649,09:55:42,40.9,--,2,8180,买盘
1650,09:55:33,40.9,0.2,2,8180,买盘
1651,09:55:30,40.7,-0.13,111,451770,卖盘
1652,09:55:27,40.83,-0.11,7,28581,卖盘
1653,09:55:15,40.94,0.04,1,4094,买盘
1654,09:54:42,40.9,--,0,3640,买盘
1655,09:54:30,40.9,0.01,18,73620,买盘
1656,09:54:27,40.89,-0.01,3,14761,卖盘
1657,09:54:24,40.9,0.01,2,8180,买盘
1658,09:54:18,40.89,--,4,16356,卖盘
1659,09:54:03,40.89,-0.01,3,12267,卖盘
1660,09:54:00,40.9,0.01,13,53170,买盘
1661,09:53:51,40.89,--,0,1594,卖盘
1662,09:53:45,40.89,-0.01,10,40890,卖盘
1663,09:53:42,40.9,--,10,40900,买盘
1664,09:53:39,40.9,--,1,4090,买盘
1665,09:53:33,40.9,-0.03,14,57260,卖盘
1666,09:53:24,40.93,0.01,4,16372,买盘
1667,09:53:18,40.92,0.02,2,8184,中性盘
1668,09:53:09,40.9,--,4,16360,卖盘
1669,09:53:06,40.9,-0.03,12,49080,卖盘
1670,09:53:03,40.93,0.03,1,4093,买盘
1671,09:52:39,40.9,--,2,8180,卖盘
1672,09:52:33,40.9,0.01,34,139060,买盘
1673,09:52:27,40.89,--,13,53157,卖盘
1674,09:52:24,40.89,0.16,2,8178,中性盘
1675,09:52:06,40.73,--,88,358424,卖盘
1676,09:51:54,40.73,-0.16,2,8145,卖盘
1677,09:51:45,40.89,--,9,36801,卖盘
1678,09:51:42,40.89,-0.01,15,61335,卖盘
1679,09:51:30,40.9,0.01,10,40900,买盘
1680,09:51:24,40.89,--,11,44979,买盘
1681,09:51:21,40.89,0.23,3,12267,买盘
1682,09:51:18,40.66,-0.23,103,418797,卖盘
1683,09:51:15,40.89,0.18,2,8178,买盘
1684,09:51:09,40.71,-0.18,79,321609,卖盘
1685,09:51:03,40.89,--,13,53157,买盘
1686,09:51:00,40.89,0.19,6,24534,中性盘
1687,09:50:39,40.7,--,6,24420,卖盘
1688,09:50:24,40.7,--,12,48840,买盘
1689,09:50:15,40.7,-0.17,5,20350,买盘
1690,09:50:12,40.87,0.21,12,49044,买盘
1691,09:50:09,40.66,-0.05,10,40660,卖盘
1692,09:50:03,40.71,0.05,12,48852,中性盘
1693,09:49:57,40.66,-0.06,29,117913,卖盘
1694,09:49:54,40.72,--,6,28137,买盘
1695,09:49:48,40.72,0.01,20,81440,买盘
1696,09:49:45,40.71,--,4,16284,买盘
1697,09:49:42,40.71,-0.01,7,28497,卖盘
1698,09:49:39,40.72,--,1,4072,买盘
1699,09:49:36,40.72,--,1,4072,买盘
1700,09:49:30,40.72,0.01,5,20360,中性盘
1701,09:49:21,40.71,-0.01,35,142485,卖盘
1702,09:49:15,40.72,--,6,24432,买盘
1703,09:49:12,40.72,--,7,28504,买盘
1704,09:49:09,40.72,--,21,85512,买盘
1705,09:49:06,40.72,--,1,4072,买盘
1706,09:49:00,40.72,--,1,4072,买盘
1707,09:48:54,40.72,-0.03,7,28504,卖盘
1708,09:48:51,40.75,--,3,12225,买盘
1709,09:48:42,40.75,--,1,4075,买盘
1710,09:48:39,40.75,--,5,20375,买盘
1711,09:48:36,40.75,-0.1,37,150775,卖盘
1712,09:48:24,40.85,0.07,17,69445,买盘
1713,09:48:21,40.78,-0.07,14,57092,卖盘
1714,09:48:18,40.85,-0.02,1,4085,中性盘
1715,09:48:06,40.87,--,3,12261,买盘
1716,09:48:03,40.87,--,9,36783,卖盘
1717,09:47:54,40.87,-0.04,15,61304,卖盘
1718,09:47:51,40.91,0.01,6,24545,中性盘
1719,09:47:36,40.9,0.01,1,4090,买盘
1720,09:47:33,40.89,-0.01,10,40890,卖盘
1721,09:47:21,40.9,0.01,1,4090,买盘
1722,09:47:18,40.89,-0.06,20,81780,卖盘
1723,09:47:12,40.95,0.06,2,8190,买盘
1724,09:47:09,40.89,-0.06,1,4089,卖盘
1725,09:47:00,40.95,--,5,20475,卖盘
1726,09:46:54,40.95,--,5,20475,买盘
1727,09:46:51,40.95,--,7,28665,买盘
1728,09:46:39,40.95,0.08,21,85995,买盘
1729,09:46:24,40.87,0.12,1,4086,买盘
1730,09:46:18,40.75,--,12,48900,卖盘
1731,09:45:57,40.75,0.15,2,8150,中性盘
1732,09:45:51,40.6,-0.28,600,2436000,卖盘
1733,09:45:45,40.88,0.16,2,8176,买盘
1734,09:45:42,40.72,--,1,4072,卖盘
1735,09:45:24,40.72,0.01,4,16288,卖盘
1736,09:45:15,40.71,0.01,1,4071,中性盘
1737,09:45:12,40.7,--,11,44770,卖盘
1738,09:45:00,40.7,--,11,44770,卖盘
1739,09:44:54,40.7,--,1,4070,卖盘
1740,09:44:45,40.7,--,1,4070,买盘
1741,09:44:42,40.7,--,2,8140,卖盘
1742,09:44:36,40.7,-0.27,1,4070,中性盘
1743,09:44:27,40.97,0.28,6,24582,买盘
1744,09:44:24,40.69,-0.01,17,69173,卖盘
1745,09:44:21,40.7,--,1,4070,卖盘
1746,09:44:18,40.7,--,54,220634,买盘
1747,09:44:03,40.7,0.01,3,12210,买盘
1748,09:44:00,40.69,--,2,8138,卖盘
1749,09:43:57,40.69,-0.01,1,4069,中性盘
1750,09:43:51,40.7,0.02,105,427350,买盘
1751,09:43:48,40.68,-0.01,25,101700,卖盘
1752,09:43:42,40.69,--,123,500487,买盘
1753,09:43:39,40.69,--,4,16276,买盘
1754,09:43:30,40.69,0.01,6,24414,买盘
1755,09:43:24,40.68,-0.01,26,105768,卖盘
1756,09:43:21,40.69,--,20,81380,买盘
1757,09:43:18,40.69,--,13,52897,买盘
1758,09:43:15,40.69,--,51,207519,卖盘
1759,09:43:12,40.69,--,9,36621,卖盘
1760,09:43:09,40.69,-0.01,2,8138,卖盘
1761,09:43:06,40.7,0.01,35,142450,买盘
1762,09:43:03,40.69,-0.01,17,69173,卖盘
1763,09:42:57,40.7,0.01,62,252340,买盘
1764,09:42:54,40.69,-0.01,3,12207,卖盘
1765,09:42:51,40.7,0.01,104,423280,买盘
1766,09:42:45,40.69,-0.01,3,12207,中性盘
1767,09:42:42,40.7,--,10,40700,买盘
1768,09:42:39,40.7,--,5,20350,买盘
1769,09:42:30,40.7,--,1,4070,买盘
1770,09:42:27,40.7,-0.19,249,1015465,卖盘
1771,09:42:24,40.89,-0.1,2,8178,卖盘
1772,09:42:18,40.99,-0.06,12,49188,卖盘
1773,09:42:09,41.05,0.06,4,16420,买盘
1774,09:42:06,40.99,--,4,16396,卖盘
1775,09:41:57,40.99,0.1,1,4099,买盘
1776,09:41:54,40.89,-0.1,3,12267,卖盘
1777,09:41:51,40.99,0.1,6,24594,买盘
1778,09:41:48,40.89,--,2,8178,卖盘
1779,09:41:45,40.89,--,6,24534,买盘
1780,09:41:42,40.89,0.08,1,4089,买盘
1781,09:41:39,40.81,-0.08,6,24486,卖盘
1782,09:41:30,40.89,0.04,6,24534,买盘
1783,09:41:24,40.85,0.02,2,8170,卖盘
1784,09:41:18,40.83,--,4,18373,买盘
1785,09:41:15,40.83,-0.02,15,63286,卖盘
1786,09:41:12,40.85,0.02,5,20425,买盘
1787,09:41:09,40.83,--,32,130656,卖盘
1788,09:41:06,40.83,--,1,4083,卖盘
1789,09:41:00,40.83,-0.02,1,4083,卖盘
1790,09:40:57,40.85,0.02,1,4085,买盘
1791,09:40:54,40.83,--,4,16332,卖盘
1792,09:40:51,40.83,--,2,8166,卖盘
1793,09:40:48,40.83,0.03,11,46954,买盘
1794,09:40:45,40.8,--,6,24480,买盘
1795,09:40:42,40.8,--,1,4079,买盘
1796,09:40:39,40.8,--,1,4079,买盘
1797,09:40:36,40.8,-0.05,28,114239,卖盘
1798,09:40:27,40.85,--,2,8170,卖盘
1799,09:40:24,40.85,-0.05,2,8170,卖盘
1800,09:40:21,40.9,--,1,4090,买盘
1801,09:40:18,40.9,0.04,13,53170,买盘
1802,09:40:15,40.86,--,7,28602,买盘
1803,09:40:12,40.86,-0.04,18,73548,卖盘
1804,09:40:06,40.9,--,2,8180,卖盘
1805,09:40:03,40.9,--,1,4090,买盘
1806,09:40:00,40.9,--,8,32720,买盘
1807,09:39:57,40.9,--,9,36810,买盘
1808,09:39:48,40.9,0.1,1,4090,买盘
1809,09:39:33,40.8,-0.09,1,4079,卖盘
1810,09:39:30,40.89,0.09,5,20445,买盘
1811,09:39:27,40.8,--,6,24480,卖盘
1812,09:39:21,40.8,0.01,5,20400,卖盘
1813,09:39:09,40.79,-0.1,28,114212,卖盘
1814,09:39:06,40.89,0.01,1,4089,买盘
1815,09:39:00,40.88,-0.02,13,53144,卖盘
1816,09:38:57,40.9,0.02,1,4090,买盘
1817,09:38:54,40.88,-0.01,10,40880,卖盘
1818,09:38:51,40.89,-0.01,1,4089,卖盘
1819,09:38:48,40.9,0.01,47,192230,买盘
1820,09:38:45,40.89,-0.01,3,12267,中性盘
1821,09:38:39,40.9,-0.1,2,8180,卖盘
1822,09:38:30,41.0,0.01,5,20500,买盘
1823,09:38:21,40.99,-0.01,3,12297,中性盘
1824,09:38:18,41.0,-0.05,68,278800,卖盘
1825,09:38:15,41.05,0.05,14,57469,中性盘
1826,09:38:12,41.0,-0.06,73,299300,卖盘
1827,09:38:06,41.06,--,2,8212,买盘
1828,09:38:00,41.06,--,6,24636,卖盘
1829,09:37:57,41.06,-0.01,2,8212,卖盘
1830,09:37:48,41.07,-0.13,46,188922,卖盘
1831,09:37:45,41.2,--,4,16480,卖盘
1832,09:37:39,41.2,--,2,8240,卖盘
1833,09:37:36,41.2,-0.02,1,4120,卖盘
1834,09:37:30,41.22,0.02,4,16488,买盘
1835,09:37:24,41.2,--,10,41200,买盘
1836,09:37:21,41.2,--,2,8240,买盘
1837,09:37:18,41.2,-0.02,45,185400,卖盘
1838,09:37:15,41.22,0.01,1,4122,卖盘
1839,09:37:03,41.21,0.01,7,28847,买盘
1840,09:36:57,41.2,-0.01,2,8240,卖盘
1841,09:36:51,41.21,--,6,24726,卖盘
1842,09:36:48,41.21,-0.07,2,8242,卖盘
1843,09:36:42,41.28,0.07,2,8256,中性盘
1844,09:36:39,41.21,-0.07,1,4121,卖盘
1845,09:36:36,41.28,--,1,4128,买盘
1846,09:36:33,41.28,0.07,4,16512,买盘
1847,09:36:21,41.21,--,13,53573,卖盘
1848,09:36:18,41.21,0.01,6,24726,中性盘
1849,09:36:12,41.2,--,1,4120,卖盘
1850,09:36:09,41.2,--,7,28840,卖盘
1851,09:36:06,41.2,-0.18,1,4120,卖盘
1852,09:35:57,41.38,--,4,16552,买盘
1853,09:35:54,41.38,0.18,8,33104,中性盘
1854,09:35:48,41.2,-0.18,40,164800,卖盘
1855,09:35:45,41.38,--,14,57932,卖盘
1856,09:35:39,41.38,-0.01,3,12414,卖盘
1857,09:35:36,41.39,0.01,9,37251,买盘
1858,09:35:33,41.38,-0.02,24,99312,卖盘
1859,09:35:30,41.4,--,5,20700,买盘
1860,09:35:27,41.4,--,24,99360,买盘
1861,09:35:21,41.4,--,30,124200,卖盘
1862,09:35:18,41.4,--,4,16560,卖盘
1863,09:35:15,41.4,--,2,8280,卖盘
1864,09:35:12,41.4,-0.01,7,28980,卖盘
1865,09:35:09,41.41,0.01,2,8282,买盘
1866,09:35:06,41.4,--,10,41400,卖盘
1867,09:35:03,41.4,--,7,28980,卖盘
1868,09:34:51,41.4,--,1,4140,卖盘
1869,09:34:45,41.4,--,3,12420,卖盘
1870,09:34:36,41.4,-0.03,42,173880,卖盘
1871,09:34:33,41.43,0.03,2,8286,买盘
1872,09:34:27,41.4,-0.03,12,49680,卖盘
1873,09:34:24,41.43,0.03,2,8286,买盘
1874,09:34:21,41.4,--,1,4140,卖盘
1875,09:34:12,41.4,0.01,6,24840,中性盘
1876,09:34:06,41.39,-0.01,18,74502,卖盘
1877,09:34:00,41.4,--,1,4140,买盘
1878,09:33:54,41.4,--,12,49680,买盘
1879,09:33:48,41.4,--,6,24840,买盘
1880,09:33:45,41.4,-0.1,8,33120,卖盘
1881,09:33:42,41.5,0.1,15,62250,买盘
1882,09:33:39,41.4,--,1,4140,卖盘
1883,09:33:36,41.4,--,42,173880,卖盘
1884,09:33:33,41.4,0.02,3,12420,中性盘
1885,09:33:30,41.38,--,72,297936,卖盘
1886,09:33:27,41.38,-0.01,1,4138,卖盘
1887,09:33:24,41.39,0.01,1,4139,中性盘
1888,09:33:21,41.38,-0.02,7,28966,卖盘
1889,09:33:18,41.4,--,2,8280,买盘
1890,09:33:15,41.4,0.02,2,8280,买盘
1891,09:33:12,41.38,-0.01,18,74484,卖盘
1892,09:33:09,41.39,0.19,1,4139,买盘
1893,09:33:06,41.2,-0.18,26,107120,卖盘
1894,09:33:03,41.38,0.28,2,8276,买盘
1895,09:33:00,41.1,--,5,20550,买盘
1896,09:32:57,41.1,-0.1,3,12330,卖盘
1897,09:32:54,41.2,0.05,5,20600,卖盘
1898,09:32:51,41.15,0.05,1,4115,中性盘
1899,09:32:48,41.1,-0.1,6,24660,卖盘
1900,09:32:45,41.2,0.1,1,4120,买盘
1901,09:32:39,41.1,0.09,9,36990,买盘
1902,09:32:36,41.01,-0.09,7,28707,卖盘
1903,09:32:33,41.1,0.09,1,4110,买盘
1904,09:32:30,41.01,-0.39,5,20505,卖盘
1905,09:32:27,41.4,0.2,12,49680,买盘
1906,09:32:21,41.2,-0.09,3,12360,卖盘
1907,09:32:18,41.29,-0.16,1,4129,中性盘
1908,09:32:12,41.45,0.16,20,82900,买盘
1909,09:32:09,41.29,-0.16,1,4129,卖盘
1910,09:32:03,41.45,--,6,24870,买盘
1911,09:31:57,41.45,--,0,2321,卖盘
1912,09:31:54,41.45,--,4,16580,卖盘
1913,09:31:48,41.45,--,8,34983,卖盘
1914,09:31:45,41.45,-0.03,16,66320,中性盘
1915,09:31:39,41.48,-0.02,35,145180,买盘
1916,09:31:33,41.5,-0.09,50,207500,卖盘
1917,09:31:30,41.59,0.06,27,112293,买盘
1918,09:31:27,41.53,--,12,49836,卖盘
1919,09:31:24,41.53,0.08,37,155073,买盘
1920,09:31:21,41.45,--,1,4145,卖盘
1921,09:31:18,41.45,0.15,113,468385,买盘
1922,09:31:15,41.3,0.1,6,24780,中性盘
1923,09:31:12,41.2,-0.24,86,354320,卖盘
1924,09:31:09,41.44,0.14,18,74592,买盘
1925,09:31:06,41.3,--,6,24780,卖盘
1926,09:31:03,41.3,--,10,41300,卖盘
1927,09:31:00,41.3,0.05,9,37170,买盘
1928,09:30:57,41.25,-0.05,41,169125,买盘
1929,09:30:54,41.3,--,63,260189,卖盘
1930,09:30:51,41.3,0.05,4,16520,买盘
1931,09:30:48,41.25,--,25,103125,卖盘
1932,09:30:45,41.25,0.13,35,144375,买盘
1933,09:30:39,41.12,0.12,78,320736,买盘
1934,09:30:36,41.0,--,8,32800,卖盘
1935,09:30:33,41.0,0.22,78,319800,买盘
1936,09:30:30,40.78,-0.17,3,12234,卖盘
1937,09:30:27,40.95,0.17,85,348075,买盘
1938,09:30:18,40.78,-0.16,1,4078,卖盘
1939,09:30:12,40.94,0.16,72,294768,中性盘
1940,09:30:06,40.78,--,6,24468,卖盘
1941,09:30:03,40.78,0.18,111,452658,买盘
1942,09:30:00,40.6,--,0,0,卖盘
1943,09:25:03,40.6,40.6,228,925680,买盘
