,time,price,change,volume,amount,type
0,15:00:03,14.22,--,1045,1486274,卖盘
1,14:57:00,14.22,--,12,17064,卖盘
2,14:56:54,14.22,--,42,59724,卖盘
3,14:56:51,14.22,--,40,56880,卖盘
4,14:56:48,14.22,--,12,17064,买盘
5,14:56:45,14.22,--,10,14220,买盘
6,14:56:39,14.22,-0.01,129,183438,卖盘
7,14:56:33,14.23,0.02,15,21345,买盘
8,14:56:27,14.21,-0.01,34,48314,卖盘
9,14:56:24,14.22,--,114,162108,卖盘
10,14:56:18,14.22,--,48,68256,卖盘
11,14:56:15,14.22,--,48,68256,卖盘
12,14:56:12,14.22,--,59,83898,买盘
13,14:56:09,14.22,--,2,2844,买盘
14,14:55:51,14.22,0.01,76,108072,买盘
15,14:55:48,14.21,-0.01,24,34104,卖盘
16,14:55:39,14.22,0.01,5,7110,买盘
17,14:55:36,14.21,-0.01,95,134995,卖盘
18,14:55:30,14.22,--,9,12798,买盘
19,14:55:27,14.22,--,10,14220,买盘
20,14:55:24,14.22,--,36,51192,买盘
21,14:55:18,14.22,--,5,7110,买盘
22,14:55:12,14.22,0.01,5,7110,买盘
23,14:55:09,14.21,-0.01,22,31262,卖盘
24,14:55:03,14.22,--,5,7110,买盘
25,14:55:00,14.22,--,12,17064,买盘
26,14:54:54,14.22,0.01,6,8532,买盘
27,14:54:45,14.21,-0.01,23,34018,卖盘
28,14:54:36,14.22,--,2,2844,买盘
29,14:54:33,14.22,--,60,85320,买盘
30,14:54:27,14.22,--,196,278712,买盘
31,14:54:21,14.22,--,11,15642,买盘
32,14:54:12,14.22,0.01,1,1422,买盘
33,14:54:03,14.21,-0.01,24,34104,卖盘
34,14:54:00,14.22,0.01,19,27018,买盘
35,14:53:57,14.21,-0.01,100,142100,卖盘
36,14:53:51,14.22,--,30,42660,买盘
37,14:53:36,14.22,--,16,22752,买盘
38,14:53:33,14.22,0.01,25,35550,买盘
39,14:53:27,14.21,-0.01,90,127890,卖盘
40,14:53:18,14.22,0.01,36,51192,买盘
41,14:53:15,14.21,-0.01,36,51156,卖盘
42,14:53:09,14.22,0.02,4,5688,买盘
43,14:53:03,14.2,-0.02,72,102240,卖盘
44,14:53:00,14.22,0.01,175,248850,买盘
45,14:52:54,14.21,--,99,141560,买盘
46,14:52:48,14.21,0.01,10,14210,买盘
47,14:52:27,14.2,--,9,12780,买盘
48,14:52:24,14.2,--,2,2840,买盘
49,14:52:21,14.2,0.01,8,11360,买盘
50,14:52:18,14.19,-0.01,6,8514,卖盘
51,14:52:12,14.2,-0.01,20,28400,卖盘
52,14:52:09,14.21,--,7,9947,买盘
53,14:52:03,14.21,0.01,268,380828,买盘
54,14:51:57,14.2,--,32,45440,买盘
55,14:51:51,14.2,--,3,4260,买盘
56,14:51:48,14.2,--,1,1420,买盘
57,14:51:42,14.2,--,60,85200,买盘
58,14:51:36,14.2,--,3,4260,买盘
59,14:51:30,14.2,--,13,18460,买盘
60,14:51:21,14.2,--,6,8520,买盘
61,14:51:18,14.2,--,7,9940,买盘
62,14:51:12,14.2,--,10,14200,买盘
63,14:51:03,14.2,--,3,4260,买盘
64,14:50:57,14.2,--,3,5239,买盘
65,14:50:51,14.2,--,11,15620,买盘
66,14:50:48,14.2,--,3,4260,买盘
67,14:50:45,14.2,--,142,202492,卖盘
68,14:50:42,14.2,--,64,90880,卖盘
69,14:50:39,14.2,--,1,1420,卖盘
70,14:50:30,14.2,--,9,12780,卖盘
71,14:50:24,14.2,--,40,57368,买盘
72,14:50:21,14.2,--,21,29820,买盘
73,14:50:18,14.2,--,5,7100,买盘
74,14:50:09,14.2,--,14,19880,买盘
75,14:50:06,14.2,0.01,1,1420,买盘
76,14:50:03,14.19,--,270,383130,卖盘
77,14:49:57,14.19,--,1,1716,卖盘
78,14:49:54,14.19,-0.01,82,116358,中性盘
79,14:49:51,14.2,0.01,81,115020,买盘
80,14:49:45,14.19,--,10,14190,卖盘
81,14:49:42,14.19,-0.01,30,42570,卖盘
82,14:49:39,14.2,0.01,25,35500,买盘
83,14:49:30,14.19,--,26,36894,卖盘
84,14:49:24,14.19,--,65,92235,买盘
85,14:49:18,14.19,--,27,38313,买盘
86,14:49:15,14.19,0.01,3,4257,买盘
87,14:49:09,14.18,--,10,14180,卖盘
88,14:49:03,14.18,-0.01,1,1715,卖盘
89,14:49:00,14.19,0.01,5,7095,买盘
90,14:48:51,14.18,--,8,11344,卖盘
91,14:48:48,14.18,--,3,4254,卖盘
92,14:48:33,14.18,-0.01,92,131306,卖盘
93,14:48:18,14.19,0.01,4,5676,买盘
94,14:48:12,14.18,--,10,14180,卖盘
95,14:48:09,14.18,0.01,79,112022,中性盘
96,14:48:03,14.17,--,1,1700,卖盘
97,14:47:54,14.17,-0.01,50,70850,卖盘
98,14:47:45,14.18,--,30,42540,买盘
99,14:47:39,14.18,0.01,23,32614,买盘
100,14:47:24,14.17,--,20,28340,卖盘
101,14:47:15,14.17,-0.01,7,10202,卖盘
102,14:47:12,14.18,--,11,15598,买盘
103,14:47:06,14.18,0.01,10,14180,买盘
104,14:47:00,14.17,-0.01,34,48475,卖盘
105,14:46:54,14.18,--,22,31196,买盘
106,14:46:51,14.18,--,20,28360,买盘
107,14:46:42,14.18,--,12,17016,买盘
108,14:46:39,14.18,--,10,14180,买盘
109,14:46:33,14.18,0.01,10,14180,买盘
110,14:46:27,14.17,-0.01,35,49595,卖盘
111,14:46:18,14.18,0.01,13,18434,买盘
112,14:46:09,14.17,--,130,184210,卖盘
113,14:46:06,14.17,--,1,1714,卖盘
114,14:46:00,14.17,-0.01,70,99190,卖盘
115,14:45:54,14.18,0.01,12,17016,买盘
116,14:45:51,14.17,--,102,144534,买盘
117,14:45:48,14.17,--,97,137449,买盘
118,14:45:45,14.17,-0.01,2,2834,卖盘
119,14:45:21,14.18,--,10,15300,卖盘
120,14:45:18,14.18,-0.01,33,46794,卖盘
121,14:45:09,14.19,0.01,14,19866,买盘
122,14:45:03,14.18,-0.02,1,1715,卖盘
123,14:44:54,14.2,0.02,100,142000,买盘
124,14:44:51,14.18,-0.02,4,5672,卖盘
125,14:44:42,14.2,0.04,1,1420,买盘
126,14:44:33,14.16,-0.03,688,974208,卖盘
127,14:44:30,14.19,0.01,1,1419,中性盘
128,14:44:27,14.18,-0.01,40,56720,卖盘
129,14:44:18,14.19,-0.02,4,5676,中性盘
130,14:44:12,14.21,0.03,600,852600,买盘
131,14:44:06,14.18,--,57,81123,卖盘
132,14:44:03,14.18,--,1,1418,卖盘
133,14:44:00,14.18,-0.01,56,79408,卖盘
134,14:43:57,14.19,0.01,66,93654,买盘
135,14:43:54,14.18,--,23,32614,卖盘
136,14:43:51,14.18,-0.01,20,28360,卖盘
137,14:43:45,14.19,0.01,7,9933,买盘
138,14:43:39,14.18,--,2,2836,卖盘
139,14:43:33,14.18,-0.01,23,32614,卖盘
140,14:43:27,14.19,--,23,32637,卖盘
141,14:43:21,14.19,-0.01,30,42570,卖盘
142,14:43:18,14.2,--,60,85739,卖盘
143,14:43:15,14.2,--,100,142000,卖盘
144,14:43:12,14.2,--,1,1718,卖盘
145,14:43:09,14.2,--,1,1420,卖盘
146,14:43:03,14.2,--,58,82360,卖盘
147,14:42:51,14.2,--,4,5680,卖盘
148,14:42:39,14.2,-0.01,1,1420,卖盘
149,14:42:15,14.21,0.01,25,35525,买盘
150,14:42:12,14.2,--,2,3124,卖盘
151,14:41:57,14.2,--,1,1420,卖盘
152,14:41:54,14.2,--,50,71000,卖盘
153,14:41:51,14.2,-0.01,3,4260,卖盘
154,14:41:48,14.21,0.01,10,14210,买盘
155,14:41:45,14.2,--,10,14200,卖盘
156,14:41:39,14.2,--,1,1420,卖盘
157,14:41:36,14.2,0.01,357,507238,买盘
158,14:41:30,14.19,--,3,4257,卖盘
159,14:41:24,14.19,--,20,28380,卖盘
160,14:41:18,14.19,--,1,1716,卖盘
161,14:41:09,14.19,-0.01,92,130548,卖盘
162,14:41:03,14.2,--,35,49700,买盘
163,14:40:51,14.2,0.01,6,8520,买盘
164,14:40:48,14.19,--,5,7095,卖盘
165,14:40:42,14.19,-0.01,1,1419,卖盘
166,14:40:36,14.2,--,2,2840,买盘
167,14:40:27,14.2,--,14,19880,买盘
168,14:40:21,14.2,--,0,1121,卖盘
169,14:40:15,14.2,--,1,1718,卖盘
170,14:40:09,14.2,0.02,1,1420,中性盘
171,14:40:00,14.18,-0.02,119,168742,卖盘
172,14:39:54,14.2,--,3,4260,卖盘
173,14:39:39,14.2,-0.01,1,1420,卖盘
174,14:39:33,14.21,0.01,7,9947,买盘
175,14:39:30,14.2,0.01,11,16259,买盘
176,14:39:24,14.19,--,2,2838,卖盘
177,14:39:18,14.19,--,1,1716,卖盘
178,14:39:12,14.19,--,3,4554,买盘
179,14:39:09,14.19,0.01,5,7095,买盘
180,14:39:06,14.18,-0.01,7,10209,卖盘
181,14:39:00,14.19,--,100,141900,买盘
182,14:38:57,14.19,--,4,5676,买盘
183,14:38:42,14.19,--,6,8514,买盘
184,14:38:39,14.19,--,9,12771,买盘
185,14:38:36,14.19,--,12,17028,买盘
186,14:38:30,14.19,-0.01,4,5676,买盘
187,14:38:18,14.2,0.01,7,10493,买盘
188,14:38:12,14.19,--,1,1419,卖盘
189,14:38:03,14.19,-0.01,139,197241,卖盘
190,14:37:57,14.2,-0.01,1,1647,卖盘
191,14:37:54,14.21,--,42,60364,买盘
192,14:37:51,14.21,--,5,7105,买盘
193,14:37:48,14.21,0.01,3,4263,买盘
194,14:37:45,14.2,--,120,170400,卖盘
195,14:37:39,14.2,--,1,1420,卖盘
196,14:37:36,14.2,--,2,2840,卖盘
197,14:37:33,14.2,--,138,195960,卖盘
198,14:37:30,14.2,--,10,14200,卖盘
199,14:37:24,14.2,--,17,24424,卖盘
200,14:37:18,14.2,-0.01,1,1718,卖盘
201,14:37:15,14.21,0.01,10,14210,买盘
202,14:37:12,14.2,--,32,46093,卖盘
203,14:37:09,14.2,--,1,1420,卖盘
204,14:37:03,14.2,-0.01,12,17040,卖盘
205,14:36:57,14.21,0.01,6,8526,买盘
206,14:36:54,14.2,--,32,46121,卖盘
207,14:36:51,14.2,--,23,32660,卖盘
208,14:36:39,14.2,--,22,31240,卖盘
209,14:36:36,14.2,--,24,34080,卖盘
210,14:36:33,14.2,--,16,22720,卖盘
211,14:36:30,14.2,-0.01,23,32660,卖盘
212,14:36:27,14.21,0.01,1,1421,买盘
213,14:36:18,14.2,--,1,1704,卖盘
214,14:36:09,14.2,--,1,1420,卖盘
215,14:36:03,14.2,--,25,35500,卖盘
216,14:36:00,14.2,-0.01,2,2840,卖盘
217,14:35:57,14.21,0.01,3,4263,买盘
218,14:35:54,14.2,--,0,1405,卖盘
219,14:35:51,14.2,-0.01,30,42600,卖盘
220,14:35:48,14.21,0.01,5,7105,买盘
221,14:35:42,14.2,-0.01,1,1420,卖盘
222,14:35:33,14.21,0.01,52,73892,买盘
223,14:35:30,14.2,--,10,14200,卖盘
224,14:35:21,14.2,-0.01,11,15918,卖盘
225,14:35:12,14.21,0.01,24,34104,买盘
226,14:35:03,14.2,--,2,2840,卖盘
227,14:34:57,14.2,--,30,43168,卖盘
228,14:34:54,14.2,--,5,7100,卖盘
229,14:34:42,14.2,--,1,1420,卖盘
230,14:34:33,14.2,--,1,1420,卖盘
231,14:34:27,14.2,-0.01,1,1718,卖盘
232,14:34:18,14.21,0.01,59,83839,买盘
233,14:34:15,14.2,0.01,80,113600,买盘
234,14:34:12,14.19,-0.01,2,2838,卖盘
235,14:34:06,14.2,0.01,29,41180,买盘
236,14:34:03,14.19,--,24,34056,卖盘
237,14:34:00,14.19,-0.02,2,3405,卖盘
238,14:33:51,14.21,0.02,5,7105,买盘
239,14:33:48,14.19,-0.01,30,42570,卖盘
240,14:33:42,14.2,--,79,112180,卖盘
241,14:33:36,14.2,--,10,14200,卖盘
242,14:33:30,14.2,--,1,1420,卖盘
243,14:33:27,14.2,--,14,20178,卖盘
244,14:33:21,14.2,0.01,60,85200,买盘
245,14:33:09,14.19,-0.01,1,1419,卖盘
246,14:33:06,14.2,--,3,4260,买盘
247,14:33:03,14.2,--,28,40328,买盘
248,14:33:00,14.2,--,5,7100,买盘
249,14:32:57,14.2,0.02,7,9940,买盘
250,14:32:39,14.18,-0.02,3,4254,卖盘
251,14:32:33,14.2,0.02,15,21598,买盘
252,14:32:30,14.18,--,15,21270,买盘
253,14:32:27,14.18,--,5,7090,买盘
254,14:32:21,14.18,--,81,114858,卖盘
255,14:32:12,14.18,--,23,32614,卖盘
256,14:32:09,14.18,-0.01,140,198520,卖盘
257,14:32:03,14.19,--,107,152400,卖盘
258,14:32:00,14.19,-0.01,52,73788,卖盘
259,14:31:57,14.2,0.02,5,7100,买盘
260,14:31:48,14.18,-0.01,138,195684,卖盘
261,14:31:45,14.19,--,3,4257,卖盘
262,14:31:42,14.19,0.01,24,34056,买盘
263,14:31:39,14.18,--,1,1418,卖盘
264,14:31:30,14.18,--,1,1701,卖盘
265,14:31:24,14.18,-0.01,1,1418,卖盘
266,14:31:06,14.19,--,1,1419,卖盘
267,14:31:03,14.19,--,2,2838,卖盘
268,14:31:00,14.19,0.01,51,72510,买盘
269,14:30:54,14.18,-0.01,25,35450,中性盘
270,14:30:48,14.19,--,150,213034,买盘
271,14:30:39,14.19,0.01,7,9933,买盘
272,14:30:33,14.18,--,3,4551,卖盘
273,14:30:30,14.18,--,84,119112,卖盘
274,14:30:18,14.18,--,11,15598,卖盘
275,14:30:06,14.18,--,3,4821,卖盘
276,14:30:00,14.18,-0.01,1,1418,卖盘
277,14:29:54,14.19,--,17,24364,卖盘
278,14:29:51,14.19,0.01,6,9691,买盘
279,14:29:48,14.18,-0.01,245,347410,卖盘
280,14:29:36,14.19,-0.01,143,203158,卖盘
281,14:29:33,14.2,--,11,15918,买盘
282,14:29:15,14.2,--,29,41180,买盘
283,14:29:12,14.2,--,46,65320,买盘
284,14:29:09,14.2,0.01,5,7100,买盘
285,14:29:06,14.19,--,48,68679,卖盘
286,14:29:03,14.19,--,2,3235,卖盘
287,14:28:51,14.19,-0.01,1,1419,卖盘
288,14:28:42,14.2,0.01,23,32660,买盘
289,14:28:39,14.19,--,5,7095,卖盘
290,14:28:33,14.19,--,1,1716,卖盘
291,14:28:24,14.19,--,68,96492,卖盘
292,14:28:15,14.19,--,2,3405,卖盘
293,14:28:06,14.19,--,8,11352,卖盘
294,14:28:03,14.19,--,20,28848,卖盘
295,14:28:00,14.19,--,1,1419,卖盘
296,14:27:45,14.19,0.01,437,620103,买盘
297,14:27:36,14.18,-0.01,1,1715,卖盘
298,14:27:33,14.19,0.01,10,14190,买盘
299,14:27:21,14.18,--,11,16448,卖盘
300,14:27:15,14.18,-0.01,13,18434,卖盘
301,14:27:09,14.19,0.01,4,6243,买盘
302,14:27:03,14.18,--,2,2836,卖盘
303,14:27:00,14.18,--,5,7827,卖盘
304,14:26:57,14.18,-0.01,1,1418,卖盘
305,14:26:54,14.19,--,10,14190,买盘
306,14:26:51,14.19,0.01,1,1419,买盘
307,14:26:45,14.18,--,10,14180,卖盘
308,14:26:36,14.18,--,1,1715,卖盘
309,14:26:33,14.18,-0.01,1,1418,卖盘
310,14:26:27,14.19,0.01,68,97059,买盘
311,14:26:18,14.18,--,1,1418,卖盘
312,14:26:12,14.18,--,185,262897,卖盘
313,14:26:06,14.18,--,5,7841,卖盘
314,14:26:00,14.18,--,2,2836,卖盘
315,14:25:54,14.18,-0.01,50,70900,卖盘
316,14:25:48,14.19,0.01,10,14190,买盘
317,14:25:39,14.18,-0.01,1,1701,卖盘
318,14:25:33,14.19,0.01,4,5676,买盘
319,14:25:30,14.18,--,2,2836,卖盘
320,14:25:18,14.18,--,5,7657,卖盘
321,14:25:06,14.18,--,7,9926,卖盘
322,14:25:03,14.18,--,5,7841,卖盘
323,14:25:00,14.18,--,10,14180,卖盘
324,14:24:54,14.18,--,151,214118,卖盘
325,14:24:51,14.18,0.01,122,174215,买盘
326,14:24:48,14.17,--,142,201214,卖盘
327,14:24:39,14.17,--,1,1714,卖盘
328,14:24:30,14.17,-0.01,11,15587,卖盘
329,14:24:27,14.18,0.01,35,49630,买盘
330,14:24:18,14.17,-0.01,2,3386,卖盘
331,14:24:12,14.18,0.01,1,1418,买盘
332,14:24:09,14.17,--,5,7836,卖盘
333,14:24:06,14.17,--,7,9919,卖盘
334,14:24:03,14.17,-0.01,41,58097,卖盘
335,14:24:00,14.18,--,10,14180,买盘
336,14:23:51,14.18,--,25,35450,买盘
337,14:23:48,14.18,--,5,7090,买盘
338,14:23:45,14.18,0.01,38,53884,买盘
339,14:23:42,14.17,-0.01,1,1714,卖盘
340,14:23:36,14.18,--,1,1418,买盘
341,14:23:33,14.18,--,79,112220,卖盘
342,14:23:30,14.18,-0.01,23,32614,卖盘
343,14:23:27,14.19,--,5,7095,买盘
344,14:23:24,14.19,--,10,14190,买盘
345,14:23:21,14.19,0.01,6,8514,买盘
346,14:23:18,14.18,--,2,3403,卖盘
347,14:23:09,14.18,--,5,7841,卖盘
348,14:23:03,14.18,-0.01,15,21270,卖盘
349,14:23:00,14.19,0.01,4,5676,买盘
350,14:22:51,14.18,-0.01,5,7090,卖盘
351,14:22:48,14.19,0.01,20,28380,买盘
352,14:22:45,14.18,-0.01,21,29778,卖盘
353,14:22:39,14.19,--,1,1419,买盘
354,14:22:36,14.19,--,2,2838,买盘
355,14:22:24,14.19,--,4,6243,买盘
356,14:22:12,14.19,0.01,7,10685,买盘
357,14:21:45,14.18,--,2,2836,买盘
358,14:21:39,14.18,--,150,212700,买盘
359,14:21:30,14.18,0.01,10,14180,买盘
360,14:21:24,14.17,-0.01,2,3400,卖盘
361,14:21:12,14.18,0.01,10,14180,买盘
362,14:21:09,14.17,-0.01,5,7836,卖盘
363,14:21:06,14.18,--,10,14180,买盘
364,14:20:57,14.18,0.01,60,85080,买盘
365,14:20:54,14.17,-0.01,50,70850,卖盘
366,14:20:51,14.18,--,23,32614,买盘
367,14:20:45,14.18,--,14,19852,买盘
368,14:20:33,14.18,0.01,100,141800,买盘
369,14:20:27,14.17,--,2,3400,卖盘
370,14:20:21,14.17,--,15,21255,卖盘
371,14:20:18,14.17,--,25,35425,卖盘
372,14:20:15,14.17,-0.01,5,7836,卖盘
373,14:20:12,14.18,0.01,15,21270,买盘
374,14:19:54,14.17,--,1,1417,卖盘
375,14:19:33,14.17,-0.01,152,215384,卖盘
376,14:19:30,14.18,--,2,2836,卖盘
377,14:19:24,14.18,-0.01,4,6239,卖盘
378,14:19:18,14.19,0.01,2,2838,买盘
379,14:19:15,14.18,-0.01,5,7841,卖盘
380,14:19:12,14.19,--,7,9933,买盘
381,14:19:09,14.19,0.01,12,17028,买盘
382,14:19:06,14.18,--,1,1418,卖盘
383,14:18:54,14.18,-0.01,6,8508,卖盘
384,14:18:45,14.19,0.01,4,5676,买盘
385,14:18:42,14.18,--,5,7090,卖盘
386,14:18:36,14.18,-0.01,20,28360,卖盘
387,14:18:33,14.19,0.01,6,8514,买盘
388,14:18:30,14.18,--,23,32614,卖盘
389,14:18:24,14.18,--,2,3403,卖盘
390,14:18:18,14.18,--,23,32614,卖盘
391,14:18:15,14.18,-0.01,15,22021,卖盘
392,14:18:03,14.19,0.01,46,65274,买盘
393,14:17:48,14.18,--,23,32614,卖盘
394,14:17:42,14.18,--,1,1418,卖盘
395,14:17:36,14.18,-0.01,93,131874,卖盘
396,14:17:33,14.19,--,7,9933,买盘
397,14:17:27,14.19,--,8,11919,买盘
398,14:17:24,14.19,0.01,1,1419,买盘
399,14:17:15,14.18,-0.01,7,10677,卖盘
400,14:17:09,14.19,--,43,61017,买盘
401,14:17:00,14.19,0.01,3,4257,买盘
402,14:16:48,14.18,--,10,14180,卖盘
403,14:16:45,14.18,--,1,1418,卖盘
404,14:16:39,14.18,--,15,21298,买盘
405,14:16:33,14.18,0.01,5,7090,买盘
406,14:16:30,14.17,--,2,3400,卖盘
407,14:16:21,14.17,--,270,383326,卖盘
408,14:16:15,14.17,0.01,70,99941,买盘
409,14:16:12,14.16,-0.01,2,2832,卖盘
410,14:16:06,14.17,--,20,28340,买盘
411,14:16:00,14.17,--,6,8502,买盘
412,14:15:57,14.17,--,10,14170,买盘
413,14:15:54,14.17,--,30,42510,买盘
414,14:15:45,14.17,--,29,41093,买盘
415,14:15:42,14.17,0.01,3,4251,买盘
416,14:15:33,14.16,--,2,3398,卖盘
417,14:15:21,14.16,-0.01,5,7080,卖盘
418,14:15:15,14.17,-0.01,2,2834,中性盘
419,14:15:09,14.18,--,2,2836,买盘
420,14:14:48,14.18,--,0,1389,卖盘
421,14:14:45,14.18,--,1,1418,卖盘
422,14:14:39,14.18,-0.01,0,28,卖盘
423,14:14:36,14.19,0.03,12,17028,中性盘
424,14:14:33,14.16,-0.02,42,60038,卖盘
425,14:14:27,14.18,-0.02,2,2836,中性盘
426,14:14:15,14.2,--,25,35500,买盘
427,14:14:12,14.2,0.01,69,97980,买盘
428,14:14:09,14.19,0.01,126,178794,买盘
429,14:14:06,14.18,0.02,69,97842,买盘
430,14:14:03,14.16,-0.02,12,16992,卖盘
431,14:13:57,14.18,0.03,23,32614,买盘
432,14:13:45,14.15,-0.01,32,45280,卖盘
433,14:13:42,14.16,--,188,266335,买盘
434,14:13:39,14.16,0.01,23,32568,买盘
435,14:13:33,14.15,--,9,12735,买盘
436,14:13:30,14.15,--,17,24493,卖盘
437,14:13:24,14.15,--,5,8051,卖盘
438,14:13:18,14.15,--,6,8490,卖盘
439,14:13:15,14.15,-0.02,15,21225,卖盘
440,14:13:12,14.17,0.02,600,850200,买盘
441,14:13:00,14.15,--,24,33960,买盘
442,14:12:57,14.15,--,14,19810,买盘
443,14:12:54,14.15,--,5,7075,买盘
444,14:12:51,14.15,--,1,1415,买盘
445,14:12:48,14.15,0.01,50,70750,买盘
446,14:12:42,14.14,--,2,2828,卖盘
447,14:12:39,14.14,--,25,35350,卖盘
448,14:12:36,14.14,--,8,11312,卖盘
449,14:12:33,14.14,-0.01,22,31673,卖盘
450,14:12:30,14.15,--,3,4245,买盘
451,14:12:27,14.15,0.01,21,29715,买盘
452,14:12:24,14.14,--,5,7819,卖盘
453,14:12:15,14.14,-0.01,1,1414,卖盘
454,14:12:06,14.15,0.01,5,7075,买盘
455,14:12:03,14.14,-0.01,1,1414,卖盘
456,14:12:00,14.15,0.01,117,165555,买盘
457,14:11:57,14.14,--,15,21210,卖盘
458,14:11:42,14.14,-0.01,2,2828,卖盘
459,14:11:36,14.15,--,72,102446,买盘
460,14:11:33,14.15,0.01,8,11320,买盘
461,14:11:30,14.14,-0.01,5,7819,卖盘
462,14:11:21,14.15,--,4,5660,买盘
463,14:11:18,14.15,0.01,3,4245,买盘
464,14:11:15,14.14,-0.01,1,1414,卖盘
465,14:11:12,14.15,--,13,18395,买盘
466,14:11:09,14.15,--,30,42450,买盘
467,14:11:06,14.15,0.01,5,7075,买盘
468,14:10:45,14.14,-0.01,2,2828,卖盘
469,14:10:42,14.15,0.02,119,168385,买盘
470,14:10:39,14.13,-0.01,2,3391,卖盘
471,14:10:36,14.14,--,55,77770,买盘
472,14:10:33,14.14,0.01,2,2828,买盘
473,14:10:30,14.13,-0.01,7,11205,卖盘
474,14:10:27,14.14,--,10,14140,买盘
475,14:10:15,14.14,0.01,3,4242,买盘
476,14:10:12,14.13,-0.01,1,1413,卖盘
477,14:10:09,14.14,0.01,14,19796,买盘
478,14:10:06,14.13,-0.01,5,7065,卖盘
479,14:09:54,14.14,0.01,7,9898,买盘
480,14:09:45,14.13,--,102,144126,卖盘
481,14:09:42,14.13,--,3,4239,卖盘
482,14:09:39,14.13,--,4,6217,卖盘
483,14:09:36,14.13,--,5,7813,卖盘
484,14:09:33,14.13,--,46,64998,卖盘
485,14:09:30,14.13,--,11,15543,卖盘
486,14:09:27,14.13,--,30,42390,卖盘
487,14:09:21,14.13,--,29,40977,卖盘
488,14:09:18,14.13,-0.01,20,28260,卖盘
489,14:09:15,14.14,--,1,1414,买盘
490,14:09:12,14.14,--,1,1414,买盘
491,14:09:06,14.14,0.01,1,1414,买盘
492,14:09:03,14.13,-0.01,2,2826,中性盘
493,14:08:51,14.14,0.01,102,145076,买盘
494,14:08:42,14.13,0.01,4,6217,卖盘
495,14:08:39,14.12,-0.01,190,268280,卖盘
496,14:08:36,14.13,-0.01,5,7813,卖盘
497,14:08:33,14.14,0.01,11,16303,买盘
498,14:08:30,14.13,--,12,16956,卖盘
499,14:08:21,14.13,--,1,1413,卖盘
500,14:08:18,14.13,-0.01,18,25434,卖盘
501,14:08:15,14.14,--,15,21210,买盘
502,14:08:12,14.14,0.01,1,1414,买盘
503,14:08:06,14.13,--,13,18369,卖盘
504,14:08:03,14.13,0.01,2,2826,中性盘
505,14:07:57,14.12,--,11,15532,卖盘
506,14:07:51,14.12,--,2,2824,卖盘
507,14:07:45,14.12,-0.01,11,15532,卖盘
508,14:07:42,14.13,-0.01,2,3391,卖盘
509,14:07:39,14.14,0.02,8,11312,买盘
510,14:07:36,14.12,-0.01,290,409480,卖盘
511,14:07:33,14.13,0.01,19,26847,中性盘
512,14:07:24,14.12,--,14,19768,卖盘
513,14:07:21,14.12,-0.02,273,385476,卖盘
514,14:07:18,14.14,0.01,19,26866,买盘
515,14:07:12,14.13,-0.01,11,15543,卖盘
516,14:07:06,14.14,--,31,43834,买盘
517,14:07:03,14.14,0.01,16,22624,买盘
518,14:07:00,14.13,-0.01,11,15543,卖盘
519,14:06:57,14.14,0.02,30,42420,买盘
520,14:06:54,14.12,-0.02,265,374180,卖盘
521,14:06:51,14.14,--,19,26866,买盘
522,14:06:45,14.14,--,11,15554,买盘
523,14:06:42,14.14,0.01,2,2828,买盘
524,14:06:39,14.13,-0.01,20,29008,卖盘
525,14:06:33,14.14,0.01,5,7070,买盘
526,14:06:30,14.13,-0.02,11,15543,卖盘
527,14:06:27,14.15,0.02,1,1415,买盘
528,14:06:24,14.13,-0.01,1000,1413000,卖盘
529,14:06:21,14.14,--,11,15554,卖盘
530,14:06:18,14.14,-0.01,11,15554,卖盘
531,14:06:15,14.15,--,50,70750,买盘
532,14:06:12,14.15,--,25,35375,买盘
533,14:06:06,14.15,--,20,28300,买盘
534,14:06:03,14.15,--,1,1415,买盘
535,14:06:00,14.15,--,23,32545,买盘
536,14:05:57,14.15,--,14,19810,买盘
537,14:05:51,14.15,0.02,35,49525,买盘
538,14:05:45,14.13,--,13,18369,卖盘
539,14:05:36,14.13,--,5,7799,卖盘
540,14:05:33,14.13,-0.02,12,16956,卖盘
541,14:05:27,14.15,0.01,13,18395,买盘
542,14:05:24,14.14,--,40,57224,卖盘
543,14:05:21,14.14,--,14,19796,卖盘
544,14:05:12,14.14,--,16,22624,卖盘
545,14:05:00,14.14,--,11,15554,卖盘
546,14:04:51,14.14,--,2,2828,卖盘
547,14:04:48,14.14,--,44,62216,卖盘
548,14:04:39,14.14,-0.01,23,33271,中性盘
549,14:04:36,14.15,0.02,1,1415,买盘
550,14:04:33,14.13,--,100,141300,卖盘
551,14:04:27,14.13,-0.01,13,18369,卖盘
552,14:04:21,14.14,0.01,1,1414,中性盘
553,14:04:15,14.13,-0.01,12,16956,卖盘
554,14:04:09,14.14,0.01,19,26866,买盘
555,14:04:06,14.13,-0.01,12,16956,卖盘
556,14:04:00,14.14,--,5,7070,买盘
557,14:03:57,14.14,0.01,15,21210,买盘
558,14:03:54,14.13,--,22,31086,卖盘
559,14:03:51,14.13,--,23,32499,卖盘
560,14:03:48,14.13,-0.01,30,42390,卖盘
561,14:03:42,14.14,--,41,57974,卖盘
562,14:03:39,14.14,--,5,7819,卖盘
563,14:03:33,14.14,--,28,39592,卖盘
564,14:03:21,14.14,--,13,18382,卖盘
565,14:03:15,14.14,--,13,18382,卖盘
566,14:03:12,14.14,--,66,93324,买盘
567,14:03:09,14.14,--,3,4242,买盘
568,14:03:06,14.14,0.01,400,565600,买盘
569,14:03:00,14.13,-0.01,13,18369,卖盘
570,14:02:54,14.14,0.01,23,32522,买盘
571,14:02:51,14.13,--,3,4239,卖盘
572,14:02:48,14.13,-0.01,50,71031,卖盘
573,14:02:45,14.14,--,100,141400,买盘
574,14:02:42,14.14,0.01,10,14140,买盘
575,14:02:39,14.13,-0.01,17,24769,卖盘
576,14:02:36,14.14,0.01,31,43834,买盘
577,14:02:27,14.13,--,97,137061,卖盘
578,14:02:21,14.13,--,1,1413,卖盘
579,14:02:15,14.13,-0.01,13,18369,卖盘
580,14:02:12,14.14,0.01,10,14140,买盘
581,14:02:09,14.13,--,0,1116,买盘
582,14:02:06,14.13,-0.01,28,39578,卖盘
583,14:02:03,14.14,0.01,17,24038,买盘
584,14:01:57,14.13,-0.01,20,28260,卖盘
585,14:01:54,14.14,0.01,35,49490,买盘
586,14:01:51,14.13,--,2,2826,卖盘
587,14:01:45,14.13,0.01,15,22593,买盘
588,14:01:42,14.12,-0.01,36,51580,卖盘
589,14:01:39,14.13,--,5,7065,买盘
590,14:01:36,14.13,0.01,10,14130,买盘
591,14:01:33,14.12,--,12,16944,卖盘
592,14:01:30,14.12,--,6,8472,卖盘
593,14:01:21,14.12,--,1,1412,卖盘
594,14:01:18,14.12,0.01,3,4236,中性盘
595,14:01:15,14.11,--,85,120626,买盘
596,14:01:12,14.11,--,67,95256,卖盘
597,14:01:09,14.11,--,25,35966,买盘
598,14:01:06,14.11,-0.01,710,1002797,卖盘
599,14:01:00,14.12,--,2,2824,卖盘
600,14:00:57,14.12,--,15,21180,卖盘
601,14:00:54,14.12,-0.01,11,15532,卖盘
602,14:00:51,14.13,--,27,38151,买盘
603,14:00:48,14.13,--,20,29008,买盘
604,14:00:45,14.13,0.01,113,159669,买盘
605,14:00:42,14.12,-0.01,23,32476,卖盘
606,14:00:36,14.13,0.01,14,19782,买盘
607,14:00:33,14.12,-0.01,12,16944,卖盘
608,14:00:30,14.13,0.01,38,53694,买盘
609,14:00:27,14.12,--,74,104488,卖盘
610,14:00:24,14.12,--,13,18356,卖盘
611,14:00:21,14.12,--,45,63540,卖盘
612,14:00:18,14.12,--,32,45184,卖盘
613,14:00:12,14.12,--,6,9319,卖盘
614,14:00:09,14.12,-0.01,12,16944,卖盘
615,14:00:06,14.13,0.01,10,14130,中性盘
616,14:00:03,14.12,-0.01,36,50832,卖盘
617,13:59:57,14.13,-0.01,37,52281,卖盘
618,13:59:54,14.14,--,70,98980,买盘
619,13:59:51,14.14,--,12,16968,买盘
620,13:59:48,14.14,0.01,27,38178,买盘
621,13:59:45,14.13,--,12,16956,卖盘
622,13:59:39,14.13,--,50,70650,卖盘
623,13:59:36,14.13,--,13,18369,卖盘
624,13:59:30,14.13,-0.01,258,364554,卖盘
625,13:59:27,14.14,-0.01,465,657849,卖盘
626,13:59:24,14.15,-0.01,61,86315,卖盘
627,13:59:21,14.16,0.01,48,67968,买盘
628,13:59:18,14.15,--,60,84900,卖盘
629,13:59:15,14.15,--,12,16980,卖盘
630,13:59:12,14.15,--,2,2830,卖盘
631,13:59:06,14.15,-0.01,16,22640,卖盘
632,13:59:03,14.16,--,29,41064,卖盘
633,13:59:00,14.16,--,49,69384,卖盘
634,13:58:57,14.16,0.01,45,63720,中性盘
635,13:58:54,14.15,-0.01,80,113200,卖盘
636,13:58:51,14.16,0.01,15,21240,买盘
637,13:58:48,14.15,--,56,79240,卖盘
638,13:58:45,14.15,--,7,9905,卖盘
639,13:58:42,14.15,-0.01,59,83485,卖盘
640,13:58:39,14.16,-0.01,10,14160,买盘
641,13:58:33,14.17,0.01,68,96356,买盘
642,13:58:30,14.16,--,24,33984,卖盘
643,13:58:24,14.16,--,36,50976,卖盘
644,13:58:18,14.16,--,109,154344,卖盘
645,13:58:15,14.16,--,301,426216,卖盘
646,13:58:12,14.16,--,2,2832,卖盘
647,13:58:09,14.16,-0.01,17,24072,卖盘
648,13:58:06,14.17,--,15,21255,买盘
649,13:58:03,14.17,--,18,25506,买盘
650,13:58:00,14.17,--,138,195546,卖盘
651,13:57:57,14.17,-0.02,12,17004,卖盘
652,13:57:48,14.19,0.02,1,1419,买盘
653,13:57:45,14.17,--,13,18421,卖盘
654,13:57:36,14.17,--,11,15587,卖盘
655,13:57:33,14.17,--,6,8502,卖盘
656,13:57:30,14.17,0.01,40,56680,买盘
657,13:57:27,14.16,-0.01,12,16992,卖盘
658,13:57:21,14.17,--,1,1417,买盘
659,13:57:18,14.17,0.01,10,14170,买盘
660,13:57:15,14.16,0.01,228,322848,买盘
661,13:57:12,14.15,-0.01,22,31130,卖盘
662,13:57:09,14.16,--,1,1416,买盘
663,13:57:06,14.16,--,23,32568,买盘
664,13:57:03,14.16,0.01,16,22656,买盘
665,13:57:00,14.15,-0.01,10,14150,卖盘
666,13:56:57,14.16,--,13,18408,买盘
667,13:56:54,14.16,0.01,5,7080,中性盘
668,13:56:51,14.15,-0.01,14,19810,卖盘
669,13:56:48,14.16,--,99,140184,卖盘
670,13:56:42,14.16,--,13,18408,卖盘
671,13:56:33,14.16,--,101,143016,卖盘
672,13:56:30,14.16,-0.01,11,15576,卖盘
673,13:56:27,14.17,0.01,106,150202,买盘
674,13:56:18,14.16,-0.01,11,15576,卖盘
675,13:56:15,14.17,--,6,8502,买盘
676,13:56:12,14.17,0.01,12,17004,买盘
677,13:56:06,14.16,--,12,16992,卖盘
678,13:56:03,14.16,-0.01,1,1416,卖盘
679,13:56:00,14.17,0.01,8,11336,买盘
680,13:55:57,14.16,-0.01,13,18408,卖盘
681,13:55:54,14.17,--,14,19838,买盘
682,13:55:51,14.17,0.01,5,7085,买盘
683,13:55:45,14.16,-0.01,36,50976,卖盘
684,13:55:39,14.17,--,54,76518,买盘
685,13:55:36,14.17,0.02,97,137449,买盘
686,13:55:33,14.15,-0.01,1407,1992220,卖盘
687,13:55:30,14.16,-0.01,24,33984,卖盘
688,13:55:27,14.17,--,20,28340,买盘
689,13:55:24,14.17,--,27,38259,买盘
690,13:55:21,14.17,--,110,155870,买盘
691,13:55:15,14.17,--,102,144534,买盘
692,13:55:12,14.17,0.01,13,18421,买盘
693,13:55:09,14.16,-0.01,7,9912,卖盘
694,13:55:03,14.17,--,64,90688,买盘
695,13:55:00,14.17,--,61,86437,买盘
696,13:54:57,14.17,0.01,40,56680,买盘
697,13:54:51,14.16,-0.01,11,15576,卖盘
698,13:54:45,14.17,0.01,3,4251,买盘
699,13:54:39,14.16,-0.01,12,16992,卖盘
700,13:54:36,14.17,0.01,4,5668,买盘
701,13:54:33,14.16,-0.01,2,2832,卖盘
702,13:54:30,14.17,--,19,26923,买盘
703,13:54:24,14.17,--,240,340080,买盘
704,13:54:21,14.17,--,15,21255,买盘
705,13:54:18,14.17,--,31,43927,买盘
706,13:54:15,14.17,--,5,7085,买盘
707,13:54:09,14.17,--,102,144534,买盘
708,13:54:06,14.17,--,14,19838,买盘
709,13:54:03,14.17,0.01,10,14170,买盘
710,13:54:00,14.16,-0.01,3,4248,卖盘
711,13:53:57,14.17,--,2,2834,买盘
712,13:53:54,14.17,-0.01,300,426233,卖盘
713,13:53:51,14.18,--,3,4254,买盘
714,13:53:48,14.18,0.01,36,51048,买盘
715,13:53:39,14.17,-0.01,8,11336,卖盘
716,13:53:36,14.18,0.01,102,144636,买盘
717,13:53:30,14.17,-0.03,36,51012,卖盘
718,13:53:18,14.2,--,21,29820,买盘
719,13:53:15,14.2,0.03,12,17040,买盘
720,13:53:12,14.17,-0.02,550,779350,卖盘
721,13:53:09,14.19,--,7,9933,卖盘
722,13:53:06,14.19,--,12,17028,卖盘
723,13:53:03,14.19,-0.01,2,2838,卖盘
724,13:53:00,14.2,0.01,5,7100,买盘
725,13:52:57,14.19,-0.01,13,18447,卖盘
726,13:52:54,14.2,--,1,1420,买盘
727,13:52:48,14.2,0.01,3,4260,买盘
728,13:52:45,14.19,-0.01,20,28380,卖盘
729,13:52:42,14.2,0.01,1,1420,买盘
730,13:52:33,14.19,-0.01,13,18447,卖盘
731,13:52:27,14.2,--,5,7100,买盘
732,13:52:24,14.2,0.02,54,76680,买盘
733,13:52:21,14.18,--,20,28360,卖盘
734,13:52:18,14.18,-0.01,168,239500,卖盘
735,13:52:12,14.19,--,11,15609,卖盘
736,13:52:03,14.19,--,7,9933,卖盘
737,13:52:00,14.19,-0.01,12,17028,卖盘
738,13:51:57,14.2,0.01,13,18460,买盘
739,13:51:54,14.19,0.01,8,11493,买盘
740,13:51:51,14.18,-0.01,31,43958,卖盘
741,13:51:48,14.19,--,2,2838,买盘
742,13:51:45,14.19,--,5,7095,买盘
743,13:51:42,14.19,--,110,156090,买盘
744,13:51:39,14.19,--,339,481041,买盘
745,13:51:36,14.19,--,1,1419,买盘
746,13:51:33,14.19,--,311,441309,买盘
747,13:51:30,14.19,--,14,19866,买盘
748,13:51:24,14.19,--,301,427119,买盘
749,13:51:21,14.19,0.01,17,24123,买盘
750,13:51:18,14.18,-0.01,2,2836,卖盘
751,13:51:15,14.19,0.01,1,1419,买盘
752,13:51:06,14.18,--,13,18434,卖盘
753,13:50:57,14.18,-0.01,12,17016,卖盘
754,13:50:54,14.19,--,24,34056,买盘
755,13:50:51,14.19,--,1,1419,买盘
756,13:50:48,14.19,--,17,24123,买盘
757,13:50:45,14.19,0.01,165,234135,买盘
758,13:50:39,14.18,--,109,154562,卖盘
759,13:50:33,14.18,-0.01,13,18434,卖盘
760,13:50:30,14.19,--,172,244068,买盘
761,13:50:27,14.19,0.01,2,2838,买盘
762,13:50:21,14.18,--,11,15598,卖盘
763,13:50:15,14.18,--,26,36868,卖盘
764,13:50:12,14.18,-0.01,11,15598,卖盘
765,13:50:09,14.19,--,1,1419,买盘
766,13:50:03,14.19,0.01,12,17028,买盘
767,13:50:00,14.18,--,10,14180,卖盘
768,13:49:48,14.18,--,14,19852,卖盘
769,13:49:39,14.18,-0.01,10,14180,卖盘
770,13:49:36,14.19,0.01,12,17028,买盘
771,13:49:33,14.18,0.01,9,13045,买盘
772,13:49:27,14.17,-0.01,22,31174,卖盘
773,13:49:21,14.18,--,8,11344,买盘
774,13:49:18,14.18,--,48,68064,买盘
775,13:49:15,14.18,-0.01,13,18434,卖盘
776,13:49:12,14.19,0.01,14,19866,买盘
777,13:49:06,14.18,-0.01,23,32614,买盘
778,13:49:03,14.19,0.03,160,227040,买盘
779,13:48:57,14.16,-0.03,1000,1416000,卖盘
780,13:48:54,14.19,0.01,23,32637,买盘
781,13:48:51,14.18,-0.01,50,70900,卖盘
782,13:48:48,14.19,0.01,10,14190,买盘
783,13:48:42,14.18,-0.01,26,36868,卖盘
784,13:48:39,14.19,0.01,27,38313,买盘
785,13:48:33,14.18,-0.01,12,17016,卖盘
786,13:48:30,14.19,0.01,21,29799,买盘
787,13:48:27,14.18,--,3,4254,卖盘
788,13:48:21,14.18,-0.01,13,18434,卖盘
789,13:48:18,14.19,--,1,1419,买盘
790,13:48:15,14.19,0.01,9,12771,买盘
791,13:48:09,14.18,--,12,17016,卖盘
792,13:48:00,14.18,0.01,12,17016,中性盘
793,13:47:48,14.17,-0.02,20,28340,卖盘
794,13:47:45,14.19,--,46,65274,买盘
795,13:47:36,14.19,0.02,34,48246,买盘
796,13:47:33,14.17,--,100,141700,卖盘
797,13:47:27,14.17,-0.02,12,17004,卖盘
798,13:47:21,14.19,0.02,19,26961,买盘
799,13:47:15,14.17,-0.02,151,213967,买盘
800,13:47:12,14.19,0.02,5,7095,买盘
801,13:47:06,14.17,0.01,304,430768,买盘
802,13:47:03,14.16,-0.01,12,16992,卖盘
803,13:47:00,14.17,-0.02,695,984815,卖盘
804,13:46:57,14.19,--,13,18447,买盘
805,13:46:54,14.19,0.01,37,52503,买盘
806,13:46:51,14.18,--,20,28360,卖盘
807,13:46:48,14.18,-0.01,159,225462,卖盘
808,13:46:42,14.19,-0.01,12,17028,卖盘
809,13:46:33,14.2,0.02,13,18460,买盘
810,13:46:30,14.18,-0.02,1065,1510170,卖盘
811,13:46:27,14.2,--,1,1420,买盘
812,13:46:24,14.2,0.01,9,12780,买盘
813,13:46:21,14.19,--,22,31218,卖盘
814,13:46:18,14.19,-0.01,450,638550,卖盘
815,13:46:09,14.2,--,18,25560,买盘
816,13:46:06,14.2,0.01,85,120700,买盘
817,13:46:03,14.19,--,2,2838,卖盘
818,13:45:57,14.19,-0.01,51,72369,卖盘
819,13:45:54,14.2,--,16,22720,买盘
820,13:45:48,14.2,0.01,10,14200,买盘
821,13:45:45,14.19,--,18,25542,卖盘
822,13:45:36,14.19,--,11,15609,卖盘
823,13:45:33,14.19,--,1,1419,卖盘
824,13:45:24,14.19,-0.01,23,32637,卖盘
825,13:45:18,14.2,0.01,10,14200,买盘
826,13:45:15,14.19,-0.01,11,15609,卖盘
827,13:45:09,14.2,--,12,17040,买盘
828,13:45:06,14.2,--,30,42600,买盘
829,13:45:03,14.2,--,88,124960,买盘
830,13:45:00,14.2,-0.01,353,501260,卖盘
831,13:44:51,14.21,--,11,15631,卖盘
832,13:44:42,14.21,-0.01,12,17052,卖盘
833,13:44:36,14.22,0.01,1,1422,买盘
834,13:44:30,14.21,--,12,17052,卖盘
835,13:44:21,14.21,0.01,1,1421,买盘
836,13:44:18,14.2,-0.01,12,17040,卖盘
837,13:44:12,14.21,--,82,116522,卖盘
838,13:44:09,14.21,0.01,11,15631,中性盘
839,13:44:03,14.2,-0.01,62,88040,卖盘
840,13:44:00,14.21,0.01,2,2842,买盘
841,13:43:57,14.2,--,11,15620,卖盘
842,13:43:45,14.2,-0.01,11,15620,卖盘
843,13:43:42,14.21,0.01,13,18473,买盘
844,13:43:36,14.2,--,88,124960,买盘
845,13:43:33,14.2,0.01,219,310980,买盘
846,13:43:24,14.19,-0.01,22,31218,卖盘
847,13:43:21,14.2,--,400,568000,买盘
848,13:43:18,14.2,0.01,10,14200,买盘
849,13:43:15,14.19,-0.01,12,17028,卖盘
850,13:43:12,14.2,--,11,15620,买盘
851,13:43:06,14.2,--,3,4260,买盘
852,13:43:03,14.2,--,460,653200,卖盘
853,13:42:54,14.2,-0.02,8,11360,卖盘
854,13:42:51,14.22,0.01,8,11376,买盘
855,13:42:45,14.21,--,12,17052,买盘
856,13:42:39,14.21,--,2,2842,买盘
857,13:42:36,14.21,0.01,20,28420,买盘
858,13:42:33,14.2,-0.01,13,18460,卖盘
859,13:42:30,14.21,0.01,30,42630,买盘
860,13:42:27,14.2,-0.01,20,28400,卖盘
861,13:42:24,14.21,0.01,10,14210,买盘
862,13:42:21,14.2,--,12,17040,卖盘
863,13:42:12,14.2,-0.01,11,15620,卖盘
864,13:42:06,14.21,--,2,2842,买盘
865,13:42:03,14.21,0.01,99,140679,买盘
866,13:42:00,14.2,-0.01,11,15620,卖盘
867,13:41:57,14.21,--,4,5684,买盘
868,13:41:54,14.21,0.01,8,11368,买盘
869,13:41:48,14.2,-0.01,17,24140,卖盘
870,13:41:45,14.21,0.01,30,42630,买盘
871,13:41:42,14.2,--,7,9940,卖盘
872,13:41:39,14.2,-0.01,12,17040,卖盘
873,13:41:36,14.21,0.01,34,48314,买盘
874,13:41:33,14.2,--,1,1420,卖盘
875,13:41:27,14.2,--,20,28400,卖盘
876,13:41:15,14.2,0.01,37,52540,买盘
877,13:41:12,14.19,-0.01,50,70950,卖盘
878,13:41:09,14.2,--,50,71000,买盘
879,13:41:06,14.2,0.01,50,71000,买盘
880,13:41:03,14.19,-0.01,32,45408,卖盘
881,13:41:00,14.2,--,3,4260,买盘
882,13:40:57,14.2,0.01,10,14200,买盘
883,13:40:54,14.19,-0.01,13,18447,卖盘
884,13:40:51,14.2,0.01,3,4260,中性盘
885,13:40:45,14.19,--,8,11352,卖盘
886,13:40:42,14.19,-0.01,26,36894,卖盘
887,13:40:36,14.2,0.01,13,18460,买盘
888,13:40:30,14.19,--,25,35475,卖盘
889,13:40:21,14.19,-0.01,10,14190,卖盘
890,13:40:18,14.2,0.01,2,2840,卖盘
891,13:40:15,14.19,--,10,14190,卖盘
892,13:40:09,14.19,-0.01,19,26961,卖盘
893,13:40:06,14.2,0.01,3,4260,中性盘
894,13:40:00,14.19,-0.01,11,15609,卖盘
895,13:39:57,14.2,0.01,8,11360,中性盘
896,13:39:51,14.19,-0.01,35,49665,卖盘
897,13:39:48,14.2,--,11,15620,卖盘
898,13:39:45,14.2,--,5,7100,卖盘
899,13:39:42,14.2,--,37,52540,卖盘
900,13:39:39,14.2,--,15,21300,卖盘
901,13:39:36,14.2,--,12,17040,卖盘
902,13:39:33,14.2,--,8,11360,卖盘
903,13:39:27,14.2,0.01,10,14200,买盘
904,13:39:24,14.19,-0.01,89,126291,卖盘
905,13:39:21,14.2,--,1,1420,卖盘
906,13:39:15,14.2,--,13,18460,卖盘
907,13:39:09,14.2,0.01,168,238560,买盘
908,13:39:06,14.19,--,11,15609,卖盘
909,13:39:03,14.19,-0.01,27,38313,卖盘
910,13:38:54,14.2,0.01,24,34080,买盘
911,13:38:51,14.19,-0.01,23,32637,卖盘
912,13:38:45,14.2,--,25,35500,卖盘
913,13:38:42,14.2,--,23,32660,卖盘
914,13:38:39,14.2,--,200,284000,卖盘
915,13:38:33,14.2,--,1,1420,卖盘
916,13:38:30,14.2,--,50,71000,卖盘
917,13:38:27,14.2,-0.01,300,426000,卖盘
918,13:38:24,14.21,--,39,55419,买盘
919,13:38:21,14.21,--,183,260043,买盘
920,13:38:18,14.21,0.01,172,244412,买盘
921,13:38:15,14.2,--,30,42600,卖盘
922,13:38:12,14.2,--,7,9940,卖盘
923,13:38:00,14.2,-0.01,42,59640,卖盘
924,13:37:57,14.21,0.01,14,19894,买盘
925,13:37:54,14.2,--,8,11360,卖盘
926,13:37:51,14.2,--,28,39760,卖盘
927,13:37:48,14.2,--,33,46860,卖盘
928,13:37:42,14.2,-0.01,26,36920,卖盘
929,13:37:39,14.21,--,15,21315,买盘
930,13:37:36,14.21,0.01,1,1421,买盘
931,13:37:33,14.2,-0.01,1,1420,卖盘
932,13:37:30,14.21,--,17,24157,买盘
933,13:37:27,14.21,--,11,15631,买盘
934,13:37:21,14.21,--,10,14210,买盘
935,13:37:18,14.21,--,10,14210,买盘
936,13:37:15,14.21,--,50,71050,买盘
937,13:37:12,14.21,--,100,142100,买盘
938,13:37:09,14.21,--,5,7105,买盘
939,13:37:06,14.21,--,20,28420,买盘
940,13:37:03,14.21,--,16,22736,买盘
941,13:37:00,14.21,--,10,14210,买盘
942,13:36:48,14.21,--,83,117943,买盘
943,13:36:45,14.21,--,3,4263,买盘
944,13:36:39,14.21,--,10,14210,买盘
945,13:36:36,14.21,0.01,118,167678,买盘
946,13:36:33,14.2,--,1,1420,卖盘
947,13:36:30,14.2,-0.01,288,408960,卖盘
948,13:36:24,14.21,--,3,4263,买盘
949,13:36:21,14.21,--,110,156310,买盘
950,13:36:18,14.21,--,32,45472,买盘
951,13:36:12,14.21,-0.02,1486,2112174,卖盘
952,13:35:57,14.23,0.01,10,14230,买盘
953,13:35:51,14.22,--,135,191970,卖盘
954,13:35:33,14.22,-0.01,53,75366,卖盘
955,13:35:30,14.23,--,5,7115,买盘
956,13:35:27,14.23,0.01,20,28460,买盘
957,13:35:12,14.22,-0.01,166,236052,卖盘
958,13:35:09,14.23,0.01,21,29883,买盘
959,13:35:03,14.22,-0.01,1,1422,卖盘
960,13:34:48,14.23,-0.02,73,103879,卖盘
961,13:34:45,14.25,0.02,49,69825,买盘
962,13:34:42,14.23,--,6,8538,买盘
963,13:34:39,14.23,0.01,1,1423,买盘
964,13:34:36,14.22,--,2,2844,卖盘
965,13:34:30,14.22,--,2,2844,卖盘
966,13:34:27,14.22,--,1,1422,卖盘
967,13:34:24,14.22,-0.01,7,9954,卖盘
968,13:34:18,14.23,0.01,100,142300,买盘
969,13:34:15,14.22,--,11,15642,卖盘
970,13:34:12,14.22,--,200,284400,卖盘
971,13:34:06,14.22,--,11,15642,卖盘
972,13:34:03,14.22,--,2,2844,卖盘
973,13:33:57,14.22,--,2,2844,卖盘
974,13:33:54,14.22,--,48,69109,卖盘
975,13:33:51,14.22,--,10,14220,卖盘
976,13:33:42,14.22,--,12,17064,卖盘
977,13:33:39,14.22,-0.01,10,14220,卖盘
978,13:33:36,14.23,0.01,14,19922,买盘
979,13:33:33,14.22,--,1,1422,卖盘
980,13:33:30,14.22,--,11,15642,卖盘
981,13:33:18,14.22,-0.01,15,21330,卖盘
982,13:33:15,14.23,--,12,17076,卖盘
983,13:33:12,14.23,0.01,69,98187,买盘
984,13:33:09,14.22,-0.01,11,15642,卖盘
985,13:33:03,14.23,0.01,4,5692,买盘
986,13:32:57,14.22,--,10,14220,卖盘
987,13:32:51,14.22,--,62,88164,卖盘
988,13:32:45,14.22,--,23,32706,卖盘
989,13:32:42,14.22,-0.01,1,1422,卖盘
990,13:32:36,14.23,0.01,5,7115,中性盘
991,13:32:30,14.22,-0.01,50,71100,卖盘
992,13:32:27,14.23,0.01,6,8538,买盘
993,13:32:24,14.22,--,10,14220,卖盘
994,13:32:15,14.22,--,13,18486,卖盘
995,13:32:12,14.22,--,65,92430,卖盘
996,13:32:09,14.22,--,30,42660,卖盘
997,13:32:06,14.22,-0.01,4,5688,卖盘
998,13:32:03,14.23,0.01,2,2846,中性盘
999,13:32:00,14.22,--,10,14220,卖盘
1000,13:31:51,14.22,--,10,14220,卖盘
1001,13:31:45,14.22,-0.01,30,42660,卖盘
1002,13:31:42,14.23,-0.01,8,11384,卖盘
1003,13:31:39,14.24,0.02,33,46992,买盘
1004,13:31:36,14.22,-0.01,166,236052,卖盘
1005,13:31:33,14.23,--,2,2846,卖盘
1006,13:31:30,14.23,--,11,15653,卖盘
1007,13:31:24,14.23,--,3,4269,卖盘
1008,13:31:21,14.23,-0.01,13,18499,卖盘
1009,13:31:18,14.24,0.01,9,12816,买盘
1010,13:31:15,14.23,--,12,17076,卖盘
1011,13:31:12,14.23,--,20,28460,卖盘
1012,13:31:06,14.23,--,38,54074,卖盘
1013,13:31:03,14.23,--,82,116686,卖盘
1014,13:30:51,14.23,-0.01,12,17076,卖盘
1015,13:30:45,14.24,0.02,33,46992,买盘
1016,13:30:39,14.22,-0.01,11,15642,卖盘
1017,13:30:33,14.23,0.01,12,17076,卖盘
1018,13:30:30,14.22,--,24,34128,卖盘
1019,13:30:21,14.22,--,14,19908,卖盘
1020,13:30:06,14.22,--,11,15642,卖盘
1021,13:29:54,14.22,-0.03,12,17064,卖盘
1022,13:29:45,14.25,0.01,1013,1443525,买盘
1023,13:29:42,14.24,--,10,14240,卖盘
1024,13:29:30,14.24,--,12,17088,卖盘
1025,13:29:21,14.24,--,11,15664,卖盘
1026,13:29:18,14.24,-0.01,10,14240,卖盘
1027,13:28:57,14.25,0.01,52,74100,买盘
1028,13:28:51,14.24,--,88,125312,卖盘
1029,13:28:48,14.24,-0.01,11,15664,卖盘
1030,13:28:45,14.25,0.01,10,14250,买盘
1031,13:28:39,14.24,--,11,15664,卖盘
1032,13:28:36,14.24,-0.01,11,15664,卖盘
1033,13:28:33,14.25,0.01,1,1425,买盘
1034,13:28:24,14.24,--,10,14240,卖盘
1035,13:28:15,14.24,--,24,34176,卖盘
1036,13:28:12,14.24,--,1,1424,卖盘
1037,13:28:03,14.24,-0.01,11,15664,卖盘
1038,13:28:00,14.25,--,5,7125,买盘
1039,13:27:57,14.25,0.01,25,35625,买盘
1040,13:27:45,14.24,-0.01,11,15664,卖盘
1041,13:27:42,14.25,0.01,2,2850,买盘
1042,13:27:33,14.24,--,41,58384,卖盘
1043,13:27:30,14.24,-0.01,4,5696,卖盘
1044,13:27:24,14.25,0.01,21,29925,买盘
1045,13:27:18,14.24,--,12,17088,卖盘
1046,13:27:12,14.24,--,5,7120,卖盘
1047,13:27:09,14.24,-0.01,10,14240,卖盘
1048,13:27:06,14.25,0.01,6,8550,买盘
1049,13:27:00,14.24,--,12,17088,卖盘
1050,13:26:48,14.24,-0.01,11,15664,卖盘
1051,13:26:36,14.25,--,12,17100,卖盘
1052,13:26:27,14.25,--,10,14250,卖盘
1053,13:26:24,14.25,0.01,19,27075,买盘
1054,13:26:12,14.24,-0.01,11,15664,卖盘
1055,13:26:06,14.25,--,10,14250,买盘
1056,13:26:00,14.25,--,1,1425,买盘
1057,13:25:54,14.25,--,13,18525,买盘
1058,13:25:48,14.25,0.01,100,142500,买盘
1059,13:25:42,14.24,-0.01,1,1424,卖盘
1060,13:25:24,14.25,0.01,23,32775,买盘
1061,13:25:21,14.24,-0.01,30,42720,卖盘
1062,13:25:09,14.25,0.01,13,18525,买盘
1063,13:25:03,14.24,--,80,113920,买盘
1064,13:25:00,14.24,--,3,4272,买盘
1065,13:24:45,14.24,--,55,78320,买盘
1066,13:24:24,14.24,--,24,34176,买盘
1067,13:24:12,14.24,0.01,1,1424,买盘
1068,13:24:09,14.23,-0.01,166,236218,卖盘
1069,13:24:03,14.24,0.01,11,15664,中性盘
1070,13:23:51,14.23,--,11,15653,卖盘
1071,13:23:39,14.23,--,12,17076,卖盘
1072,13:23:36,14.23,--,62,88226,卖盘
1073,13:23:33,14.23,--,65,92495,卖盘
1074,13:23:30,14.23,--,12,17076,卖盘
1075,13:23:21,14.23,--,4,5692,卖盘
1076,13:23:18,14.23,--,12,17076,卖盘
1077,13:23:09,14.23,-0.02,12,17076,卖盘
1078,13:23:00,14.25,0.02,13,18525,买盘
1079,13:22:57,14.23,-0.01,24,34152,卖盘
1080,13:22:54,14.24,0.01,3,4272,中性盘
1081,13:22:51,14.23,-0.01,18,25614,卖盘
1082,13:22:48,14.24,--,12,17088,卖盘
1083,13:22:36,14.24,--,12,17088,卖盘
1084,13:22:24,14.24,--,12,17088,卖盘
1085,13:22:12,14.24,--,10,14240,卖盘
1086,13:22:03,14.24,--,11,15664,卖盘
1087,13:22:00,14.24,-0.01,23,32752,卖盘
1088,13:21:57,14.25,0.01,12,17100,买盘
1089,13:21:51,14.24,-0.01,12,17088,卖盘
1090,13:21:45,14.25,0.01,6,8550,买盘
1091,13:21:39,14.24,--,11,15664,卖盘
1092,13:21:27,14.24,--,25,35600,卖盘
1093,13:21:18,14.24,-0.01,11,15664,卖盘
1094,13:21:15,14.25,0.01,3,4275,买盘
1095,13:21:09,14.24,-0.01,15,21360,卖盘
1096,13:21:06,14.25,--,17,24225,卖盘
1097,13:20:57,14.25,--,23,32775,卖盘
1098,13:20:54,14.25,--,51,72675,卖盘
1099,13:20:45,14.25,--,11,15675,卖盘
1100,13:20:33,14.25,--,10,14250,卖盘
1101,13:20:24,14.25,--,25,35625,卖盘
1102,13:20:21,14.25,-0.01,68,96900,卖盘
1103,13:20:18,14.26,0.01,54,77004,买盘
1104,13:19:42,14.25,--,10,14250,卖盘
1105,13:19:36,14.25,-0.02,4,5700,卖盘
1106,13:19:33,14.27,0.02,13,18551,买盘
1107,13:19:21,14.25,--,10,14250,卖盘
1108,13:19:18,14.25,-0.01,162,230850,卖盘
1109,13:19:12,14.26,--,53,75578,买盘
1110,13:19:06,14.26,0.01,20,28520,买盘
1111,13:19:00,14.25,--,12,17100,卖盘
1112,13:18:48,14.25,0.01,12,17100,中性盘
1113,13:18:36,14.24,--,11,15664,卖盘
1114,13:18:27,14.24,--,11,15664,卖盘
1115,13:18:15,14.24,--,10,14240,卖盘
1116,13:18:09,14.24,--,163,232112,卖盘
1117,13:18:03,14.24,-0.02,12,17088,卖盘
1118,13:17:57,14.26,0.02,3,4278,买盘
1119,13:17:54,14.24,--,10,14240,卖盘
1120,13:17:42,14.24,--,12,17088,卖盘
1121,13:17:30,14.24,--,11,15664,卖盘
1122,13:17:21,14.24,-0.03,10,14240,卖盘
1123,13:17:09,14.27,0.03,25,35675,买盘
1124,13:17:00,14.24,--,11,15664,卖盘
1125,13:16:57,14.24,-0.03,6,8544,卖盘
1126,13:16:54,14.27,0.03,39,55653,买盘
1127,13:16:51,14.24,-0.02,1010,1438240,卖盘
1128,13:16:48,14.26,-0.01,10,14260,卖盘
1129,13:16:45,14.27,--,8,11416,买盘
1130,13:16:42,14.27,0.01,14,19978,买盘
1131,13:16:36,14.26,--,11,15686,卖盘
1132,13:16:33,14.26,--,62,88412,卖盘
1133,13:16:18,14.26,-0.01,4,5704,卖盘
1134,13:16:09,14.27,--,56,79912,买盘
1135,13:16:00,14.27,--,2,2854,买盘
1136,13:15:45,14.27,-0.01,16,22832,中性盘
1137,13:15:42,14.28,0.01,39,55692,买盘
1138,13:15:39,14.27,--,2,2854,买盘
1139,13:15:36,14.27,-0.01,17,25143,卖盘
1140,13:15:27,14.28,0.01,21,29988,买盘
1141,13:15:21,14.27,--,17,24259,卖盘
1142,13:15:15,14.27,--,23,33363,买盘
1143,13:15:12,14.27,-0.01,21,29967,卖盘
1144,13:15:06,14.28,0.01,1,1428,买盘
1145,13:15:00,14.27,0.01,19,27113,卖盘
1146,13:14:51,14.26,-0.02,18,25668,卖盘
1147,13:14:48,14.28,--,61,87108,买盘
1148,13:14:39,14.28,0.02,27,38556,买盘
1149,13:14:27,14.26,--,20,28520,卖盘
1150,13:14:18,14.26,-0.01,17,24242,卖盘
1151,13:14:15,14.27,0.01,25,35675,买盘
1152,13:14:12,14.26,-0.01,30,42780,卖盘
1153,13:14:03,14.27,0.01,29,41383,买盘
1154,13:13:54,14.26,-0.01,17,24242,卖盘
1155,13:13:51,14.27,--,2,2854,买盘
1156,13:13:48,14.27,--,22,31394,买盘
1157,13:13:45,14.27,0.01,1,1427,买盘
1158,13:13:42,14.26,--,56,79856,卖盘
1159,13:13:36,14.26,--,7,9982,卖盘
1160,13:13:33,14.26,-0.01,18,25668,卖盘
1161,13:13:27,14.27,--,11,15697,买盘
1162,13:13:24,14.27,0.01,200,285400,买盘
1163,13:13:21,14.26,--,19,27094,卖盘
1164,13:13:15,14.26,--,12,17112,卖盘
1165,13:13:12,14.26,--,19,27094,卖盘
1166,13:13:06,14.26,--,6,8556,卖盘
1167,13:12:57,14.26,--,18,25668,卖盘
1168,13:12:48,14.26,-0.01,17,24242,卖盘
1169,13:12:42,14.27,0.01,5,7135,买盘
1170,13:12:36,14.26,--,19,27094,卖盘
1171,13:12:33,14.26,--,17,24242,卖盘
1172,13:12:27,14.26,--,18,25668,卖盘
1173,13:12:18,14.26,--,44,62744,卖盘
1174,13:12:15,14.26,--,19,27094,卖盘
1175,13:12:06,14.26,--,151,215326,买盘
1176,13:12:00,14.26,--,21,29946,买盘
1177,13:11:54,14.26,0.01,5,7130,买盘
1178,13:11:51,14.25,--,18,25650,卖盘
1179,13:11:42,14.25,-0.01,41,58425,卖盘
1180,13:11:39,14.26,0.01,15,21390,买盘
1181,13:11:36,14.25,--,9,12825,卖盘
1182,13:11:30,14.25,--,19,27075,卖盘
1183,13:11:24,14.25,--,29,41325,卖盘
1184,13:11:21,14.25,--,20,28500,卖盘
1185,13:11:09,14.25,--,18,25650,卖盘
1186,13:10:57,14.25,--,20,28500,卖盘
1187,13:10:45,14.25,-0.02,20,28500,卖盘
1188,13:10:42,14.27,0.02,39,55653,买盘
1189,13:10:36,14.25,-0.02,24,34200,卖盘
1190,13:10:33,14.27,--,1,1427,买盘
1191,13:10:27,14.27,--,5,7135,买盘
1192,13:10:21,14.27,0.02,20,28540,买盘
1193,13:10:18,14.25,--,19,27075,卖盘
1194,13:10:06,14.25,-0.02,9,12825,卖盘
1195,13:10:03,14.27,0.02,2,2854,买盘
1196,13:09:54,14.25,--,11,15675,卖盘
1197,13:09:45,14.25,0.01,10,14250,中性盘
1198,13:09:33,14.24,-0.01,10,14240,卖盘
1199,13:09:27,14.25,--,30,42750,卖盘
1200,13:09:21,14.25,--,24,34200,买盘
1201,13:09:15,14.25,0.01,33,47025,买盘
1202,13:09:12,14.24,-0.01,11,15664,卖盘
1203,13:09:09,14.25,--,50,71250,买盘
1204,13:09:06,14.25,0.01,21,29925,买盘
1205,13:09:00,14.24,-0.01,11,15664,卖盘
1206,13:08:54,14.25,--,3,4275,买盘
1207,13:08:51,14.25,--,39,55575,买盘
1208,13:08:48,14.25,--,49,69825,买盘
1209,13:08:42,14.25,--,12,17100,买盘
1210,13:08:39,14.25,-0.01,31,44175,买盘
1211,13:08:30,14.26,0.03,20,28520,买盘
1212,13:08:27,14.23,--,11,15653,卖盘
1213,13:08:24,14.23,-0.03,500,711500,卖盘
1214,13:08:21,14.26,--,85,121210,买盘
1215,13:08:18,14.26,0.01,1,1426,买盘
1216,13:08:15,14.25,-0.01,10,14250,卖盘
1217,13:08:12,14.26,0.01,36,51336,买盘
1218,13:08:06,14.25,--,11,15675,卖盘
1219,13:07:54,14.25,--,9,12825,卖盘
1220,13:07:45,14.25,--,1,1425,卖盘
1221,13:07:42,14.25,--,23,32775,卖盘
1222,13:07:30,14.25,--,13,18525,卖盘
1223,13:07:21,14.25,-0.01,9,12825,卖盘
1224,13:07:15,14.26,0.01,13,18538,买盘
1225,13:07:09,14.25,--,10,14250,卖盘
1226,13:07:06,14.25,0.01,127,180975,买盘
1227,13:06:57,14.24,-0.01,10,14240,卖盘
1228,13:06:51,14.25,0.01,13,18525,买盘
1229,13:06:48,14.24,-0.01,12,17088,卖盘
1230,13:06:36,14.25,0.01,30,42750,买盘
1231,13:06:27,14.24,-0.02,11,15664,卖盘
1232,13:06:18,14.26,0.02,13,18538,买盘
1233,13:06:15,14.24,-0.01,10,14240,卖盘
1234,13:06:06,14.25,0.01,1,1425,买盘
1235,13:06:03,14.24,0.02,15,21360,中性盘
1236,13:05:51,14.22,--,10,14220,卖盘
1237,13:05:48,14.22,-0.02,160,227520,卖盘
1238,13:05:42,14.24,-0.02,11,15664,卖盘
1239,13:05:36,14.26,0.03,13,18538,买盘
1240,13:05:33,14.23,--,147,209181,卖盘
1241,13:05:30,14.23,-0.02,211,300253,卖盘
1242,13:05:21,14.25,--,9,12825,卖盘
1243,13:05:18,14.25,-0.01,6,8550,卖盘
1244,13:05:09,14.26,0.01,22,31372,买盘
1245,13:05:03,14.25,--,27,38475,买盘
1246,13:05:00,14.25,0.02,200,285000,买盘
1247,13:04:57,14.23,--,17,24191,卖盘
1248,13:04:54,14.23,-0.02,170,241910,卖盘
1249,13:04:51,14.25,0.01,18,25650,买盘
1250,13:04:48,14.24,-0.01,11,15664,中性盘
1251,13:04:39,14.25,0.02,5,7125,买盘
1252,13:04:36,14.23,--,10,14230,卖盘
1253,13:04:33,14.23,-0.02,80,113840,卖盘
1254,13:04:27,14.25,--,100,142500,卖盘
1255,13:04:24,14.25,--,11,15675,卖盘
1256,13:04:18,14.25,--,50,71250,卖盘
1257,13:04:15,14.25,--,511,728175,卖盘
1258,13:04:03,14.25,-0.02,10,14250,卖盘
1259,13:04:00,14.27,0.02,2,2854,买盘
1260,13:03:51,14.25,-0.02,19,27075,卖盘
1261,13:03:48,14.27,--,10,14270,买盘
1262,13:03:42,14.27,0.01,22,31394,买盘
1263,13:03:36,14.26,--,4,5704,卖盘
1264,13:03:30,14.26,--,10,14260,卖盘
1265,13:03:18,14.26,--,10,14260,卖盘
1266,13:03:09,14.26,-0.01,9,12834,卖盘
1267,13:03:06,14.27,--,2,2854,买盘
1268,13:03:03,14.27,--,28,39956,买盘
1269,13:03:00,14.27,0.02,10,14270,买盘
1270,13:02:36,14.25,-0.01,163,232275,卖盘
1271,13:02:30,14.26,-0.01,10,14260,买盘
1272,13:02:24,14.27,--,10,14270,买盘
1273,13:02:15,14.27,0.03,2,2854,买盘
1274,13:01:48,14.24,-0.03,30,42720,卖盘
1275,13:01:33,14.27,0.03,1,1427,买盘
1276,13:01:27,14.24,-0.03,1000,1424000,卖盘
1277,13:01:15,14.27,0.01,12,17124,买盘
1278,13:00:51,14.26,-0.01,163,232438,卖盘
1279,13:00:45,14.27,-0.01,29,42524,卖盘
1280,13:00:06,14.28,--,17,24276,买盘
1281,13:00:03,14.28,--,664,948477,买盘
1282,13:00:00,14.28,--,0,0,买盘
1283,11:30:00,14.28,--,0,0,买盘
1284,11:29:45,14.28,0.02,23,32844,买盘
1285,11:29:42,14.26,--,44,62744,卖盘
1286,11:29:00,14.26,--,5,7130,卖盘
1287,11:28:54,14.26,--,18,25668,卖盘
1288,11:28:42,14.26,-0.01,9,12834,卖盘
1289,11:28:36,14.27,--,100,142700,买盘
1290,11:28:33,14.27,0.01,1,1427,买盘
1291,11:28:30,14.26,--,9,12834,卖盘
1292,11:28:21,14.26,-0.01,8,11408,卖盘
1293,11:28:15,14.27,0.01,19,27113,买盘
1294,11:28:09,14.26,--,9,12834,卖盘
1295,11:28:00,14.26,--,10,14260,卖盘
1296,11:27:48,14.26,--,8,11408,卖盘
1297,11:27:36,14.26,-0.01,10,14260,卖盘
1298,11:27:33,14.27,0.01,4,5708,买盘
1299,11:27:27,14.26,-0.02,9,12834,卖盘
1300,11:27:24,14.28,--,5,7140,买盘
1301,11:27:21,14.28,0.02,8,11424,买盘
1302,11:27:15,14.26,-0.02,10,14260,卖盘
1303,11:27:12,14.28,0.02,11,15708,买盘
1304,11:27:03,14.26,--,8,11408,卖盘
1305,11:26:51,14.26,-0.02,153,218178,卖盘
1306,11:26:42,14.28,-0.01,9,12852,卖盘
1307,11:26:36,14.29,0.01,68,97172,买盘
1308,11:26:30,14.28,0.02,28,39984,买盘
1309,11:26:18,14.26,-0.02,9,12834,中性盘
1310,11:26:12,14.28,0.03,23,32844,买盘
1311,11:26:09,14.25,-0.01,9,12825,卖盘
1312,11:26:03,14.26,0.01,12,17112,买盘
1313,11:25:57,14.25,--,8,11400,卖盘
1314,11:25:48,14.25,-0.01,9,12825,卖盘
1315,11:25:45,14.26,--,337,480562,买盘
1316,11:25:36,14.26,--,31,44206,买盘
1317,11:25:30,14.26,0.01,2,2852,买盘
1318,11:25:24,14.25,--,9,12825,卖盘
1319,11:25:21,14.25,--,68,97327,卖盘
1320,11:25:12,14.25,-0.01,14,19950,卖盘
1321,11:25:09,14.26,--,274,390724,卖盘
1322,11:25:03,14.26,--,145,206770,卖盘
1323,11:24:57,14.26,--,23,32798,卖盘
1324,11:24:51,14.26,--,9,12834,卖盘
1325,11:24:45,14.26,--,336,479136,卖盘
1326,11:24:42,14.26,--,31,44206,卖盘
1327,11:24:36,14.26,--,1,1426,卖盘
1328,11:24:30,14.26,-0.01,8,11408,卖盘
1329,11:24:24,14.27,0.01,21,29967,买盘
1330,11:24:18,14.26,-0.01,23,32798,卖盘
1331,11:24:09,14.27,0.01,5,7135,买盘
1332,11:24:06,14.26,-0.01,29,41354,卖盘
1333,11:24:03,14.27,--,15,21405,买盘
1334,11:24:00,14.27,0.01,11,15697,买盘
1335,11:23:57,14.26,-0.01,9,12834,卖盘
1336,11:23:54,14.27,--,18,25686,买盘
1337,11:23:45,14.27,--,11,15697,买盘
1338,11:23:39,14.27,0.01,25,35675,买盘
1339,11:23:36,14.26,-0.01,9,12834,卖盘
1340,11:23:30,14.27,0.01,21,29967,买盘
1341,11:23:24,14.26,--,10,14260,卖盘
1342,11:23:18,14.26,--,9,12834,卖盘
1343,11:23:12,14.26,--,18,25668,卖盘
1344,11:23:00,14.26,--,9,12834,卖盘
1345,11:22:57,14.26,-0.01,161,229586,卖盘
1346,11:22:51,14.27,0.01,9,12843,中性盘
1347,11:22:39,14.26,--,9,12834,卖盘
1348,11:22:30,14.26,-0.03,9,12834,卖盘
1349,11:22:27,14.29,0.03,15,21435,买盘
1350,11:22:18,14.26,-0.03,10,14260,卖盘
1351,11:22:12,14.29,0.01,21,30009,买盘
1352,11:22:06,14.28,--,8,11424,卖盘
1353,11:22:00,14.28,--,1,1428,卖盘
1354,11:21:54,14.28,0.02,186,265608,买盘
1355,11:21:45,14.26,--,9,12834,卖盘
1356,11:21:33,14.26,--,10,14260,卖盘
1357,11:21:21,14.26,--,8,11408,卖盘
1358,11:21:12,14.26,-0.03,8,11408,卖盘
1359,11:21:09,14.29,0.03,22,31437,买盘
1360,11:21:00,14.26,--,9,12834,卖盘
1361,11:20:48,14.26,-0.02,9,12834,卖盘
1362,11:20:45,14.28,0.02,8,11424,中性盘
1363,11:20:39,14.26,--,8,11408,卖盘
1364,11:20:27,14.26,--,9,12834,卖盘
1365,11:20:15,14.26,-0.03,9,12834,卖盘
1366,11:20:12,14.29,0.03,21,30009,买盘
1367,11:20:09,14.26,0.01,160,228160,买盘
1368,11:20:06,14.25,-0.01,9,12825,卖盘
1369,11:19:57,14.26,0.01,4,5704,买盘
1370,11:19:54,14.25,-0.02,9,12825,卖盘
1371,11:19:48,14.27,0.01,22,31394,买盘
1372,11:19:45,14.26,0.01,304,433504,买盘
1373,11:19:42,14.25,-0.01,10,14250,卖盘
1374,11:19:39,14.26,--,53,75578,买盘
1375,11:19:36,14.26,--,50,71300,买盘
1376,11:19:33,14.26,--,27,38502,买盘
1377,11:19:24,14.26,--,21,29946,买盘
1378,11:19:21,14.26,0.01,13,18538,买盘
1379,11:19:18,14.25,-0.01,79,112575,卖盘
1380,11:19:15,14.26,0.01,13,18538,买盘
1381,11:19:09,14.25,-0.01,8,11400,卖盘
1382,11:19:03,14.26,-0.01,50,71300,卖盘
1383,11:19:00,14.27,0.01,18,25686,买盘
1384,11:18:48,14.26,0.01,10,14260,中性盘
1385,11:18:36,14.25,-0.03,509,725325,卖盘
1386,11:18:33,14.28,0.02,13,18564,买盘
1387,11:18:27,14.26,--,10,14260,卖盘
1388,11:18:21,14.26,--,164,233864,卖盘
1389,11:18:15,14.26,-0.02,8,11408,卖盘
1390,11:18:06,14.28,0.02,13,18564,买盘
1391,11:18:03,14.26,-0.02,8,11408,卖盘
1392,11:17:57,14.28,--,23,32844,买盘
1393,11:17:54,14.28,0.02,23,32844,买盘
1394,11:17:51,14.26,--,8,11408,卖盘
1395,11:17:42,14.26,--,10,14260,卖盘
1396,11:17:30,14.26,--,9,12834,卖盘
1397,11:17:18,14.26,-0.02,8,11408,卖盘
1398,11:17:12,14.28,--,11,15708,买盘
1399,11:17:09,14.28,--,15,21420,买盘
1400,11:17:00,14.28,0.02,5,7140,买盘
1401,11:16:57,14.26,--,9,12834,卖盘
1402,11:16:54,14.26,-0.03,39,55614,卖盘
1403,11:16:45,14.29,0.03,16,22864,买盘
1404,11:16:36,14.26,--,9,12834,卖盘
1405,11:16:27,14.26,--,1,1426,卖盘
1406,11:16:24,14.26,-0.03,9,12834,卖盘
1407,11:16:21,14.29,0.03,70,100030,买盘
1408,11:16:12,14.26,-0.01,9,12834,卖盘
1409,11:16:09,14.27,0.01,6,8562,买盘
1410,11:16:03,14.26,--,71,101246,卖盘
1411,11:16:00,14.26,--,26,37076,卖盘
1412,11:15:51,14.26,-0.01,9,12834,卖盘
1413,11:15:45,14.27,0.01,10,14270,买盘
1414,11:15:39,14.26,-0.02,9,12834,卖盘
1415,11:15:30,14.28,0.01,17,24276,买盘
1416,11:15:18,14.27,--,9,12843,卖盘
1417,11:15:06,14.27,-0.01,9,12843,中性盘
1418,11:15:03,14.28,0.02,1,1428,买盘
1419,11:14:57,14.26,-0.02,558,795708,卖盘
1420,11:14:51,14.28,0.01,10,14280,买盘
1421,11:14:45,14.27,--,10,14270,卖盘
1422,11:14:42,14.27,--,45,64215,卖盘
1423,11:14:33,14.27,-0.01,9,12843,卖盘
1424,11:14:30,14.28,--,3,4284,买盘
1425,11:14:27,14.28,0.01,36,51408,买盘
1426,11:14:24,14.27,--,9,12843,卖盘
1427,11:14:21,14.27,--,20,28540,卖盘
1428,11:14:12,14.27,--,9,12843,卖盘
1429,11:14:00,14.27,--,11,15697,卖盘
1430,11:13:51,14.27,--,9,12843,卖盘
1431,11:13:39,14.27,--,9,12843,卖盘
1432,11:13:30,14.27,-0.02,9,12843,卖盘
1433,11:13:24,14.29,0.02,9,12861,买盘
1434,11:13:18,14.27,-0.01,8,11416,卖盘
1435,11:13:09,14.28,0.01,1,1428,买盘
1436,11:13:06,14.27,--,508,724916,卖盘
1437,11:12:54,14.27,--,9,12843,卖盘
1438,11:12:51,14.27,--,1,1427,卖盘
1439,11:12:45,14.27,-0.01,9,12843,卖盘
1440,11:12:42,14.28,--,8,11424,买盘
1441,11:12:36,14.28,0.01,5,7140,买盘
1442,11:12:33,14.27,--,9,12843,卖盘
1443,11:12:24,14.27,--,9,12843,卖盘
1444,11:12:18,14.27,0.01,97,138419,买盘
1445,11:12:12,14.26,-0.01,18,25668,卖盘
1446,11:12:09,14.27,0.01,56,79912,买盘
1447,11:12:00,14.26,--,9,12834,卖盘
1448,11:11:48,14.26,--,9,12834,卖盘
1449,11:11:45,14.26,-0.01,25,35849,卖盘
1450,11:11:39,14.27,0.01,63,89901,买盘
1451,11:11:36,14.26,-0.01,93,132618,卖盘
1452,11:11:30,14.27,0.01,20,28540,买盘
1453,11:11:27,14.26,-0.01,9,12834,卖盘
1454,11:11:21,14.27,--,10,14270,买盘
1455,11:11:18,14.27,0.01,14,19978,买盘
1456,11:11:15,14.26,-0.01,9,12834,卖盘
1457,11:11:12,14.27,0.01,20,28540,买盘
1458,11:11:06,14.26,-0.01,10,14260,卖盘
1459,11:10:57,14.27,0.01,10,14270,买盘
1460,11:10:54,14.26,-0.01,9,12834,卖盘
1461,11:10:51,14.27,--,309,440943,买盘
1462,11:10:48,14.27,--,186,266649,卖盘
1463,11:10:42,14.27,--,9,12843,卖盘
1464,11:10:36,14.27,-0.01,174,248298,卖盘
1465,11:10:33,14.28,0.01,1,1428,买盘
1466,11:10:30,14.27,--,10,14270,卖盘
1467,11:10:12,14.27,--,8,11416,卖盘
1468,11:10:06,14.27,--,75,107025,卖盘
1469,11:10:00,14.27,--,92,131284,卖盘
1470,11:09:57,14.27,--,14,19978,卖盘
1471,11:09:48,14.27,--,8,11416,卖盘
1472,11:09:36,14.27,-0.01,9,12843,卖盘
1473,11:09:33,14.28,0.01,11,15708,买盘
1474,11:09:30,14.27,--,18,25885,卖盘
1475,11:09:27,14.27,--,119,169813,卖盘
1476,11:09:21,14.27,--,110,156970,卖盘
1477,11:09:12,14.27,-0.01,10,14270,卖盘
1478,11:09:03,14.28,0.01,4,5712,买盘
1479,11:09:00,14.27,--,10,14270,卖盘
1480,11:08:51,14.27,-0.01,41,58507,卖盘
1481,11:08:48,14.28,--,212,302736,买盘
1482,11:08:36,14.28,0.01,6,8568,买盘
1483,11:08:33,14.27,-0.01,7,9989,卖盘
1484,11:08:30,14.28,--,30,42840,买盘
1485,11:08:27,14.28,--,8,11424,买盘
1486,11:08:18,14.28,-0.01,115,164220,卖盘
1487,11:08:15,14.29,0.01,35,50015,买盘
1488,11:08:12,14.28,--,46,65688,卖盘
1489,11:08:06,14.28,--,50,71400,卖盘
1490,11:08:03,14.28,--,29,41412,卖盘
1491,11:08:00,14.28,--,23,32844,卖盘
1492,11:07:51,14.28,--,24,34272,卖盘
1493,11:07:48,14.28,-0.01,23,32844,卖盘
1494,11:07:42,14.29,0.01,55,78595,中性盘
1495,11:07:33,14.28,--,37,52836,卖盘
1496,11:07:27,14.28,--,151,215628,卖盘
1497,11:07:21,14.28,--,51,72828,卖盘
1498,11:07:18,14.28,--,19,27132,卖盘
1499,11:07:12,14.28,--,71,101388,卖盘
1500,11:07:09,14.28,-0.01,273,389844,卖盘
1501,11:07:06,14.29,--,36,51444,卖盘
1502,11:07:03,14.29,-0.01,107,152903,卖盘
1503,11:07:00,14.3,--,18,25740,买盘
1504,11:06:51,14.3,0.01,2,2860,买盘
1505,11:06:48,14.29,--,8,11432,卖盘
1506,11:06:45,14.29,-0.01,164,234356,卖盘
1507,11:06:42,14.3,--,5,7150,卖盘
1508,11:06:39,14.3,0.01,195,278850,买盘
1509,11:06:36,14.29,--,37,52873,卖盘
1510,11:06:33,14.29,-0.01,9,12861,卖盘
1511,11:06:24,14.3,0.01,5,7150,买盘
1512,11:06:18,14.29,-0.02,84,120036,卖盘
1513,11:06:12,14.31,--,104,148824,买盘
1514,11:06:06,14.31,--,7,10017,买盘
1515,11:06:03,14.31,--,20,28620,买盘
1516,11:05:54,14.31,--,8,11448,买盘
1517,11:05:51,14.31,0.01,36,51516,买盘
1518,11:05:48,14.3,--,15,21450,卖盘
1519,11:05:36,14.3,--,36,51480,卖盘
1520,11:05:24,14.3,--,8,11440,卖盘
1521,11:05:21,14.3,--,36,51480,卖盘
1522,11:05:15,14.3,-0.01,1,1430,卖盘
1523,11:05:00,14.31,--,11,15741,买盘
1524,11:04:36,14.31,0.01,13,18603,买盘
1525,11:04:33,14.3,-0.01,100,143000,卖盘
1526,11:04:18,14.31,--,5,7155,买盘
1527,11:04:12,14.31,--,7,10017,买盘
1528,11:04:09,14.31,--,11,15741,买盘
1529,11:04:03,14.31,--,23,32913,买盘
1530,11:04:00,14.31,--,23,32913,买盘
1531,11:03:57,14.31,0.01,23,32913,买盘
1532,11:03:45,14.3,-0.01,34,48620,卖盘
1533,11:03:39,14.31,--,14,20034,买盘
1534,11:03:33,14.31,--,2,2862,买盘
1535,11:03:18,14.31,--,9,12879,买盘
1536,11:03:12,14.31,--,2,2862,买盘
1537,11:03:09,14.31,--,20,28620,买盘
1538,11:02:57,14.31,--,8,11448,买盘
1539,11:02:51,14.31,0.02,6,8586,买盘
1540,11:02:45,14.29,-0.01,44,62875,卖盘
1541,11:02:33,14.3,--,37,52910,买盘
1542,11:02:24,14.3,--,422,603460,买盘
1543,11:02:00,14.3,--,9,12870,买盘
1544,11:01:51,14.3,--,16,22880,买盘
1545,11:01:48,14.3,--,180,257400,卖盘
1546,11:01:36,14.3,-0.01,196,280280,卖盘
1547,11:01:33,14.31,0.01,1,1431,买盘
1548,11:01:30,14.3,-0.01,10,14300,卖盘
1549,11:01:12,14.31,--,12,17172,买盘
1550,11:00:51,14.31,--,5,7155,买盘
1551,11:00:42,14.31,0.01,12,17172,买盘
1552,11:00:33,14.3,-0.01,20,28600,卖盘
1553,11:00:27,14.31,--,17,24327,买盘
1554,11:00:18,14.31,0.01,5,7155,买盘
1555,11:00:12,14.3,-0.01,7,10010,卖盘
1556,11:00:09,14.31,--,22,31482,买盘
1557,10:59:48,14.31,0.01,5,7155,买盘
1558,10:59:33,14.3,--,164,234520,卖盘
1559,10:59:24,14.3,-0.01,21,30030,卖盘
1560,10:58:57,14.31,0.01,9,12879,买盘
1561,10:58:54,14.3,-0.01,55,78650,卖盘
1562,10:58:33,14.31,--,13,18603,买盘
1563,10:58:06,14.31,--,10,14310,买盘
1564,10:57:51,14.31,--,5,7155,买盘
1565,10:57:42,14.31,--,8,11448,买盘
1566,10:57:03,14.31,--,1,1431,买盘
1567,10:56:54,14.31,--,5,7155,买盘
1568,10:56:42,14.31,0.01,46,65826,买盘
1569,10:56:39,14.3,-0.01,4,5720,卖盘
1570,10:56:36,14.31,0.01,5,7155,买盘
1571,10:56:21,14.3,--,5,7150,卖盘
1572,10:56:18,14.3,-0.01,3,4290,卖盘
1573,10:56:12,14.31,--,10,14310,买盘
1574,10:56:09,14.31,--,100,143100,买盘
1575,10:55:51,14.31,--,28,40068,买盘
1576,10:55:30,14.31,0.01,51,72981,买盘
1577,10:55:27,14.3,-0.01,28,40040,卖盘
1578,10:55:18,14.31,--,5,7155,买盘
1579,10:54:57,14.31,0.01,37,52947,买盘
1580,10:54:54,14.3,-0.01,1,1430,卖盘
1581,10:54:51,14.31,0.01,3,4293,买盘
1582,10:54:39,14.3,--,39,55770,卖盘
1583,10:54:33,14.3,-0.01,32,45760,卖盘
1584,10:54:30,14.31,0.01,36,51516,买盘
1585,10:54:15,14.3,-0.01,91,130130,卖盘
1586,10:54:03,14.31,--,5,7155,买盘
1587,10:53:54,14.31,0.01,2,2862,买盘
1588,10:53:45,14.3,-0.01,5,7150,卖盘
1589,10:53:39,14.31,0.01,7,10017,买盘
1590,10:53:36,14.3,0.01,366,524209,买盘
1591,10:53:27,14.29,--,164,234356,卖盘
1592,10:53:24,14.29,--,170,242930,买盘
1593,10:53:18,14.29,--,33,47157,卖盘
1594,10:53:15,14.29,-0.01,500,714500,卖盘
1595,10:53:12,14.3,--,5,7150,买盘
1596,10:53:06,14.3,--,5,7150,买盘
1597,10:52:42,14.3,--,5,7150,买盘
1598,10:52:33,14.3,0.01,1,1430,买盘
1599,10:52:27,14.29,--,20,28580,卖盘
1600,10:52:24,14.29,--,166,237214,卖盘
1601,10:52:21,14.29,--,4,5716,卖盘
1602,10:52:18,14.29,-0.01,2,2858,卖盘
1603,10:52:15,14.3,0.01,6,8580,买盘
1604,10:52:03,14.29,--,500,714500,卖盘
1605,10:51:57,14.29,-0.01,1,1429,卖盘
1606,10:51:48,14.3,--,25,35750,买盘
1607,10:51:45,14.3,0.01,2,2860,买盘
1608,10:51:42,14.29,-0.01,20,28580,卖盘
1609,10:51:27,14.3,--,400,572000,买盘
1610,10:51:21,14.3,--,7,10010,买盘
1611,10:51:00,14.3,--,30,42900,买盘
1612,10:50:54,14.3,-0.01,609,870870,卖盘
1613,10:50:48,14.31,0.01,5,7155,买盘
1614,10:50:45,14.3,--,114,163020,卖盘
1615,10:50:42,14.3,--,23,32890,卖盘
1616,10:50:39,14.3,--,36,51480,卖盘
1617,10:50:33,14.3,-0.01,23,32890,卖盘
1618,10:50:30,14.31,--,5,7155,买盘
1619,10:50:27,14.31,--,2,2862,买盘
1620,10:50:24,14.31,0.01,6,8586,买盘
1621,10:50:21,14.3,--,23,32890,卖盘
1622,10:50:15,14.3,--,38,54340,卖盘
1623,10:50:12,14.3,-0.01,23,32890,卖盘
1624,10:50:06,14.31,--,181,259011,买盘
1625,10:49:54,14.31,0.01,6,8586,买盘
1626,10:49:42,14.3,--,23,32890,卖盘
1627,10:49:39,14.3,--,2,2860,卖盘
1628,10:49:36,14.3,--,23,32890,卖盘
1629,10:49:30,14.3,-0.01,10,14300,卖盘
1630,10:49:27,14.31,--,7,10017,买盘
1631,10:49:03,14.31,0.01,6,8586,买盘
1632,10:48:42,14.3,--,19,27170,卖盘
1633,10:48:36,14.3,-0.01,37,52910,卖盘
1634,10:48:33,14.31,--,80,114480,买盘
1635,10:48:27,14.31,--,8,11448,买盘
1636,10:48:24,14.31,--,5,7155,买盘
1637,10:48:03,14.31,0.01,1,1431,买盘
1638,10:48:00,14.3,-0.01,36,51480,卖盘
1639,10:47:54,14.31,0.01,6,8586,中性盘
1640,10:47:51,14.3,--,40,57200,卖盘
1641,10:47:48,14.3,--,5,7150,卖盘
1642,10:47:42,14.3,--,22,31460,卖盘
1643,10:47:30,14.3,0.01,10,14300,买盘
1644,10:47:27,14.29,--,43,61446,卖盘
1645,10:47:06,14.29,-0.01,31,44299,卖盘
1646,10:47:03,14.3,--,3,4290,买盘
1647,10:46:48,14.3,--,20,28600,买盘
1648,10:46:45,14.3,--,53,75790,买盘
1649,10:46:39,14.3,--,11,15730,买盘
1650,10:46:27,14.3,--,2,2860,买盘
1651,10:46:24,14.3,--,94,134420,买盘
1652,10:46:15,14.3,--,38,54340,买盘
1653,10:46:06,14.3,--,600,858000,买盘
1654,10:46:00,14.3,--,27,38610,买盘
1655,10:45:51,14.3,--,6,8580,买盘
1656,10:45:45,14.3,--,10,14300,买盘
1657,10:45:18,14.3,--,78,111540,买盘
1658,10:45:03,14.3,--,40,57200,买盘
1659,10:44:57,14.3,--,200,286000,买盘
1660,10:44:54,14.3,0.01,116,165880,买盘
1661,10:44:51,14.29,-0.01,68,97172,卖盘
1662,10:44:39,14.3,-0.02,116,165880,卖盘
1663,10:44:24,14.32,--,10,14320,买盘
1664,10:44:15,14.32,--,19,27208,买盘
1665,10:44:09,14.32,0.01,6,8592,买盘
1666,10:43:57,14.31,0.02,413,591003,买盘
1667,10:43:48,14.29,--,10,14290,买盘
1668,10:43:39,14.29,--,7,10003,买盘
1669,10:43:33,14.29,-0.01,5,7145,中性盘
1670,10:43:09,14.3,--,532,760760,买盘
1671,10:42:45,14.3,--,69,98670,买盘
1672,10:42:42,14.3,--,23,32890,买盘
1673,10:42:39,14.3,--,23,32890,买盘
1674,10:42:36,14.3,--,5,7150,买盘
1675,10:42:33,14.3,--,8,11440,买盘
1676,10:42:27,14.3,--,23,32890,买盘
1677,10:42:21,14.3,--,29,41470,买盘
1678,10:42:15,14.3,--,5,7150,买盘
1679,10:42:12,14.3,--,7,10010,买盘
1680,10:42:00,14.3,--,7,10010,买盘
1681,10:41:57,14.3,--,12,17160,买盘
1682,10:41:54,14.3,--,46,65780,买盘
1683,10:41:51,14.3,--,92,131560,买盘
1684,10:41:48,14.3,--,5,7150,买盘
1685,10:41:45,14.3,--,5,7150,买盘
1686,10:41:27,14.3,--,6,8580,买盘
1687,10:41:15,14.3,0.01,10,14300,买盘
1688,10:41:12,14.29,--,1,1429,卖盘
1689,10:41:03,14.29,-0.01,2,2858,卖盘
1690,10:41:00,14.3,0.01,5,7150,买盘
1691,10:40:30,14.29,-0.01,21,30009,卖盘
1692,10:40:03,14.3,0.01,207,296010,买盘
1693,10:40:00,14.29,--,8,11432,买盘
1694,10:39:57,14.29,--,28,40012,卖盘
1695,10:39:39,14.29,-0.02,3,4287,卖盘
1696,10:39:33,14.31,0.02,6,8586,买盘
1697,10:39:27,14.29,-0.02,1,1429,卖盘
1698,10:39:24,14.31,--,68,97308,买盘
1699,10:39:12,14.31,--,1,1431,买盘
1700,10:39:03,14.31,--,5,7155,买盘
1701,10:38:39,14.31,--,5,7155,买盘
1702,10:38:30,14.31,0.03,41,58671,买盘
1703,10:38:24,14.28,0.01,78,112569,买盘
1704,10:38:21,14.27,-0.01,54,77058,卖盘
1705,10:38:15,14.28,--,5,7140,买盘
1706,10:38:12,14.28,--,16,22848,买盘
1707,10:38:09,14.28,--,200,285600,买盘
1708,10:38:06,14.28,--,5,7140,买盘
1709,10:37:57,14.28,0.01,4,5712,买盘
1710,10:37:51,14.27,-0.01,49,69923,卖盘
1711,10:37:45,14.28,0.01,7,9996,买盘
1712,10:37:39,14.27,-0.01,166,236882,卖盘
1713,10:37:33,14.28,--,31,44268,买盘
1714,10:37:24,14.28,0.01,7,9996,买盘
1715,10:37:21,14.27,-0.01,50,71350,卖盘
1716,10:37:18,14.28,--,6,8568,买盘
1717,10:37:15,14.28,0.01,2,2856,买盘
1718,10:37:09,14.27,--,44,62788,卖盘
1719,10:37:00,14.27,--,26,37102,卖盘
1720,10:36:54,14.27,-0.01,23,32821,卖盘
1721,10:36:51,14.28,--,10,14280,买盘
1722,10:36:48,14.28,--,209,298452,买盘
1723,10:36:45,14.28,--,40,57120,买盘
1724,10:36:30,14.28,--,5,7140,买盘
1725,10:36:21,14.28,--,6,8568,买盘
1726,10:36:18,14.28,--,5,7140,买盘
1727,10:36:00,14.28,--,38,54264,买盘
1728,10:35:51,14.28,0.01,37,52836,买盘
1729,10:35:45,14.27,-0.02,388,553918,卖盘
1730,10:35:39,14.29,0.01,10,14290,买盘
1731,10:35:27,14.28,--,35,49980,卖盘
1732,10:35:24,14.28,--,5,7140,卖盘
1733,10:34:57,14.28,--,13,18564,卖盘
1734,10:34:45,14.28,-0.01,5,7140,卖盘
1735,10:34:33,14.29,--,7,10003,买盘
1736,10:34:30,14.29,--,10,14290,买盘
1737,10:34:24,14.29,0.01,6,8574,买盘
1738,10:34:21,14.28,-0.01,200,285600,卖盘
1739,10:34:12,14.29,--,5,7145,买盘
1740,10:33:57,14.29,--,5,7145,买盘
1741,10:33:30,14.29,0.01,7,10003,买盘
1742,10:33:27,14.28,--,125,178542,卖盘
1743,10:33:09,14.28,-0.01,39,55692,卖盘
1744,10:33:03,14.29,--,55,78595,买盘
1745,10:32:45,14.29,0.01,13,18577,买盘
1746,10:32:39,14.28,-0.01,38,54264,卖盘
1747,10:32:09,14.29,-0.01,200,285800,卖盘
1748,10:32:06,14.3,--,7,10010,买盘
1749,10:31:39,14.3,--,28,40040,买盘
1750,10:31:33,14.3,--,100,143000,买盘
1751,10:31:30,14.3,--,12,17160,买盘
1752,10:31:21,14.3,0.02,6,8580,买盘
1753,10:31:06,14.28,-0.02,20,28560,卖盘
1754,10:30:54,14.3,0.02,4,5720,买盘
1755,10:30:42,14.28,-0.02,76,108528,卖盘
1756,10:30:27,14.3,0.02,31,44330,买盘
1757,10:30:21,14.28,-0.01,78,111384,卖盘
1758,10:30:15,14.29,--,2,4001,买盘
1759,10:30:12,14.29,--,7,10288,卖盘
1760,10:30:09,14.29,--,98,141185,买盘
1761,10:30:06,14.29,--,6,8574,买盘
1762,10:30:03,14.29,--,1,1429,买盘
1763,10:29:57,14.29,--,7,10003,买盘
1764,10:29:54,14.29,--,17,24293,买盘
1765,10:29:51,14.29,--,32,46013,卖盘
1766,10:29:48,14.29,--,367,525586,买盘
1767,10:29:45,14.29,0.01,20,28580,买盘
1768,10:29:24,14.28,-0.01,5,7140,卖盘
1769,10:29:15,14.29,--,26,37154,买盘
1770,10:29:06,14.29,--,2,2858,买盘
1771,10:28:51,14.29,--,17,24293,买盘
1772,10:28:45,14.29,-0.01,212,303233,卖盘
1773,10:28:33,14.3,0.01,10,14300,买盘
1774,10:28:00,14.29,--,35,50015,卖盘
1775,10:27:57,14.29,-0.02,202,288658,卖盘
1776,10:27:54,14.31,0.01,8,11448,买盘
1777,10:27:51,14.3,--,18,25740,中性盘
1778,10:27:33,14.3,-0.01,14,20020,卖盘
1779,10:27:27,14.31,0.02,6,8586,买盘
1780,10:27:12,14.29,--,1,1429,卖盘
1781,10:27:03,14.29,-0.02,23,32867,卖盘
1782,10:26:39,14.31,--,157,224667,买盘
1783,10:26:36,14.31,0.01,7,10017,买盘
1784,10:26:27,14.3,--,165,235950,卖盘
1785,10:26:03,14.3,-0.01,36,51480,卖盘
1786,10:26:00,14.31,--,5,7155,买盘
1787,10:25:51,14.31,--,28,40068,买盘
1788,10:25:33,14.31,0.01,7,10017,买盘
1789,10:25:27,14.3,-0.01,2,2860,卖盘
1790,10:25:24,14.31,--,77,110187,买盘
1791,10:25:09,14.31,--,5,7155,买盘
1792,10:25:06,14.31,0.01,11,15741,买盘
1793,10:25:03,14.3,-0.01,1,1430,卖盘
1794,10:24:42,14.31,0.01,6,8586,买盘
1795,10:24:39,14.3,--,10,14300,卖盘
1796,10:24:36,14.3,--,12,17160,卖盘
1797,10:24:33,14.3,-0.01,2,2860,卖盘
1798,10:24:30,14.31,0.01,1,1431,买盘
1799,10:24:12,14.3,-0.01,62,88660,卖盘
1800,10:24:06,14.31,0.01,6,9730,买盘
1801,10:23:33,14.3,0.02,70,100100,买盘
1802,10:23:18,14.28,-0.02,25,35700,卖盘
1803,10:23:12,14.3,0.02,100,143000,买盘
1804,10:22:54,14.28,-0.02,62,88536,卖盘
1805,10:22:48,14.3,0.01,5,7150,买盘
1806,10:22:45,14.29,-0.01,10,14290,卖盘
1807,10:22:42,14.3,--,13,18590,买盘
1808,10:22:00,14.3,0.02,1,1430,买盘
1809,10:21:57,14.28,--,162,231336,卖盘
1810,10:21:48,14.28,-0.02,1,1428,卖盘
1811,10:21:36,14.3,--,20,28600,买盘
1812,10:21:33,14.3,--,10,14300,买盘
1813,10:21:27,14.3,--,1,1430,买盘
1814,10:21:03,14.3,0.02,1,1430,买盘
1815,10:20:51,14.28,--,7,9996,卖盘
1816,10:20:48,14.28,--,172,245616,买盘
1817,10:20:39,14.28,0.01,3,4284,买盘
1818,10:20:33,14.27,-0.01,39,55653,卖盘
1819,10:20:30,14.28,--,10,14280,买盘
1820,10:20:27,14.28,0.01,15,21420,买盘
1821,10:20:24,14.27,-0.01,55,78485,卖盘
1822,10:20:21,14.28,--,431,615468,卖盘
1823,10:20:09,14.28,--,9,12852,卖盘
1824,10:20:06,14.28,--,5,7140,卖盘
1825,10:20:00,14.28,0.01,45,64260,中性盘
1826,10:19:57,14.27,-0.03,27,38529,卖盘
1827,10:19:54,14.3,0.02,30,42900,买盘
1828,10:19:48,14.28,-0.02,134,191352,卖盘
1829,10:19:45,14.3,--,125,178750,买盘
1830,10:19:42,14.3,0.01,666,952380,买盘
1831,10:19:39,14.29,--,4,5716,买盘
1832,10:19:36,14.29,--,121,172909,卖盘
1833,10:19:30,14.29,-0.01,55,78595,卖盘
1834,10:19:21,14.3,--,207,296010,买盘
1835,10:19:15,14.3,0.01,1,1430,买盘
1836,10:19:12,14.29,--,8,11432,卖盘
1837,10:19:09,14.29,--,3,4287,卖盘
1838,10:18:39,14.29,--,5,7145,卖盘
1839,10:18:33,14.29,-0.01,27,38583,卖盘
1840,10:18:24,14.3,0.01,100,143000,买盘
1841,10:18:21,14.29,-0.01,12,17148,卖盘
1842,10:18:18,14.3,0.02,20,28600,买盘
1843,10:18:15,14.28,-0.02,39,55692,卖盘
1844,10:18:12,14.3,0.02,4,5720,买盘
1845,10:18:03,14.28,--,15,21420,卖盘
1846,10:18:00,14.28,--,5,7140,卖盘
1847,10:17:57,14.28,-0.01,60,85680,卖盘
1848,10:17:54,14.29,--,13,18577,卖盘
1849,10:17:51,14.29,--,25,35725,卖盘
1850,10:17:45,14.29,-0.01,111,158619,卖盘
1851,10:17:42,14.3,--,16,22880,买盘
1852,10:17:39,14.3,-0.01,234,334620,卖盘
1853,10:17:36,14.31,0.01,5,7155,中性盘
1854,10:17:33,14.3,-0.01,17,24310,卖盘
1855,10:17:30,14.31,--,10,14310,卖盘
1856,10:17:27,14.31,0.01,37,52947,卖盘
1857,10:17:24,14.3,--,23,32890,卖盘
1858,10:17:21,14.3,--,11,15730,卖盘
1859,10:17:18,14.3,-0.01,14,20020,卖盘
1860,10:17:12,14.31,0.01,43,61533,买盘
1861,10:17:09,14.3,--,59,84370,卖盘
1862,10:17:06,14.3,-0.02,10,14300,中性盘
1863,10:17:03,14.32,0.03,65,93080,买盘
1864,10:17:00,14.29,-0.03,50,71450,卖盘
1865,10:16:54,14.32,0.03,55,78760,买盘
1866,10:16:51,14.29,--,10,14290,卖盘
1867,10:16:48,14.29,--,135,192915,卖盘
1868,10:16:45,14.29,--,9,12861,卖盘
1869,10:16:42,14.29,-0.01,77,110033,卖盘
1870,10:16:39,14.3,0.01,9,12870,买盘
1871,10:16:36,14.29,--,185,264365,买盘
1872,10:16:33,14.29,--,201,287229,买盘
1873,10:16:30,14.29,--,16,22864,买盘
1874,10:16:24,14.29,0.02,15,21435,买盘
1875,10:16:21,14.27,-0.02,6,8562,卖盘
1876,10:16:15,14.29,0.02,13,18577,买盘
1877,10:16:12,14.27,-0.02,17,24259,卖盘
1878,10:16:09,14.29,--,34,48586,买盘
1879,10:16:06,14.29,--,5,7145,买盘
1880,10:16:03,14.29,0.02,10,14290,买盘
1881,10:16:00,14.27,-0.02,18,25686,卖盘
1882,10:15:51,14.29,0.02,20,28580,买盘
1883,10:15:48,14.27,--,12,17124,卖盘
1884,10:15:45,14.27,-0.02,11,15697,卖盘
1885,10:15:42,14.29,0.01,36,51444,买盘
1886,10:15:33,14.28,--,8,11424,卖盘
1887,10:15:30,14.28,0.01,1,1428,中性盘
1888,10:15:27,14.27,--,14,19978,卖盘
1889,10:15:24,14.27,--,38,54226,卖盘
1890,10:15:21,14.27,-0.02,30,42810,卖盘
1891,10:15:15,14.29,--,7,10003,买盘
1892,10:15:12,14.29,0.01,112,160048,买盘
1893,10:15:09,14.28,--,21,29988,卖盘
1894,10:15:06,14.28,0.02,15,21420,买盘
1895,10:15:03,14.26,-0.02,90,128340,卖盘
1896,10:15:00,14.28,0.01,15,21420,买盘
1897,10:14:57,14.27,-0.01,159,226893,卖盘
1898,10:14:54,14.28,0.01,45,64260,买盘
1899,10:14:51,14.27,--,206,293962,卖盘
1900,10:14:48,14.27,--,35,49945,卖盘
1901,10:14:45,14.27,--,9,12843,卖盘
1902,10:14:39,14.27,--,15,21405,卖盘
1903,10:14:36,14.27,-0.01,5,7135,卖盘
1904,10:14:33,14.28,--,71,101388,卖盘
1905,10:14:30,14.28,--,6,8568,卖盘
1906,10:14:24,14.28,--,23,32844,卖盘
1907,10:14:21,14.28,--,30,42840,卖盘
1908,10:14:18,14.28,--,117,167076,卖盘
1909,10:14:12,14.28,--,50,71400,卖盘
1910,10:14:09,14.28,--,65,92820,卖盘
1911,10:14:03,14.28,--,6,8568,卖盘
1912,10:14:00,14.28,--,20,28560,卖盘
1913,10:13:57,14.28,--,23,32844,卖盘
1914,10:13:54,14.28,--,6,8568,卖盘
1915,10:13:51,14.28,--,99,141372,卖盘
1916,10:13:48,14.28,--,30,42840,卖盘
1917,10:13:45,14.28,--,39,55692,卖盘
1918,10:13:42,14.28,--,8,11424,卖盘
1919,10:13:39,14.28,--,30,42840,卖盘
1920,10:13:36,14.28,--,38,54264,卖盘
1921,10:13:33,14.28,--,1,1428,卖盘
1922,10:13:27,14.28,--,40,57120,买盘
1923,10:13:24,14.28,--,7,9996,卖盘
1924,10:13:21,14.28,0.01,11,15708,买盘
1925,10:13:18,14.27,-0.01,24,34248,卖盘
1926,10:13:12,14.28,0.01,18,26203,买盘
1927,10:13:06,14.27,-0.01,46,65642,卖盘
1928,10:13:03,14.28,0.01,4,5712,买盘
1929,10:12:57,14.27,-0.01,68,97036,卖盘
1930,10:12:51,14.28,--,300,428400,买盘
1931,10:12:48,14.28,0.01,3,4284,买盘
1932,10:12:45,14.27,--,19,27113,卖盘
1933,10:12:39,14.27,-0.01,37,52799,卖盘
1934,10:12:36,14.28,--,5,7140,买盘
1935,10:12:33,14.28,0.01,10,14280,买盘
1936,10:12:30,14.27,-0.01,100,142700,卖盘
1937,10:12:24,14.28,--,2,2856,买盘
1938,10:12:12,14.28,--,19,27132,买盘
1939,10:12:06,14.28,0.01,15,21420,买盘
1940,10:12:03,14.27,-0.01,45,64215,卖盘
1941,10:12:00,14.28,--,11,15708,买盘
1942,10:11:57,14.28,--,178,255112,卖盘
1943,10:11:51,14.28,--,13,18564,卖盘
1944,10:11:48,14.28,--,6,8568,卖盘
1945,10:11:45,14.28,-0.01,35,49980,卖盘
1946,10:11:39,14.29,-0.01,30,42870,卖盘
1947,10:11:30,14.3,0.01,127,182110,买盘
1948,10:11:24,14.29,-0.01,11,15718,卖盘
1949,10:11:21,14.3,0.01,4,5720,买盘
1950,10:11:15,14.29,-0.01,7,10003,卖盘
1951,10:11:09,14.3,--,10,14300,买盘
1952,10:11:06,14.3,0.01,10,14300,买盘
1953,10:11:03,14.29,--,6,8574,卖盘
1954,10:11:00,14.29,--,9,12861,卖盘
1955,10:10:57,14.29,0.01,10,14290,买盘
1956,10:10:51,14.28,--,21,29988,卖盘
1957,10:10:45,14.28,--,28,39984,卖盘
1958,10:10:42,14.28,--,7,9996,卖盘
1959,10:10:33,14.28,-0.02,14,19992,卖盘
1960,10:10:30,14.3,0.03,41,58630,买盘
1961,10:10:18,14.27,--,69,98463,卖盘
1962,10:10:15,14.27,-0.01,1,1427,卖盘
1963,10:10:12,14.28,0.01,5,7140,买盘
1964,10:10:09,14.27,-0.01,104,148408,卖盘
1965,10:10:06,14.28,0.01,5,7140,买盘
1966,10:09:51,14.27,--,192,275168,买盘
1967,10:09:48,14.27,--,50,71350,买盘
1968,10:09:45,14.27,--,30,42810,买盘
1969,10:09:42,14.27,--,85,121295,买盘
1970,10:09:39,14.27,--,105,149835,买盘
1971,10:09:36,14.27,-0.01,552,787946,卖盘
1972,10:09:33,14.28,--,11,15708,买盘
1973,10:09:30,14.28,--,161,229908,买盘
1974,10:09:18,14.28,--,15,21420,买盘
1975,10:09:09,14.28,--,53,75684,买盘
1976,10:09:06,14.28,--,9,12852,买盘
1977,10:09:03,14.28,0.01,14,19992,买盘
1978,10:09:00,14.27,-0.01,9,12843,卖盘
1979,10:08:57,14.28,--,106,151368,买盘
1980,10:08:54,14.28,--,2,2856,买盘
1981,10:08:51,14.28,0.01,23,32844,买盘
1982,10:08:45,14.27,-0.01,10,14270,卖盘
1983,10:08:42,14.28,--,32,45696,买盘
1984,10:08:36,14.28,0.01,41,58548,买盘
1985,10:08:30,14.27,-0.01,7,10602,卖盘
1986,10:08:27,14.28,--,61,87108,买盘
1987,10:08:24,14.28,0.01,15,21420,买盘
1988,10:08:21,14.27,--,200,285400,卖盘
1989,10:08:12,14.27,-0.01,20,28540,卖盘
1990,10:08:06,14.28,--,10,14280,买盘
1991,10:08:00,14.28,--,8,11424,买盘
1992,10:07:57,14.28,--,35,49980,买盘
1993,10:07:54,14.28,--,14,20563,买盘
1994,10:07:48,14.28,0.01,4,5712,买盘
1995,10:07:45,14.27,-0.01,23,32821,卖盘
1996,10:07:33,14.28,--,5,7140,买盘
1997,10:07:15,14.28,0.01,165,235620,买盘
1998,10:07:03,14.27,--,30,42810,卖盘
1999,10:06:57,14.27,--,32,45664,卖盘
2000,10:06:54,14.27,-0.01,13,18551,卖盘
2001,10:06:51,14.28,--,140,199920,买盘
2002,10:06:48,14.28,0.01,3,4284,买盘
2003,10:06:45,14.27,-0.01,28,39956,卖盘
2004,10:06:42,14.28,--,10,14280,买盘
2005,10:06:39,14.28,0.01,23,32844,买盘
2006,10:06:36,14.27,-0.01,43,61361,卖盘
2007,10:06:33,14.28,--,23,32844,买盘
2008,10:06:27,14.28,0.01,41,58548,买盘
2009,10:06:21,14.27,-0.01,1,1427,卖盘
2010,10:06:12,14.28,-0.01,241,344762,卖盘
2011,10:06:03,14.29,0.01,60,85740,买盘
2012,10:06:00,14.28,0.01,20,29373,买盘
2013,10:05:45,14.27,-0.01,50,71963,卖盘
2014,10:05:27,14.28,-0.01,6,8568,卖盘
2015,10:05:18,14.29,-0.01,10,14290,中性盘
2016,10:04:48,14.3,0.02,164,234520,买盘
2017,10:04:45,14.28,-0.02,10,14280,卖盘
2018,10:04:30,14.3,--,25,35750,买盘
2019,10:04:24,14.3,--,7,10010,买盘
2020,10:04:18,14.3,--,140,200200,买盘
2021,10:04:03,14.3,0.02,41,58630,买盘
2022,10:04:00,14.28,--,40,57120,卖盘
2023,10:03:48,14.28,-0.01,39,55692,卖盘
2024,10:03:45,14.29,--,11,15718,中性盘
2025,10:03:18,14.29,-0.01,8,11432,卖盘
2026,10:03:15,14.3,0.01,10,14300,买盘
2027,10:03:12,14.29,--,7,10003,卖盘
2028,10:03:06,14.29,--,6,8574,卖盘
2029,10:03:00,14.29,--,4,5716,卖盘
2030,10:02:57,14.29,--,8,11432,卖盘
2031,10:02:54,14.29,0.01,20,28580,中性盘
2032,10:02:45,14.28,-0.01,10,14280,卖盘
2033,10:02:42,14.29,0.01,7,10003,买盘
2034,10:02:39,14.28,--,9,12852,卖盘
2035,10:02:36,14.28,-0.01,38,54264,卖盘
2036,10:02:33,14.29,--,10,14290,买盘
2037,10:02:27,14.29,--,5,7145,买盘
2038,10:02:24,14.29,0.01,21,30009,买盘
2039,10:02:21,14.28,-0.02,66,95061,卖盘
2040,10:02:12,14.3,0.02,39,55770,买盘
2041,10:02:06,14.28,--,23,32844,卖盘
2042,10:02:03,14.28,--,23,32844,卖盘
2043,10:02:00,14.28,-0.01,28,39984,卖盘
2044,10:01:54,14.29,0.01,5,7145,买盘
2045,10:01:45,14.28,-0.01,9,12852,卖盘
2046,10:01:36,14.29,--,88,126895,卖盘
2047,10:01:24,14.29,--,30,42870,卖盘
2048,10:01:21,14.29,--,41,58874,买盘
2049,10:01:18,14.29,--,8,11432,买盘
2050,10:01:15,14.29,0.01,6,8574,买盘
2051,10:01:09,14.28,-0.01,1,1428,卖盘
2052,10:00:57,14.29,--,1,1429,买盘
2053,10:00:51,14.29,-0.01,443,634190,卖盘
2054,10:00:48,14.3,0.01,50,71500,买盘
2055,10:00:45,14.29,-0.01,17,24293,卖盘
2056,10:00:27,14.3,--,11,15730,买盘
2057,10:00:24,14.3,--,10,14300,买盘
2058,10:00:21,14.3,0.01,10,14300,买盘
2059,10:00:12,14.29,-0.01,10,14290,卖盘
2060,10:00:09,14.3,0.01,82,117260,买盘
2061,10:00:00,14.29,--,16,22864,卖盘
2062,09:59:57,14.29,--,1,1714,卖盘
2063,09:59:51,14.29,--,1,1429,卖盘
2064,09:59:45,14.29,0.01,40,57160,买盘
2065,09:59:42,14.28,--,10,14280,买盘
2066,09:59:39,14.28,--,6,8568,卖盘
2067,09:59:15,14.28,--,24,34272,买盘
2068,09:59:03,14.28,--,1,1428,卖盘
2069,09:59:00,14.28,--,23,32844,卖盘
2070,09:58:57,14.28,--,23,32844,卖盘
2071,09:58:54,14.28,-0.01,3,4284,中性盘
2072,09:58:48,14.29,0.01,33,47157,买盘
2073,09:58:45,14.28,0.01,10,14280,中性盘
2074,09:58:27,14.27,-0.02,500,713500,卖盘
2075,09:58:18,14.29,--,21,30009,买盘
2076,09:58:15,14.29,--,10,14290,买盘
2077,09:57:57,14.29,--,5,7145,买盘
2078,09:57:54,14.29,0.01,40,57160,买盘
2079,09:57:51,14.28,-0.01,200,285600,卖盘
2080,09:57:45,14.29,--,13,18577,买盘
2081,09:57:39,14.29,0.01,5,7145,买盘
2082,09:57:27,14.28,-0.02,50,71400,卖盘
2083,09:57:24,14.3,0.01,102,145860,买盘
2084,09:57:09,14.29,0.01,41,58589,买盘
2085,09:57:06,14.28,--,10,14280,买盘
2086,09:57:03,14.28,-0.02,30,42840,中性盘
2087,09:56:51,14.3,0.01,19,27170,买盘
2088,09:56:48,14.29,--,17,24850,卖盘
2089,09:56:45,14.29,--,33,47157,卖盘
2090,09:56:42,14.29,--,166,238085,买盘
2091,09:56:36,14.29,0.03,25,35725,买盘
2092,09:56:33,14.26,-0.03,83,118358,卖盘
2093,09:56:30,14.29,0.03,2,2858,买盘
2094,09:56:27,14.26,--,79,112654,卖盘
2095,09:56:24,14.26,--,212,302312,卖盘
2096,09:56:21,14.26,-0.03,46,65596,卖盘
2097,09:56:18,14.29,--,240,342960,买盘
2098,09:56:15,14.29,--,192,274925,卖盘
2099,09:56:12,14.29,0.02,122,175209,买盘
2100,09:56:09,14.27,--,23,32821,卖盘
2101,09:56:06,14.27,-0.02,500,713500,卖盘
2102,09:56:03,14.29,--,1,1429,买盘
2103,09:55:57,14.29,-0.01,96,137184,卖盘
2104,09:55:54,14.3,--,7,10010,买盘
2105,09:55:48,14.3,0.01,6,8580,买盘
2106,09:55:45,14.29,-0.01,16,22864,卖盘
2107,09:55:39,14.3,0.01,13,18590,买盘
2108,09:55:36,14.29,--,5,7145,买盘
2109,09:55:30,14.29,-0.01,45,64304,卖盘
2110,09:55:27,14.3,0.01,2,2860,买盘
2111,09:55:24,14.29,-0.01,5,7145,卖盘
2112,09:55:21,14.3,--,53,75790,买盘
2113,09:55:15,14.3,--,52,74360,买盘
2114,09:55:12,14.3,-0.02,4,5720,卖盘
2115,09:55:09,14.32,0.01,61,87352,买盘
2116,09:55:06,14.31,--,17,24327,买盘
2117,09:55:00,14.31,0.03,3,4293,买盘
2118,09:54:57,14.28,-0.03,23,32844,卖盘
2119,09:54:48,14.31,0.03,10,14310,买盘
2120,09:54:45,14.28,-0.03,10,14280,卖盘
2121,09:54:42,14.31,0.01,1,1431,买盘
2122,09:54:33,14.3,-0.01,5,7150,卖盘
2123,09:54:27,14.31,--,1,1431,买盘
2124,09:54:18,14.31,0.03,4,5724,买盘
2125,09:54:12,14.28,--,9,13580,买盘
2126,09:54:09,14.28,--,27,38556,买盘
2127,09:54:06,14.28,0.01,13,18564,买盘
2128,09:54:03,14.27,-0.01,51,72777,卖盘
2129,09:54:00,14.28,--,14,19992,买盘
2130,09:53:57,14.28,-0.03,392,560475,卖盘
2131,09:53:54,14.31,0.01,7,10017,买盘
2132,09:53:48,14.3,--,29,42199,买盘
2133,09:53:45,14.3,--,40,57200,买盘
2134,09:53:42,14.3,--,7,10010,买盘
2135,09:53:39,14.3,--,30,42900,买盘
2136,09:53:36,14.3,--,46,65780,买盘
2137,09:53:33,14.3,--,46,65780,买盘
2138,09:53:30,14.3,--,96,137280,买盘
2139,09:53:27,14.3,0.01,161,230230,买盘
2140,09:53:24,14.29,0.01,273,390117,买盘
2141,09:53:21,14.28,--,148,211344,买盘
2142,09:53:18,14.28,0.01,8,11424,买盘
2143,09:53:15,14.27,-0.01,4,5708,卖盘
2144,09:53:09,14.28,--,10,14280,买盘
2145,09:53:06,14.28,--,2,2856,买盘
2146,09:52:57,14.28,--,14,19992,买盘
2147,09:52:51,14.28,0.01,11,15708,买盘
2148,09:52:48,14.27,--,30,42810,卖盘
2149,09:52:45,14.27,-0.01,10,14270,卖盘
2150,09:52:42,14.28,--,13,18564,买盘
2151,09:52:36,14.28,--,16,22848,买盘
2152,09:52:33,14.28,--,9,12852,买盘
2153,09:52:27,14.28,--,37,52836,买盘
2154,09:52:24,14.28,--,10,14280,买盘
2155,09:52:21,14.28,--,20,28560,买盘
2156,09:52:18,14.28,-0.01,23,32844,卖盘
2157,09:52:15,14.29,--,10,14290,买盘
2158,09:52:12,14.29,0.01,356,509424,买盘
2159,09:52:09,14.28,-0.01,68,97104,卖盘
2160,09:52:06,14.29,0.01,11,15718,买盘
2161,09:52:03,14.28,-0.01,43,61404,卖盘
2162,09:51:54,14.29,0.01,122,174338,买盘
2163,09:51:48,14.28,--,100,143528,买盘
2164,09:51:45,14.28,0.01,181,258468,买盘
2165,09:51:42,14.27,-0.01,24,34248,卖盘
2166,09:51:39,14.28,--,1,1428,买盘
2167,09:51:36,14.28,--,10,14280,买盘
2168,09:51:30,14.28,--,1,1428,买盘
2169,09:51:21,14.28,--,3,4284,买盘
2170,09:51:18,14.28,--,11,15708,买盘
2171,09:51:15,14.28,--,4,5712,买盘
2172,09:51:12,14.28,--,20,28560,买盘
2173,09:51:09,14.28,--,4,5712,买盘
2174,09:51:06,14.28,--,9,12852,买盘
2175,09:51:03,14.28,--,5,7140,买盘
2176,09:51:00,14.28,--,31,44268,买盘
2177,09:50:57,14.28,--,23,32844,买盘
2178,09:50:54,14.28,--,4,5712,卖盘
2179,09:50:51,14.28,--,50,71400,买盘
2180,09:50:48,14.28,--,187,267036,买盘
2181,09:50:45,14.28,--,45,64260,买盘
2182,09:50:42,14.28,--,11,15708,买盘
2183,09:50:36,14.28,--,5,7140,买盘
2184,09:50:33,14.28,--,56,79968,买盘
2185,09:50:27,14.28,--,5,7140,买盘
2186,09:50:24,14.28,--,4,5712,买盘
2187,09:50:21,14.28,--,52,74256,买盘
2188,09:50:18,14.28,--,4,5712,买盘
2189,09:50:15,14.28,--,3,4284,买盘
2190,09:50:09,14.28,0.01,24,34272,买盘
2191,09:50:06,14.27,-0.01,17,24259,卖盘
2192,09:50:03,14.28,--,11,15708,买盘
2193,09:49:57,14.28,--,12,17136,买盘
2194,09:49:54,14.28,0.01,117,167076,买盘
2195,09:49:48,14.27,-0.01,29,41383,卖盘
2196,09:49:45,14.28,--,35,49980,买盘
2197,09:49:39,14.28,--,6,8568,买盘
2198,09:49:36,14.28,--,41,58548,卖盘
2199,09:49:33,14.28,-0.02,5,7140,卖盘
2200,09:49:30,14.3,0.02,2,2860,买盘
2201,09:49:24,14.28,-0.02,1,1428,卖盘
2202,09:49:21,14.3,0.02,11,15730,买盘
2203,09:49:18,14.28,-0.01,5,7140,卖盘
2204,09:49:15,14.29,0.03,18,25722,买盘
2205,09:49:12,14.26,-0.03,94,134044,卖盘
2206,09:49:06,14.29,--,61,87169,买盘
2207,09:49:00,14.29,--,28,40012,买盘
2208,09:48:57,14.29,--,505,721645,买盘
2209,09:48:51,14.29,0.01,62,88598,买盘
2210,09:48:45,14.28,-0.01,10,14280,卖盘
2211,09:48:42,14.29,--,42,60018,买盘
2212,09:48:39,14.29,--,7,10003,买盘
2213,09:48:36,14.29,-0.01,80,114320,卖盘
2214,09:48:33,14.3,--,9,12870,买盘
2215,09:48:30,14.3,--,12,17160,买盘
2216,09:48:27,14.3,--,83,118690,卖盘
2217,09:48:21,14.3,0.01,8,11440,买盘
2218,09:48:18,14.29,-0.01,14,20006,卖盘
2219,09:48:15,14.3,--,1,1430,买盘
2220,09:48:12,14.3,--,12,17160,买盘
2221,09:48:09,14.3,0.01,4,5720,买盘
2222,09:48:03,14.29,--,13,18577,卖盘
2223,09:48:00,14.29,-0.01,1,1429,卖盘
2224,09:47:57,14.3,0.01,23,32890,买盘
2225,09:47:54,14.29,--,2,2858,卖盘
2226,09:47:51,14.29,-0.01,21,30009,卖盘
2227,09:47:48,14.3,--,8,11440,买盘
2228,09:47:45,14.3,--,13,18590,买盘
2229,09:47:42,14.3,--,1,1430,买盘
2230,09:47:39,14.3,--,3,4290,买盘
2231,09:47:30,14.3,--,17,24310,买盘
2232,09:47:27,14.3,-0.01,12,17160,中性盘
2233,09:47:21,14.31,0.02,129,184599,买盘
2234,09:47:18,14.29,--,36,51444,买盘
2235,09:47:15,14.29,-0.02,1014,1449006,卖盘
2236,09:47:12,14.31,0.01,43,61533,买盘
2237,09:47:09,14.3,--,14,20020,买盘
2238,09:47:06,14.3,--,1,1430,买盘
2239,09:47:03,14.3,--,21,30030,买盘
2240,09:46:57,14.3,--,2,2860,买盘
2241,09:46:54,14.3,--,8,11440,买盘
2242,09:46:48,14.3,--,16,22880,买盘
2243,09:46:42,14.3,0.01,19,27170,买盘
2244,09:46:39,14.29,--,80,114320,买盘
2245,09:46:36,14.29,--,29,41441,买盘
2246,09:46:33,14.29,-0.01,73,104317,卖盘
2247,09:46:30,14.3,0.01,23,32890,买盘
2248,09:46:24,14.29,-0.01,100,142900,卖盘
2249,09:46:21,14.3,0.01,19,27170,买盘
2250,09:46:18,14.29,-0.01,10,14290,卖盘
2251,09:46:15,14.3,-0.01,1,1430,中性盘
2252,09:46:09,14.31,--,1,1431,买盘
2253,09:46:03,14.31,--,1,1431,买盘
2254,09:46:00,14.31,--,12,17172,买盘
2255,09:45:54,14.31,--,9,12879,买盘
2256,09:45:45,14.31,0.03,23,32913,买盘
2257,09:45:39,14.28,-0.03,62,88536,卖盘
2258,09:45:36,14.31,0.02,5,7155,买盘
2259,09:45:33,14.29,--,50,71450,买盘
2260,09:45:30,14.29,--,42,60018,买盘
2261,09:45:21,14.29,--,406,580174,卖盘
2262,09:45:12,14.29,-0.02,5,7145,卖盘
2263,09:45:06,14.31,--,1,1431,买盘
2264,09:44:57,14.31,--,11,15741,买盘
2265,09:44:48,14.31,0.02,42,60102,买盘
2266,09:44:45,14.29,-0.01,12,17148,卖盘
2267,09:44:42,14.3,--,62,88660,买盘
2268,09:44:39,14.3,--,10,14300,买盘
2269,09:44:36,14.3,-0.03,402,575346,卖盘
2270,09:44:33,14.33,0.02,12,17196,买盘
2271,09:44:30,14.31,-0.01,5,7155,卖盘
2272,09:44:24,14.32,0.01,8,11456,买盘
2273,09:44:21,14.31,-0.02,110,157410,卖盘
2274,09:44:18,14.33,0.01,4,5732,买盘
2275,09:44:15,14.32,--,76,108832,买盘
2276,09:44:09,14.32,--,1,1432,买盘
2277,09:44:06,14.32,--,32,45824,买盘
2278,09:44:03,14.32,--,5,7160,买盘
2279,09:44:00,14.32,--,3,4296,买盘
2280,09:43:54,14.32,0.01,8,11456,买盘
2281,09:43:48,14.31,--,26,37206,卖盘
2282,09:43:42,14.31,--,23,32913,卖盘
2283,09:43:39,14.31,-0.01,7,10017,卖盘
2284,09:43:36,14.32,--,1,1432,买盘
2285,09:43:27,14.32,0.01,10,14320,买盘
2286,09:43:06,14.31,-0.01,4,5724,卖盘
2287,09:42:57,14.32,0.01,7,10024,买盘
2288,09:42:51,14.31,-0.01,1,1431,卖盘
2289,09:42:48,14.32,--,3,4296,买盘
2290,09:42:42,14.32,0.01,5,7160,中性盘
2291,09:42:39,14.31,-0.02,23,32913,卖盘
2292,09:42:33,14.33,0.01,4,5732,买盘
2293,09:42:30,14.32,-0.01,4,5728,卖盘
2294,09:42:27,14.33,--,41,58753,买盘
2295,09:42:21,14.33,--,19,27227,买盘
2296,09:42:18,14.33,--,12,17196,买盘
2297,09:42:12,14.33,--,3,4299,买盘
2298,09:42:09,14.33,--,1,1433,买盘
2299,09:42:00,14.33,0.01,11,15763,买盘
2300,09:41:54,14.32,--,7,10024,买盘
2301,09:41:51,14.32,-0.01,6,8592,中性盘
2302,09:41:45,14.33,0.02,29,41557,买盘
2303,09:41:42,14.31,--,40,57240,卖盘
2304,09:41:36,14.31,--,292,418181,买盘
2305,09:41:30,14.31,0.01,5,7155,买盘
2306,09:41:21,14.3,-0.01,30,42900,卖盘
2307,09:41:18,14.31,0.01,16,22896,买盘
2308,09:41:15,14.3,-0.01,5,7150,卖盘
2309,09:41:12,14.31,--,5,7155,买盘
2310,09:41:09,14.31,--,3,4293,买盘
2311,09:41:06,14.31,--,48,68688,卖盘
2312,09:40:57,14.31,-0.01,37,52947,卖盘
2313,09:40:51,14.32,-0.01,50,71600,中性盘
2314,09:40:42,14.33,--,68,97444,买盘
2315,09:40:33,14.33,0.02,6,8598,买盘
2316,09:40:24,14.31,-0.01,78,111618,卖盘
2317,09:40:18,14.32,--,1,1432,买盘
2318,09:40:15,14.32,--,24,35642,卖盘
2319,09:40:12,14.32,-0.01,6,8592,卖盘
2320,09:40:09,14.33,--,6,8598,买盘
2321,09:40:06,14.33,0.01,3,4299,买盘
2322,09:40:00,14.32,-0.01,7,10024,卖盘
2323,09:39:57,14.33,--,42,60186,买盘
2324,09:39:54,14.33,0.01,6,8598,买盘
2325,09:39:45,14.32,-0.01,56,80192,卖盘
2326,09:39:39,14.33,0.01,10,14330,买盘
2327,09:39:36,14.32,--,10,14320,卖盘
2328,09:39:33,14.32,-0.01,12,17184,卖盘
2329,09:39:30,14.33,0.01,2,2866,买盘
2330,09:39:27,14.32,--,3,4296,卖盘
2331,09:39:24,14.32,-0.01,4,5728,卖盘
2332,09:39:21,14.33,--,12,17196,买盘
2333,09:39:15,14.33,--,1,1433,买盘
2334,09:39:12,14.33,-0.01,7,10031,卖盘
2335,09:39:09,14.34,--,8,11472,买盘
2336,09:39:06,14.34,0.01,2,2868,买盘
2337,09:39:03,14.33,-0.01,9,12897,卖盘
2338,09:38:57,14.34,--,3,4302,买盘
2339,09:38:51,14.34,-0.01,17,24378,买盘
2340,09:38:48,14.35,0.02,6,8610,买盘
2341,09:38:45,14.33,--,2,2866,卖盘
2342,09:38:42,14.33,-0.01,19,27227,卖盘
2343,09:38:39,14.34,0.01,3,4302,买盘
2344,09:38:36,14.33,-0.01,49,70217,卖盘
2345,09:38:33,14.34,--,61,87474,买盘
2346,09:38:27,14.34,--,13,18642,买盘
2347,09:38:24,14.34,--,9,12906,买盘
2348,09:38:18,14.34,0.02,26,37284,中性盘
2349,09:38:09,14.32,-0.02,70,100240,卖盘
2350,09:38:06,14.34,--,146,209521,买盘
2351,09:38:00,14.34,--,14,20076,买盘
2352,09:37:54,14.34,--,5,7170,买盘
2353,09:37:51,14.34,--,6,8604,买盘
2354,09:37:48,14.34,--,20,28680,买盘
2355,09:37:45,14.34,0.02,53,76002,买盘
2356,09:37:36,14.32,--,69,98808,卖盘
2357,09:37:30,14.32,-0.02,130,186160,卖盘
2358,09:37:27,14.34,--,35,50190,买盘
2359,09:37:24,14.34,--,33,47322,买盘
2360,09:37:21,14.34,0.02,12,17208,买盘
2361,09:37:18,14.32,-0.02,73,104536,卖盘
2362,09:37:15,14.34,--,34,48756,买盘
2363,09:37:12,14.34,0.02,6,8604,买盘
2364,09:37:09,14.32,-0.02,10,14320,卖盘
2365,09:37:03,14.34,--,57,81738,买盘
2366,09:37:00,14.34,0.04,4,5736,买盘
2367,09:36:57,14.3,-0.04,506,724852,卖盘
2368,09:36:54,14.34,--,4,5736,卖盘
2369,09:36:51,14.34,--,25,36007,买盘
2370,09:36:48,14.34,--,2,2868,买盘
2371,09:36:45,14.34,--,7,10038,买盘
2372,09:36:42,14.34,0.02,42,60228,买盘
2373,09:36:39,14.32,-0.02,7,10024,买盘
2374,09:36:33,14.34,-0.01,21,30114,买盘
2375,09:36:27,14.35,--,47,67445,买盘
2376,09:36:24,14.35,--,4,5740,买盘
2377,09:36:21,14.35,0.04,5,7175,买盘
2378,09:36:18,14.31,-0.04,100,143100,卖盘
2379,09:36:15,14.35,0.01,6,8610,买盘
2380,09:36:12,14.34,-0.01,9,12906,卖盘
2381,09:36:09,14.35,0.01,25,35875,买盘
2382,09:36:06,14.34,--,37,53058,买盘
2383,09:36:03,14.34,--,7,10038,买盘
2384,09:36:00,14.34,0.02,173,249028,买盘
2385,09:35:57,14.32,--,15,21480,买盘
2386,09:35:54,14.32,--,61,87352,买盘
2387,09:35:51,14.32,--,9,12888,买盘
2388,09:35:48,14.32,0.01,55,78760,买盘
2389,09:35:45,14.31,--,24,34344,买盘
2390,09:35:42,14.31,0.01,17,24327,买盘
2391,09:35:39,14.3,-0.01,10,14300,卖盘
2392,09:35:36,14.31,--,13,18603,买盘
2393,09:35:33,14.31,-0.01,21,30051,中性盘
2394,09:35:27,14.32,--,9,12888,买盘
2395,09:35:24,14.32,0.01,44,63008,买盘
2396,09:35:21,14.31,-0.01,12,17172,中性盘
2397,09:35:15,14.32,0.01,89,127448,买盘
2398,09:35:12,14.31,--,65,93015,买盘
2399,09:35:06,14.31,--,8,11448,买盘
2400,09:35:03,14.31,0.01,7,10017,中性盘
2401,09:35:00,14.3,-0.02,35,50050,卖盘
2402,09:34:57,14.32,0.02,555,794760,买盘
2403,09:34:54,14.3,-0.01,23,32890,卖盘
2404,09:34:51,14.31,-0.01,8,11448,卖盘
2405,09:34:48,14.32,--,8,11456,买盘
2406,09:34:42,14.32,--,5,7160,买盘
2407,09:34:39,14.32,0.02,66,94512,买盘
2408,09:34:33,14.3,--,33,47190,卖盘
2409,09:34:30,14.3,--,148,211640,卖盘
2410,09:34:27,14.3,-0.01,6,8580,卖盘
2411,09:34:24,14.31,--,96,137376,买盘
2412,09:34:15,14.31,--,4,5724,买盘
2413,09:34:12,14.31,--,4,5724,买盘
2414,09:34:09,14.31,0.01,256,366336,买盘
2415,09:34:06,14.3,--,19,27170,买盘
2416,09:34:03,14.3,--,6,8580,买盘
2417,09:34:00,14.3,--,13,18590,买盘
2418,09:33:57,14.3,0.01,8,11440,买盘
2419,09:33:54,14.29,-0.01,19,27151,卖盘
2420,09:33:51,14.3,--,3,4290,买盘
2421,09:33:45,14.3,0.02,12,17160,买盘
2422,09:33:42,14.28,-0.02,10,14280,卖盘
2423,09:33:39,14.3,0.02,11,15730,买盘
2424,09:33:36,14.28,--,79,112812,卖盘
2425,09:33:33,14.28,--,10,14280,卖盘
2426,09:33:30,14.28,--,686,979608,买盘
2427,09:33:27,14.28,--,43,61404,买盘
2428,09:33:24,14.28,--,8,11424,买盘
2429,09:33:21,14.28,--,26,37128,买盘
2430,09:33:18,14.28,--,50,71400,买盘
2431,09:33:15,14.28,0.01,14,19992,买盘
2432,09:33:12,14.27,-0.01,22,31394,卖盘
2433,09:33:09,14.28,--,11,15708,买盘
2434,09:33:06,14.28,0.01,45,64260,买盘
2435,09:33:03,14.27,--,20,28540,买盘
2436,09:32:57,14.27,--,46,65642,买盘
2437,09:32:51,14.27,0.02,9,12843,买盘
2438,09:32:48,14.25,-0.02,18,25650,卖盘
2439,09:32:45,14.27,--,39,55653,买盘
2440,09:32:42,14.27,--,40,57080,买盘
2441,09:32:39,14.27,--,50,71350,买盘
2442,09:32:36,14.27,--,82,117014,买盘
2443,09:32:33,14.27,--,206,293962,买盘
2444,09:32:30,14.27,0.02,96,136992,买盘
2445,09:32:27,14.25,-0.02,41,58425,卖盘
2446,09:32:24,14.27,--,126,179802,买盘
2447,09:32:21,14.27,--,46,65642,买盘
2448,09:32:15,14.27,--,22,31394,买盘
2449,09:32:09,14.27,--,3,4281,买盘
2450,09:32:06,14.27,-0.01,56,79912,卖盘
2451,09:32:00,14.28,--,1,1428,买盘
2452,09:31:57,14.28,0.01,11,15708,买盘
2453,09:31:54,14.27,-0.01,7,9989,卖盘
2454,09:31:45,14.28,--,18,25704,买盘
2455,09:31:36,14.28,0.03,150,214200,买盘
2456,09:31:30,14.25,-0.03,22,31350,卖盘
2457,09:31:27,14.28,0.02,65,92820,买盘
2458,09:31:24,14.26,-0.04,27,38502,卖盘
2459,09:31:21,14.3,0.01,69,98670,买盘
2460,09:31:18,14.29,--,25,35725,买盘
2461,09:31:15,14.29,0.03,31,44299,卖盘
2462,09:31:12,14.26,-0.03,505,720130,卖盘
2463,09:31:09,14.29,--,70,100030,卖盘
2464,09:31:06,14.29,--,101,144329,卖盘
2465,09:31:03,14.29,--,15,21435,卖盘
2466,09:31:00,14.29,-0.01,22,31437,卖盘
2467,09:30:57,14.3,--,52,74360,买盘
2468,09:30:54,14.3,--,51,72930,买盘
2469,09:30:51,14.3,0.01,10,14300,买盘
2470,09:30:48,14.29,-0.01,10,14290,卖盘
2471,09:30:45,14.3,0.01,28,40040,买盘
2472,09:30:39,14.29,--,31,44299,卖盘
2473,09:30:33,14.29,--,19,27151,卖盘
2474,09:30:30,14.29,-0.01,80,114320,卖盘
2475,09:30:27,14.3,0.01,7,10010,买盘
2476,09:30:24,14.29,--,23,32867,卖盘
2477,09:30:21,14.29,--,8,11432,卖盘
2478,09:30:18,14.29,-0.01,118,168622,卖盘
2479,09:30:15,14.3,--,382,546260,买盘
2480,09:30:12,14.3,--,34,48620,买盘
2481,09:30:09,14.3,--,50,71500,买盘
2482,09:30:06,14.3,--,237,338910,买盘
2483,09:30:03,14.3,--,1107,1583010,卖盘
2484,09:30:00,14.3,--,0,0,卖盘
2485,09:25:03,14.3,14.3,424,606320,买盘
