,time,price,change,volume,amount,type
0,15:00:03,10.28,--,2421,2489497,买盘
1,14:57:00,10.28,--,48,49344,买盘
2,14:56:57,10.28,--,91,93548,买盘
3,14:56:54,10.28,--,17,17476,买盘
4,14:56:51,10.28,--,116,119247,买盘
5,14:56:42,10.28,0.01,59,60651,买盘
6,14:56:39,10.27,--,9,9243,卖盘
7,14:56:36,10.27,-0.01,15,15405,卖盘
8,14:56:33,10.28,--,2,2056,买盘
9,14:56:30,10.28,--,14,14392,买盘
10,14:56:27,10.28,--,36,37008,买盘
11,14:56:24,10.28,0.01,31,31867,买盘
12,14:56:18,10.27,-0.01,1,1027,卖盘
13,14:56:15,10.28,--,12,12336,买盘
14,14:56:12,10.28,0.01,14,14392,买盘
15,14:56:09,10.27,--,42,43134,卖盘
16,14:56:06,10.27,--,34,34918,卖盘
17,14:56:00,10.27,--,104,106808,卖盘
18,14:55:57,10.27,-0.01,444,455988,卖盘
19,14:55:54,10.28,0.01,51,52428,买盘
20,14:55:48,10.27,--,63,64701,卖盘
21,14:55:45,10.27,-0.01,160,164320,卖盘
22,14:55:39,10.28,0.01,156,160368,买盘
23,14:55:36,10.27,-0.01,114,117078,卖盘
24,14:55:30,10.28,--,414,425592,买盘
25,14:55:27,10.28,--,31,31867,买盘
26,14:55:24,10.28,--,21,21588,买盘
27,14:55:21,10.28,--,2,2056,买盘
28,14:55:15,10.28,0.01,216,222048,买盘
29,14:55:12,10.27,--,55,56485,卖盘
30,14:55:09,10.27,--,647,664469,卖盘
31,14:55:03,10.27,--,40,41080,卖盘
32,14:55:00,10.27,--,14,14378,卖盘
33,14:54:57,10.27,--,100,102700,卖盘
34,14:54:51,10.27,-0.01,47,48269,卖盘
35,14:54:48,10.28,0.01,38,39064,买盘
36,14:54:45,10.27,--,66,67782,买盘
37,14:54:42,10.27,--,151,155077,买盘
38,14:54:39,10.27,--,10,10270,买盘
39,14:54:36,10.27,0.01,26,26702,买盘
40,14:54:33,10.26,-0.01,47,48222,卖盘
41,14:54:30,10.27,--,569,584363,买盘
42,14:54:27,10.27,--,49,50323,买盘
43,14:54:24,10.27,--,93,95511,买盘
44,14:54:21,10.27,--,53,54431,买盘
45,14:54:18,10.27,--,333,341991,买盘
46,14:54:15,10.27,--,23,23621,买盘
47,14:54:12,10.27,--,20,20540,买盘
48,14:54:09,10.27,0.01,36,36972,买盘
49,14:54:06,10.26,-0.01,25,25650,卖盘
50,14:54:00,10.27,--,2,2054,买盘
51,14:53:57,10.27,0.01,24,24648,买盘
52,14:53:54,10.26,-0.01,172,176472,卖盘
53,14:53:51,10.27,--,20,20540,买盘
54,14:53:48,10.27,--,31,31837,买盘
55,14:53:45,10.27,--,110,112970,买盘
56,14:53:36,10.27,--,1002,1029054,买盘
57,14:53:33,10.27,0.01,60,61620,买盘
58,14:53:30,10.26,-0.01,4,4104,卖盘
59,14:53:27,10.27,0.01,51,52377,买盘
60,14:53:24,10.26,--,16,16416,卖盘
61,14:53:21,10.26,--,1891,1940237,买盘
62,14:53:18,10.26,--,103,105678,买盘
63,14:53:15,10.26,--,105,107730,买盘
64,14:53:12,10.26,--,54,55404,买盘
65,14:53:09,10.26,--,356,365256,买盘
66,14:53:06,10.26,--,40,41040,买盘
67,14:53:03,10.26,--,121,124146,买盘
68,14:53:00,10.26,--,445,456570,买盘
69,14:52:57,10.26,--,108,110808,买盘
70,14:52:54,10.26,--,396,406296,买盘
71,14:52:51,10.26,--,14,14364,买盘
72,14:52:48,10.26,--,84,86184,买盘
73,14:52:45,10.26,--,50,51300,买盘
74,14:52:39,10.26,--,36,36936,买盘
75,14:52:36,10.26,--,1944,1994544,买盘
76,14:52:33,10.26,--,152,156423,买盘
77,14:52:30,10.26,--,109,111834,买盘
78,14:52:27,10.26,--,144,147744,买盘
79,14:52:24,10.26,--,20,20520,买盘
80,14:52:21,10.26,--,7,7182,买盘
81,14:52:18,10.26,--,20,20520,买盘
82,14:52:15,10.26,--,102,104652,买盘
83,14:52:12,10.26,--,17,17442,买盘
84,14:52:09,10.26,-0.01,1704,1749258,卖盘
85,14:52:06,10.27,0.01,26,26702,买盘
86,14:52:03,10.26,-0.01,51,52326,卖盘
87,14:52:00,10.27,--,19,19513,买盘
88,14:51:57,10.27,--,420,431340,买盘
89,14:51:54,10.27,--,177,181779,卖盘
90,14:51:51,10.27,--,2,2054,卖盘
91,14:51:48,10.27,-0.01,2,2054,卖盘
92,14:51:45,10.28,--,5010,5150280,买盘
93,14:51:42,10.28,0.01,15,15419,买盘
94,14:51:39,10.27,--,30,30810,卖盘
95,14:51:36,10.27,-0.01,12,12324,卖盘
96,14:51:33,10.28,0.01,6,6168,买盘
97,14:51:30,10.27,-0.01,3010,3091270,卖盘
98,14:51:27,10.28,0.01,10,10280,买盘
99,14:51:24,10.27,--,20,21299,卖盘
100,14:51:21,10.27,-0.01,2,2054,卖盘
101,14:51:18,10.28,0.01,49,50372,买盘
102,14:51:15,10.27,--,2010,2064270,卖盘
103,14:51:12,10.27,-0.01,1,1027,卖盘
104,14:51:09,10.28,--,11,11308,买盘
105,14:51:06,10.28,--,6,6168,买盘
106,14:51:00,10.28,0.01,11,11308,买盘
107,14:50:57,10.27,-0.01,15,16319,卖盘
108,14:50:54,10.28,0.01,20,20560,买盘
109,14:50:51,10.27,--,20,20540,卖盘
110,14:50:48,10.27,--,5,5135,卖盘
111,14:50:42,10.27,-0.01,3,3081,卖盘
112,14:50:39,10.28,0.01,10,10280,买盘
113,14:50:36,10.27,--,10,10270,卖盘
114,14:50:33,10.27,--,5,5135,卖盘
115,14:50:27,10.27,--,1,1027,卖盘
116,14:50:21,10.27,-0.01,53,54431,卖盘
117,14:50:18,10.28,--,3,3084,买盘
118,14:50:15,10.28,--,29,29811,买盘
119,14:50:12,10.28,0.01,18,18504,买盘
120,14:50:06,10.27,--,510,523770,卖盘
121,14:50:03,10.27,--,228,234156,卖盘
122,14:49:57,10.27,--,1,1027,卖盘
123,14:49:54,10.27,-0.01,1,1612,卖盘
124,14:49:51,10.28,--,2,2056,买盘
125,14:49:42,10.28,0.01,123,126443,买盘
126,14:49:27,10.27,-0.01,22,22594,卖盘
127,14:49:24,10.28,0.01,10,10280,买盘
128,14:49:18,10.27,-0.01,2,2054,卖盘
129,14:49:15,10.28,--,14,14392,买盘
130,14:49:12,10.28,--,4,4112,买盘
131,14:49:03,10.28,0.01,9,9827,买盘
132,14:49:00,10.27,--,10,10270,卖盘
133,14:48:57,10.27,-0.01,103,105781,卖盘
134,14:48:54,10.28,0.01,52,53456,买盘
135,14:48:42,10.27,-0.01,1,1027,卖盘
136,14:48:39,10.28,0.01,30,30839,买盘
137,14:48:36,10.27,-0.01,2,2054,卖盘
138,14:48:30,10.28,0.01,5,5140,买盘
139,14:48:27,10.27,--,2,2054,卖盘
140,14:48:24,10.27,-0.01,41,42107,卖盘
141,14:48:15,10.28,0.01,3,3084,买盘
142,14:48:12,10.27,-0.01,1,1027,卖盘
143,14:48:06,10.28,0.01,2,2056,买盘
144,14:48:00,10.27,--,245,252190,卖盘
145,14:47:57,10.27,--,4,4108,卖盘
146,14:47:54,10.27,-0.01,1,1027,卖盘
147,14:47:51,10.28,--,149,153172,买盘
148,14:47:48,10.28,0.01,10,10280,买盘
149,14:47:42,10.27,-0.01,1,1027,卖盘
150,14:47:39,10.28,--,2,2056,买盘
151,14:47:30,10.28,0.01,11,11308,买盘
152,14:47:27,10.27,--,2,2054,卖盘
153,14:47:24,10.27,--,24,24648,卖盘
154,14:47:21,10.27,--,3,3081,卖盘
155,14:47:18,10.27,-0.01,1,1027,卖盘
156,14:47:15,10.28,0.01,21,21588,买盘
157,14:47:12,10.27,--,11,11297,卖盘
158,14:47:09,10.27,--,100,102700,卖盘
159,14:47:06,10.27,--,3338,3428126,卖盘
160,14:47:03,10.27,--,1,1602,卖盘
161,14:46:57,10.27,-0.01,1,1027,卖盘
162,14:46:51,10.28,--,7,7196,买盘
163,14:46:42,10.28,--,5,5140,买盘
164,14:46:36,10.28,0.01,14,14392,买盘
165,14:46:27,10.27,-0.01,3,3081,卖盘
166,14:46:18,10.28,0.01,3,3084,买盘
167,14:46:12,10.27,--,1,1027,卖盘
168,14:46:03,10.27,--,1,1612,卖盘
169,14:46:00,10.27,--,134,137618,卖盘
170,14:45:57,10.27,-0.01,2,2054,卖盘
171,14:45:54,10.28,--,152,156256,买盘
172,14:45:51,10.28,0.01,46,47288,买盘
173,14:45:48,10.27,-0.01,11,11297,卖盘
174,14:45:42,10.28,--,9,9252,买盘
175,14:45:39,10.28,--,30,30839,买盘
176,14:45:36,10.28,--,25,25700,买盘
177,14:45:33,10.28,--,2,2056,买盘
178,14:45:30,10.28,0.01,2,2056,买盘
179,14:45:24,10.27,-0.01,1,1027,卖盘
180,14:45:15,10.28,--,10,10280,买盘
181,14:45:06,10.28,--,132,136682,卖盘
182,14:45:00,10.28,--,234,241168,买盘
183,14:44:54,10.28,--,71,72988,买盘
184,14:44:51,10.28,--,7,7196,买盘
185,14:44:45,10.28,--,321,329988,买盘
186,14:44:39,10.28,--,5,5140,买盘
187,14:44:36,10.28,--,40,41120,买盘
188,14:44:30,10.28,--,1,1028,买盘
189,14:44:27,10.28,-0.01,715,735431,卖盘
190,14:44:18,10.29,0.01,21,21609,买盘
191,14:44:12,10.28,--,286,294583,卖盘
192,14:44:09,10.28,--,30,30839,卖盘
193,14:44:06,10.28,--,49,50372,卖盘
194,14:44:03,10.28,-0.01,23,23644,卖盘
195,14:44:00,10.29,0.01,186,191393,买盘
196,14:43:57,10.28,--,64,65792,卖盘
197,14:43:54,10.28,-0.01,110,113080,卖盘
198,14:43:51,10.29,0.01,31,31898,买盘
199,14:43:48,10.28,--,49,50372,卖盘
200,14:43:42,10.28,--,12,12336,卖盘
201,14:43:39,10.28,--,26,26728,卖盘
202,14:43:36,10.28,-0.01,240,247645,卖盘
203,14:43:33,10.29,0.01,2,2058,买盘
204,14:43:30,10.28,-0.01,721,741188,卖盘
205,14:43:27,10.29,0.01,7,7202,买盘
206,14:43:21,10.28,--,169,173732,卖盘
207,14:43:15,10.28,--,100,102800,卖盘
208,14:43:12,10.28,-0.01,20,20560,卖盘
209,14:43:09,10.29,--,51,53055,买盘
210,14:43:06,10.29,0.01,10,10290,买盘
211,14:43:03,10.28,-0.01,167,171676,卖盘
212,14:42:57,10.29,0.01,53,54536,买盘
213,14:42:51,10.28,-0.01,15,15419,卖盘
214,14:42:48,10.29,0.01,43,44246,买盘
215,14:42:45,10.28,-0.01,10,10280,卖盘
216,14:42:42,10.29,0.01,453,466136,买盘
217,14:42:39,10.28,-0.01,17,17476,卖盘
218,14:42:33,10.29,0.01,1,1029,买盘
219,14:42:27,10.28,--,2,2056,卖盘
220,14:42:24,10.28,--,66,67848,卖盘
221,14:42:21,10.28,-0.01,500,513999,卖盘
222,14:42:18,10.29,--,4,4116,买盘
223,14:42:12,10.29,0.01,57,59239,买盘
224,14:42:09,10.28,-0.01,10,10280,卖盘
225,14:42:00,10.29,0.01,2,2058,买盘
226,14:41:57,10.28,--,11,11308,卖盘
227,14:41:45,10.28,--,1,1028,卖盘
228,14:41:42,10.28,-0.01,1,1028,卖盘
229,14:41:39,10.29,0.01,1,1029,买盘
230,14:41:36,10.28,-0.01,4,4112,卖盘
231,14:41:33,10.29,0.01,12,12347,买盘
232,14:41:27,10.28,--,2,2056,卖盘
233,14:41:21,10.28,-0.01,5,5140,卖盘
234,14:41:15,10.29,0.01,300,308700,买盘
235,14:41:12,10.28,--,1,1028,卖盘
236,14:41:09,10.28,--,21,22163,卖盘
237,14:41:06,10.28,-0.01,7,7196,卖盘
238,14:41:03,10.29,0.01,11,11318,买盘
239,14:40:57,10.28,-0.01,201,206628,卖盘
240,14:40:51,10.29,0.01,1,1029,买盘
241,14:40:48,10.28,-0.01,520,534560,卖盘
242,14:40:42,10.29,--,16,16464,买盘
243,14:40:36,10.29,0.01,6,6173,买盘
244,14:40:33,10.28,--,54,55512,卖盘
245,14:40:27,10.28,--,2,2056,卖盘
246,14:40:18,10.28,--,1,1603,卖盘
247,14:40:12,10.28,--,1,1028,卖盘
248,14:40:09,10.28,--,7,7196,卖盘
249,14:40:06,10.28,--,12,12336,卖盘
250,14:40:03,10.28,-0.01,19,19532,卖盘
251,14:40:00,10.29,0.01,4,4116,买盘
252,14:39:57,10.28,-0.01,3,3084,卖盘
253,14:39:54,10.29,0.01,200,205799,买盘
254,14:39:51,10.28,--,491,504747,卖盘
255,14:39:42,10.28,--,512,526336,卖盘
256,14:39:39,10.28,--,150,154200,卖盘
257,14:39:36,10.28,-0.01,2,2056,卖盘
258,14:39:33,10.29,--,1,1029,买盘
259,14:39:30,10.29,0.01,2,2058,买盘
260,14:39:27,10.28,--,1,1028,卖盘
261,14:39:24,10.28,--,2,2056,卖盘
262,14:39:18,10.28,--,1,1613,卖盘
263,14:39:12,10.28,-0.01,1,1028,卖盘
264,14:39:06,10.29,0.01,10,10290,买盘
265,14:39:03,10.28,--,6,6168,卖盘
266,14:38:57,10.28,--,2,2056,卖盘
267,14:38:54,10.28,--,3,3084,卖盘
268,14:38:48,10.28,-0.01,240,246719,卖盘
269,14:38:45,10.29,--,30,30869,买盘
270,14:38:42,10.29,0.01,2,2058,买盘
271,14:38:36,10.28,--,2123,2182444,卖盘
272,14:38:33,10.28,-0.01,7,7196,卖盘
273,14:38:30,10.29,0.01,10,10290,买盘
274,14:38:27,10.28,--,1,1028,卖盘
275,14:38:21,10.28,-0.01,21,22163,卖盘
276,14:38:15,10.29,0.01,110,113189,买盘
277,14:38:12,10.28,--,1,1028,卖盘
278,14:38:09,10.28,--,7,7196,卖盘
279,14:38:06,10.28,-0.01,3,3084,卖盘
280,14:38:03,10.29,--,2,2058,买盘
281,14:37:57,10.29,--,5,5145,买盘
282,14:37:51,10.29,0.01,1,1029,买盘
283,14:37:48,10.28,--,51,52715,卖盘
284,14:37:45,10.28,--,1,1028,卖盘
285,14:37:42,10.28,--,11,11308,卖盘
286,14:37:39,10.28,--,1,1028,卖盘
287,14:37:36,10.28,-0.01,7,7196,卖盘
288,14:37:33,10.29,--,2,2058,买盘
289,14:37:30,10.29,0.01,130,133770,买盘
290,14:37:27,10.28,--,1,1028,卖盘
291,14:37:15,10.28,--,3,3659,卖盘
292,14:37:12,10.28,--,1,1028,卖盘
293,14:37:09,10.28,--,111,114108,卖盘
294,14:37:03,10.28,-0.01,9,9252,卖盘
295,14:37:00,10.29,0.01,202,207857,买盘
296,14:36:57,10.28,-0.01,1,1028,卖盘
297,14:36:54,10.29,0.01,6,6173,买盘
298,14:36:51,10.28,-0.01,3,3176,卖盘
299,14:36:48,10.29,0.01,6,6173,买盘
300,14:36:45,10.28,--,9,9252,卖盘
301,14:36:42,10.28,--,5,5140,卖盘
302,14:36:33,10.28,-0.01,82,84296,卖盘
303,14:36:30,10.29,0.01,218,224321,买盘
304,14:36:27,10.28,--,2,2056,卖盘
305,14:36:21,10.28,-0.01,1,1603,卖盘
306,14:36:18,10.29,0.01,10,10290,买盘
307,14:36:12,10.28,--,3,3084,卖盘
308,14:36:09,10.28,--,7,7196,卖盘
309,14:36:03,10.28,-0.01,3,3084,卖盘
310,14:36:00,10.29,0.01,2,2058,买盘
311,14:35:57,10.28,-0.01,7,7278,卖盘
312,14:35:45,10.29,0.01,20,20580,买盘
313,14:35:42,10.28,--,21,21588,卖盘
314,14:35:39,10.28,-0.01,12,12336,卖盘
315,14:35:33,10.29,0.01,1,1029,买盘
316,14:35:27,10.28,--,2,2056,卖盘
317,14:35:21,10.28,0.01,224,230467,买盘
318,14:35:18,10.27,-0.01,21,22152,卖盘
319,14:35:15,10.28,--,2,2056,买盘
320,14:35:12,10.28,--,318,327736,卖盘
321,14:35:09,10.28,--,4,4112,卖盘
322,14:35:06,10.28,-0.01,204,209712,卖盘
323,14:35:03,10.29,0.01,1,1029,买盘
324,14:34:57,10.28,--,4,4194,卖盘
325,14:34:54,10.28,--,60,61679,卖盘
326,14:34:51,10.28,--,10,10280,卖盘
327,14:34:48,10.28,0.01,49,50485,买盘
328,14:34:45,10.27,-0.01,1,1027,卖盘
329,14:34:42,10.28,--,2,2056,买盘
330,14:34:39,10.28,--,2,2056,买盘
331,14:34:36,10.28,--,44,45232,买盘
332,14:34:33,10.28,--,86,88408,买盘
333,14:34:30,10.28,--,20,20560,买盘
334,14:34:27,10.28,0.01,46,47288,买盘
335,14:34:21,10.27,-0.01,2465,2532130,卖盘
336,14:34:18,10.28,--,524,538672,买盘
337,14:34:15,10.28,0.01,510,524279,买盘
338,14:34:12,10.27,-0.01,1,1027,卖盘
339,14:34:09,10.28,--,7,7196,买盘
340,14:34:06,10.28,--,20,20560,买盘
341,14:34:00,10.28,--,7,7278,买盘
342,14:33:57,10.28,--,7,7196,买盘
343,14:33:54,10.28,--,21,21588,买盘
344,14:33:51,10.28,--,11,11308,买盘
345,14:33:48,10.28,--,98,100744,买盘
346,14:33:42,10.28,0.01,9,9252,买盘
347,14:33:36,10.27,--,10,10270,卖盘
348,14:33:33,10.27,-0.01,157,161239,卖盘
349,14:33:30,10.28,--,6,6743,买盘
350,14:33:27,10.28,--,32,32896,买盘
351,14:33:21,10.28,--,38,39064,买盘
352,14:33:18,10.28,--,295,303260,买盘
353,14:33:15,10.28,0.01,10,10280,买盘
354,14:33:12,10.27,-0.01,1,1027,卖盘
355,14:33:06,10.28,0.01,10,10280,买盘
356,14:33:03,10.27,-0.01,8,8216,卖盘
357,14:33:00,10.28,--,30,30839,买盘
358,14:32:57,10.28,--,5639,5797806,卖盘
359,14:32:54,10.28,--,100,102800,卖盘
360,14:32:48,10.28,--,2,2056,卖盘
361,14:32:45,10.28,--,48,49344,卖盘
362,14:32:42,10.28,-0.01,1,1028,卖盘
363,14:32:39,10.29,0.01,30,30869,买盘
364,14:32:36,10.28,-0.01,7,7196,卖盘
365,14:32:33,10.29,--,82,84964,买盘
366,14:32:30,10.29,--,36,37044,买盘
367,14:32:27,10.29,--,51,52478,买盘
368,14:32:24,10.29,--,82,84378,买盘
369,14:32:21,10.29,0.01,10,10290,买盘
370,14:32:15,10.28,--,84,86352,卖盘
371,14:32:12,10.28,-0.01,8,8224,卖盘
372,14:32:09,10.29,0.01,22,22637,买盘
373,14:32:06,10.28,-0.01,3,3166,卖盘
374,14:32:03,10.29,--,30,30869,买盘
375,14:31:57,10.29,0.01,109,112160,买盘
376,14:31:51,10.28,--,51,52428,卖盘
377,14:31:42,10.28,--,1,1028,卖盘
378,14:31:39,10.28,-0.01,7,7196,卖盘
379,14:31:36,10.29,0.01,20,20580,买盘
380,14:31:33,10.28,--,1,1603,卖盘
381,14:31:27,10.28,--,1,1028,卖盘
382,14:31:24,10.28,--,1,1028,卖盘
383,14:31:21,10.28,--,7,7196,卖盘
384,14:31:15,10.28,--,10,10280,卖盘
385,14:31:12,10.28,-0.01,9,9252,卖盘
386,14:31:09,10.29,0.01,5,5145,买盘
387,14:31:03,10.28,--,3,3166,卖盘
388,14:30:57,10.28,--,1,1028,卖盘
389,14:30:54,10.28,-0.01,2,2056,卖盘
390,14:30:42,10.29,0.01,6,6173,买盘
391,14:30:36,10.28,--,5,5140,卖盘
392,14:30:33,10.28,--,48,50186,买盘
393,14:30:27,10.28,--,112,115136,买盘
394,14:30:24,10.28,--,162,166536,买盘
395,14:30:21,10.28,--,7,7196,买盘
396,14:30:18,10.28,--,8,8224,买盘
397,14:30:15,10.28,--,1068,1097904,买盘
398,14:30:12,10.28,--,41,42148,买盘
399,14:30:09,10.28,--,4,4194,买盘
400,14:30:06,10.28,--,17,17476,买盘
401,14:29:57,10.28,0.01,210,215880,买盘
402,14:29:54,10.27,-0.01,4,4108,卖盘
403,14:29:51,10.28,--,155,159340,买盘
404,14:29:42,10.28,0.01,7,7196,买盘
405,14:29:33,10.27,-0.01,51,52952,卖盘
406,14:29:30,10.28,0.01,71,72988,买盘
407,14:29:27,10.27,--,30,30810,卖盘
408,14:29:24,10.27,--,2,2054,卖盘
409,14:29:15,10.27,-0.01,1,1027,卖盘
410,14:29:12,10.28,0.01,30,30839,买盘
411,14:29:09,10.27,--,14,14378,卖盘
412,14:29:06,10.27,--,3,3163,卖盘
413,14:29:00,10.27,--,3,3594,卖盘
414,14:28:54,10.27,-0.01,22,22594,卖盘
415,14:28:45,10.28,0.01,53,54484,买盘
416,14:28:33,10.27,--,3,3666,卖盘
417,14:28:30,10.27,-0.01,41,42107,卖盘
418,14:28:27,10.28,0.01,25,25700,买盘
419,14:28:24,10.27,-0.01,1,1027,卖盘
420,14:28:15,10.28,--,10,10280,买盘
421,14:28:12,10.28,--,1,1028,买盘
422,14:28:09,10.28,--,2,2056,买盘
423,14:28:06,10.28,--,30,30839,买盘
424,14:28:03,10.28,--,188,194024,卖盘
425,14:28:00,10.28,--,1,1028,卖盘
426,14:27:57,10.28,-0.01,10,10794,卖盘
427,14:27:54,10.29,0.01,9,9261,买盘
428,14:27:48,10.28,-0.01,100,102800,卖盘
429,14:27:42,10.29,--,12,12347,买盘
430,14:27:39,10.29,--,39,40131,买盘
431,14:27:36,10.29,0.01,10,10290,买盘
432,14:27:33,10.28,--,2,2631,卖盘
433,14:27:27,10.28,-0.01,1,1028,卖盘
434,14:27:24,10.29,--,1020,1049580,买盘
435,14:27:21,10.29,0.01,20,20580,买盘
436,14:27:15,10.28,-0.01,3,3166,卖盘
437,14:27:12,10.29,0.01,8,8232,买盘
438,14:27:06,10.28,--,109,112052,卖盘
439,14:27:03,10.28,-0.01,8,8748,卖盘
440,14:27:00,10.29,0.01,10,10290,买盘
441,14:26:57,10.28,--,2,2056,卖盘
442,14:26:51,10.28,--,20,20560,卖盘
443,14:26:45,10.28,--,1,1028,卖盘
444,14:26:42,10.28,--,1175,1208527,买盘
445,14:26:39,10.28,0.01,18,18504,买盘
446,14:26:36,10.27,-0.01,35,36520,卖盘
447,14:26:33,10.28,0.01,66,67848,买盘
448,14:26:30,10.27,-0.01,1,1027,卖盘
449,14:26:27,10.28,--,100,102800,买盘
450,14:26:18,10.28,--,32,32978,买盘
451,14:26:15,10.28,0.01,5036,5177008,买盘
452,14:26:12,10.27,-0.01,1,1027,卖盘
453,14:26:06,10.28,0.01,43,44718,买盘
454,14:25:57,10.27,--,7,7189,卖盘
455,14:25:54,10.27,-0.01,2,2054,卖盘
456,14:25:51,10.28,0.01,9,9252,买盘
457,14:25:48,10.27,-0.01,1,1027,卖盘
458,14:25:45,10.28,--,12,12336,买盘
459,14:25:42,10.28,0.01,11,11308,买盘
460,14:25:39,10.27,--,41,42682,卖盘
461,14:25:33,10.27,-0.01,2,2054,卖盘
462,14:25:30,10.28,0.01,9,9252,买盘
463,14:25:27,10.27,-0.01,1,1027,卖盘
464,14:25:21,10.28,0.01,210,215880,买盘
465,14:25:15,10.27,--,37,38081,卖盘
466,14:25:12,10.27,--,1,1027,卖盘
467,14:25:06,10.27,-0.01,36,37485,卖盘
468,14:24:57,10.28,0.01,11,11308,买盘
469,14:24:45,10.27,--,29,29783,卖盘
470,14:24:42,10.27,--,2,2639,卖盘
471,14:24:39,10.27,-0.01,10,10270,卖盘
472,14:24:36,10.28,0.01,9,9252,买盘
473,14:24:33,10.27,--,2,2054,卖盘
474,14:24:27,10.27,-0.01,49,51247,卖盘
475,14:24:24,10.28,--,39,40092,买盘
476,14:24:21,10.28,--,1,1028,买盘
477,14:24:18,10.28,0.01,61,62790,买盘
478,14:24:15,10.27,-0.01,12,12324,卖盘
479,14:24:12,10.28,0.01,18,19028,买盘
480,14:24:09,10.27,-0.01,3050,3132350,卖盘
481,14:24:06,10.28,--,40,41120,买盘
482,14:24:03,10.28,0.01,18,18504,买盘
483,14:24:00,10.27,--,10,10270,卖盘
484,14:23:57,10.27,-0.01,1,1027,卖盘
485,14:23:51,10.28,0.01,23,23644,买盘
486,14:23:42,10.27,-0.01,11,11872,卖盘
487,14:23:39,10.28,--,1,1028,买盘
488,14:23:33,10.28,--,10,10280,买盘
489,14:23:30,10.28,0.01,5,5140,买盘
490,14:23:27,10.27,-0.01,2,2054,卖盘
491,14:23:24,10.28,--,43,44204,买盘
492,14:23:21,10.28,--,97,99808,买盘
493,14:23:18,10.28,--,10,10280,买盘
494,14:23:15,10.28,--,30,30839,买盘
495,14:23:12,10.28,--,59,61165,买盘
496,14:23:06,10.28,--,9,9252,买盘
497,14:23:03,10.28,0.01,1016,1044447,买盘
498,14:22:57,10.27,-0.01,32,32864,卖盘
499,14:22:54,10.28,0.01,545,560260,买盘
500,14:22:45,10.27,-0.01,20,20540,卖盘
501,14:22:42,10.28,0.01,14,14392,买盘
502,14:22:33,10.27,-0.01,21,21567,卖盘
503,14:22:30,10.28,0.01,32,32896,买盘
504,14:22:27,10.27,-0.01,1,1027,卖盘
505,14:22:24,10.28,0.01,12,12418,买盘
506,14:22:21,10.27,-0.01,29,29783,卖盘
507,14:22:18,10.28,0.01,1,1028,买盘
508,14:22:12,10.27,-0.01,10,10270,卖盘
509,14:22:09,10.28,0.01,11,11308,买盘
510,14:22:06,10.27,-0.01,16,16945,卖盘
511,14:22:03,10.28,0.01,1,1028,买盘
512,14:21:57,10.27,-0.01,11,11297,卖盘
513,14:21:48,10.28,--,12,12336,买盘
514,14:21:45,10.28,0.01,17,17476,买盘
515,14:21:42,10.27,-0.01,11,11297,卖盘
516,14:21:39,10.28,--,40,41120,买盘
517,14:21:33,10.28,-0.01,2404,2471569,卖盘
518,14:21:30,10.29,0.01,10,10290,买盘
519,14:21:27,10.28,-0.01,1,1028,卖盘
520,14:21:24,10.29,0.01,39,40213,买盘
521,14:21:15,10.28,-0.01,48,49868,卖盘
522,14:21:12,10.29,--,10,10290,买盘
523,14:21:09,10.29,--,89,91580,买盘
524,14:21:03,10.29,--,14,14405,买盘
525,14:21:00,10.29,--,10,10290,买盘
526,14:20:57,10.29,--,18,18522,买盘
527,14:20:54,10.29,--,10,10290,买盘
528,14:20:42,10.29,0.01,11,11318,买盘
529,14:20:27,10.28,--,14,14474,卖盘
530,14:20:24,10.28,--,2,2056,卖盘
531,14:20:18,10.28,--,16,16962,卖盘
532,14:20:12,10.28,-0.01,16,16448,卖盘
533,14:20:09,10.29,--,9,9261,买盘
534,14:20:03,10.29,--,2,2058,买盘
535,14:19:57,10.29,--,61,62768,买盘
536,14:19:51,10.29,0.01,67,68943,买盘
537,14:19:42,10.28,--,1,1028,卖盘
538,14:19:27,10.28,--,1,1028,卖盘
539,14:19:24,10.28,-0.01,3,3166,卖盘
540,14:19:18,10.29,--,13,13891,买盘
541,14:19:15,10.29,0.01,11,11318,买盘
542,14:19:12,10.28,--,1,1028,卖盘
543,14:19:09,10.28,-0.01,12,12336,卖盘
544,14:19:06,10.29,0.01,10,10290,买盘
545,14:19:03,10.28,--,12,12336,买盘
546,14:19:00,10.28,--,75,77100,买盘
547,14:18:57,10.28,--,217,223076,卖盘
548,14:18:48,10.28,--,115,118219,买盘
549,14:18:45,10.28,0.01,16,16448,买盘
550,14:18:42,10.27,-0.01,5,5135,卖盘
551,14:18:39,10.28,--,35,35980,买盘
552,14:18:33,10.28,0.01,110,113080,买盘
553,14:18:30,10.27,-0.01,23,23713,卖盘
554,14:18:24,10.28,-0.01,26,26728,买盘
555,14:18:21,10.29,0.01,8,8232,买盘
556,14:18:18,10.28,--,9,9776,卖盘
557,14:18:15,10.28,-0.01,8,8738,卖盘
558,14:18:12,10.29,--,14,14405,买盘
559,14:18:06,10.29,0.01,5,5145,买盘
560,14:18:03,10.28,--,12,13353,买盘
561,14:18:00,10.28,0.01,80,82240,买盘
562,14:17:54,10.27,-0.01,1,1027,卖盘
563,14:17:48,10.28,0.01,33,33924,买盘
564,14:17:42,10.27,-0.01,5,5135,卖盘
565,14:17:39,10.28,--,5,5140,买盘
566,14:17:36,10.28,--,173,177844,买盘
567,14:17:33,10.28,--,691,710769,卖盘
568,14:17:27,10.28,--,14,14474,卖盘
569,14:17:24,10.28,-0.01,1,1028,卖盘
570,14:17:18,10.29,--,17,18017,买盘
571,14:17:15,10.29,0.01,100,102899,买盘
572,14:17:12,10.28,-0.01,5,5140,卖盘
573,14:17:09,10.29,--,9,9261,买盘
574,14:17:03,10.29,--,2,2058,买盘
575,14:17:00,10.29,0.01,138,142002,买盘
576,14:16:57,10.28,--,301,309428,卖盘
577,14:16:54,10.28,--,205,210740,卖盘
578,14:16:51,10.28,--,54,55512,买盘
579,14:16:48,10.28,--,591,607548,买盘
580,14:16:45,10.28,0.01,40,41120,买盘
581,14:16:42,10.27,-0.01,40,41080,卖盘
582,14:16:39,10.28,--,7,7196,买盘
583,14:16:36,10.28,--,30,30839,买盘
584,14:16:33,10.28,--,37,38118,买盘
585,14:16:27,10.28,0.01,55,56540,买盘
586,14:16:24,10.27,-0.01,11,11810,卖盘
587,14:16:21,10.28,--,30,30839,买盘
588,14:16:15,10.28,0.01,10,10280,买盘
589,14:16:12,10.27,-0.01,508,521716,卖盘
590,14:16:09,10.28,--,44,45232,买盘
591,14:16:06,10.28,--,34,34952,买盘
592,14:16:03,10.28,--,15,15419,买盘
593,14:16:00,10.28,--,5,5140,买盘
594,14:15:54,10.28,--,12,12336,买盘
595,14:15:51,10.28,0.01,30,30839,买盘
596,14:15:48,10.27,-0.01,9,9243,卖盘
597,14:15:45,10.28,--,6,6168,买盘
598,14:15:42,10.28,--,9,9252,买盘
599,14:15:39,10.28,0.01,8,8224,买盘
600,14:15:33,10.27,-0.01,19,19595,卖盘
601,14:15:30,10.28,--,30,30839,买盘
602,14:15:27,10.28,0.01,34,34952,买盘
603,14:15:24,10.27,-0.01,14,14891,卖盘
604,14:15:18,10.28,--,9,9252,买盘
605,14:15:15,10.28,0.01,80,82240,买盘
606,14:15:12,10.27,-0.01,4,4108,卖盘
607,14:15:09,10.28,0.01,9,9252,买盘
608,14:15:06,10.27,--,50,51350,卖盘
609,14:15:03,10.27,-0.01,1,1027,卖盘
610,14:15:00,10.28,--,2,2056,买盘
611,14:14:57,10.28,--,1,1028,买盘
612,14:14:54,10.28,0.01,12,12336,买盘
613,14:14:51,10.27,--,143,146861,卖盘
614,14:14:48,10.27,--,830,852410,卖盘
615,14:14:42,10.27,-0.01,5,5135,卖盘
616,14:14:36,10.28,--,5,5232,买盘
617,14:14:33,10.28,--,10,10280,买盘
618,14:14:24,10.28,0.01,12,12336,买盘
619,14:14:21,10.27,--,8,8739,卖盘
620,14:14:12,10.27,-0.01,4,4108,卖盘
621,14:14:09,10.28,--,11,11308,买盘
622,14:14:03,10.28,--,2,2056,买盘
623,14:14:00,10.28,0.01,10,10280,买盘
624,14:13:54,10.27,-0.01,4,4108,卖盘
625,14:13:51,10.28,0.01,9,9252,买盘
626,14:13:45,10.27,--,10,10270,卖盘
627,14:13:42,10.27,--,29,29783,卖盘
628,14:13:39,10.27,--,7,7189,买盘
629,14:13:36,10.27,--,11,11297,卖盘
630,14:13:33,10.27,--,109,112025,买盘
631,14:13:30,10.27,0.01,83,85241,买盘
632,14:13:24,10.26,-0.01,9,9747,卖盘
633,14:13:21,10.27,--,5,5135,买盘
634,14:13:18,10.27,--,5,5135,买盘
635,14:13:15,10.27,--,356,365612,卖盘
636,14:13:12,10.27,--,45,46215,买盘
637,14:13:06,10.27,--,58,59566,卖盘
638,14:13:03,10.27,--,68,69836,卖盘
639,14:12:57,10.27,-0.01,51,52377,卖盘
640,14:12:54,10.28,0.01,9,9252,买盘
641,14:12:51,10.27,0.01,80,82160,买盘
642,14:12:42,10.26,-0.01,5,5130,卖盘
643,14:12:39,10.27,--,848,871152,卖盘
644,14:12:36,10.27,--,3,3163,卖盘
645,14:12:33,10.27,--,1000,1027000,卖盘
646,14:12:30,10.27,-0.01,26,27215,卖盘
647,14:12:27,10.28,0.01,3,3084,买盘
648,14:12:24,10.27,--,89,91403,卖盘
649,14:12:12,10.27,-0.01,4,4108,卖盘
650,14:12:03,10.28,--,30,30839,买盘
651,14:12:00,10.28,0.01,3,3084,买盘
652,14:11:54,10.27,-0.01,3,3081,卖盘
653,14:11:51,10.28,0.01,4,4112,买盘
654,14:11:48,10.27,-0.01,2,2054,卖盘
655,14:11:45,10.28,0.01,210,215880,买盘
656,14:11:42,10.27,--,6,6162,卖盘
657,14:11:36,10.27,-0.01,27,27811,卖盘
658,14:11:33,10.28,--,18,19028,买盘
659,14:11:30,10.28,--,246,252887,买盘
660,14:11:27,10.28,0.01,25,25700,买盘
661,14:11:24,10.27,-0.01,2,2054,卖盘
662,14:11:21,10.28,--,2,2056,买盘
663,14:11:12,10.28,--,32,32896,买盘
664,14:11:09,10.28,--,21,21588,买盘
665,14:11:03,10.28,0.01,6,6168,买盘
666,14:11:00,10.27,-0.01,10,10270,卖盘
667,14:10:57,10.28,0.01,11,11308,买盘
668,14:10:54,10.27,--,1523,1564121,卖盘
669,14:10:48,10.27,-0.01,29,29783,卖盘
670,14:10:45,10.28,0.01,25,25700,买盘
671,14:10:42,10.27,--,8,8216,卖盘
672,14:10:39,10.27,-0.01,3,3163,卖盘
673,14:10:36,10.28,0.01,56,57568,买盘
674,14:10:33,10.27,-0.01,8,8729,卖盘
675,14:10:27,10.28,0.01,26,26728,买盘
676,14:10:24,10.27,-0.01,2,2054,卖盘
677,14:10:18,10.28,--,13,13364,买盘
678,14:10:12,10.28,--,325,334871,卖盘
679,14:10:09,10.28,--,507,521195,卖盘
680,14:10:06,10.28,--,37,38036,卖盘
681,14:10:00,10.28,--,12,12336,卖盘
682,14:09:57,10.28,--,1512,1554336,卖盘
683,14:09:54,10.28,-0.01,2,2056,卖盘
684,14:09:51,10.29,--,20,20580,买盘
685,14:09:48,10.29,0.01,7,7202,买盘
686,14:09:42,10.28,-0.01,208,213916,卖盘
687,14:09:39,10.29,--,6,6173,买盘
688,14:09:36,10.29,--,18,19036,买盘
689,14:09:30,10.29,--,16,16464,买盘
690,14:09:27,10.29,0.01,19,19551,买盘
691,14:09:24,10.28,--,3,3084,卖盘
692,14:09:21,10.28,-0.01,135,139746,卖盘
693,14:09:15,10.29,--,10,10290,买盘
694,14:09:12,10.29,--,12,12347,买盘
695,14:09:09,10.29,0.01,10,10290,买盘
696,14:09:06,10.28,--,3,3084,卖盘
697,14:09:03,10.28,-0.01,2,2056,卖盘
698,14:08:54,10.29,--,11,11318,买盘
699,14:08:48,10.29,--,55,56594,买盘
700,14:08:45,10.29,0.01,74,76146,买盘
701,14:08:42,10.28,-0.01,3,3166,卖盘
702,14:08:36,10.29,0.01,103,105986,买盘
703,14:08:33,10.28,--,18,19028,卖盘
704,14:08:24,10.28,-0.01,3,3084,卖盘
705,14:08:21,10.29,--,10,10290,买盘
706,14:08:18,10.29,--,204,209915,买盘
707,14:08:09,10.29,--,110,113189,买盘
708,14:08:03,10.29,--,22,22637,买盘
709,14:07:57,10.29,0.01,11,11318,买盘
710,14:07:54,10.28,--,2,2056,卖盘
711,14:07:51,10.28,-0.01,5,5140,卖盘
712,14:07:48,10.29,0.01,10,10290,买盘
713,14:07:45,10.28,--,3,3166,卖盘
714,14:07:42,10.28,-0.01,33,33924,卖盘
715,14:07:39,10.29,--,10,10804,买盘
716,14:07:36,10.29,0.01,9,9261,买盘
717,14:07:33,10.28,-0.01,13,13364,卖盘
718,14:07:30,10.29,0.01,2,2058,买盘
719,14:07:27,10.28,--,80,82445,卖盘
720,14:07:24,10.28,--,2,2056,卖盘
721,14:07:21,10.28,-0.01,4,4112,卖盘
722,14:07:15,10.29,0.01,10,10290,买盘
723,14:07:12,10.28,-0.01,12,12336,卖盘
724,14:07:06,10.29,0.01,13,13376,买盘
725,14:06:57,10.28,-0.01,10,10280,卖盘
726,14:06:54,10.29,0.01,14,14405,买盘
727,14:06:51,10.28,--,4,4112,卖盘
728,14:06:45,10.28,-0.01,80,82240,卖盘
729,14:06:42,10.29,0.01,9,9261,买盘
730,14:06:39,10.28,-0.01,8,8738,卖盘
731,14:06:33,10.29,--,3,3086,买盘
732,14:06:30,10.29,0.01,13,13376,买盘
733,14:06:27,10.28,-0.01,1552,1595456,卖盘
734,14:06:24,10.29,0.01,51,52478,买盘
735,14:06:21,10.28,-0.01,5,5140,卖盘
736,14:06:12,10.29,--,10,10290,买盘
737,14:05:57,10.29,--,18,18522,买盘
738,14:05:54,10.29,0.01,42,43218,买盘
739,14:05:48,10.28,-0.01,13,13364,卖盘
740,14:05:45,10.29,0.01,58,59681,买盘
741,14:05:42,10.28,-0.01,32,33410,卖盘
742,14:05:36,10.29,--,209,215060,买盘
743,14:05:33,10.29,--,4,4116,买盘
744,14:05:27,10.29,--,21,21609,买盘
745,14:05:24,10.29,0.01,41,42189,买盘
746,14:05:21,10.28,--,5,5140,卖盘
747,14:05:15,10.28,-0.01,509,523251,卖盘
748,14:05:09,10.29,--,9,9261,买盘
749,14:05:03,10.29,--,4,4116,买盘
750,14:05:00,10.29,--,2,2058,买盘
751,14:04:54,10.29,--,41,42189,买盘
752,14:04:51,10.29,--,15,15434,买盘
753,14:04:42,10.29,0.01,9,9261,买盘
754,14:04:36,10.28,-0.01,8,8748,卖盘
755,14:04:33,10.29,--,4,4116,买盘
756,14:04:30,10.29,0.01,9,9261,买盘
757,14:04:27,10.28,-0.01,21,21588,卖盘
758,14:04:24,10.29,0.01,43,44246,买盘
759,14:04:21,10.28,--,4,4112,卖盘
760,14:04:18,10.28,--,15,15419,卖盘
761,14:04:06,10.28,-0.01,19,19532,卖盘
762,14:04:03,10.29,0.01,2,2058,买盘
763,14:04:00,10.28,-0.01,2321,2385988,卖盘
764,14:03:57,10.29,--,9,9261,买盘
765,14:03:54,10.29,0.01,12,12347,买盘
766,14:03:51,10.28,--,10,10280,卖盘
767,14:03:48,10.28,-0.01,10,10280,卖盘
768,14:03:45,10.29,0.01,10,10290,买盘
769,14:03:42,10.28,-0.01,8,8738,卖盘
770,14:03:33,10.29,--,13,13376,买盘
771,14:03:30,10.29,--,1,1029,买盘
772,14:03:24,10.29,0.01,12,12347,买盘
773,14:03:18,10.28,--,4,4112,卖盘
774,14:03:15,10.28,-0.01,30,30839,卖盘
775,14:03:12,10.29,--,9,9261,买盘
776,14:03:09,10.29,0.01,36,37044,买盘
777,14:03:03,10.28,-0.01,28,28784,卖盘
778,14:03:00,10.29,0.01,6,6173,买盘
779,14:02:54,10.28,-0.01,4,4112,卖盘
780,14:02:51,10.29,0.01,15,15434,买盘
781,14:02:48,10.28,--,52,54103,卖盘
782,14:02:42,10.28,-0.01,18,19018,卖盘
783,14:02:33,10.29,--,2,2058,买盘
784,14:02:30,10.29,--,27,27782,买盘
785,14:02:27,10.29,0.01,85,87465,买盘
786,14:02:24,10.28,--,3,3084,卖盘
787,14:02:21,10.28,-0.01,3685,3788179,卖盘
788,14:02:18,10.29,0.01,109,112160,买盘
789,14:02:15,10.28,-0.01,2,2056,卖盘
790,14:02:12,10.29,0.01,26,26753,买盘
791,14:02:09,10.28,-0.01,166,170648,卖盘
792,14:02:06,10.29,--,558,574182,买盘
793,14:01:54,10.29,0.01,13,13376,买盘
794,14:01:51,10.28,-0.01,5,5140,卖盘
795,14:01:48,10.29,0.01,155,159495,买盘
796,14:01:42,10.28,-0.01,18,19028,卖盘
797,14:01:33,10.29,--,10,10290,买盘
798,14:01:30,10.29,0.01,109,112160,买盘
799,14:01:24,10.28,-0.01,2,2056,卖盘
800,14:01:21,10.29,0.01,95,97754,买盘
801,14:01:18,10.28,-0.01,6,6168,卖盘
802,14:01:15,10.29,--,13,13376,买盘
803,14:01:12,10.29,0.01,13,13376,买盘
804,14:01:09,10.28,-0.01,258,265224,卖盘
805,14:01:06,10.29,--,10,10290,买盘
806,14:00:54,10.29,0.01,13,13376,买盘
807,14:00:51,10.28,-0.01,2,2056,卖盘
808,14:00:48,10.29,--,41,42189,买盘
809,14:00:45,10.29,--,18,19036,买盘
810,14:00:42,10.29,0.01,10,10290,买盘
811,14:00:39,10.28,--,200,205600,卖盘
812,14:00:36,10.28,--,23,23644,卖盘
813,14:00:33,10.28,-0.01,200,205600,卖盘
814,14:00:30,10.29,0.01,111,114218,买盘
815,14:00:27,10.28,-0.01,22,22616,卖盘
816,14:00:24,10.29,--,89,91580,买盘
817,14:00:18,10.29,0.01,66,67914,买盘
818,14:00:15,10.28,-0.01,16,16448,卖盘
819,14:00:12,10.29,0.01,200,205799,买盘
820,14:00:09,10.28,-0.01,81,83473,卖盘
821,14:00:06,10.29,0.01,4,4116,买盘
822,14:00:03,10.28,--,28,28784,卖盘
823,13:59:51,10.28,-0.02,795,817691,卖盘
824,13:59:48,10.3,0.01,11,11330,买盘
825,13:59:42,10.29,--,12,12347,卖盘
826,13:59:36,10.29,--,100,102899,卖盘
827,13:59:27,10.29,--,15,15434,卖盘
828,13:59:24,10.29,--,49,50420,卖盘
829,13:59:21,10.29,-0.01,90,92609,卖盘
830,13:59:18,10.3,0.01,9,9270,买盘
831,13:59:15,10.29,--,110,114116,卖盘
832,13:59:12,10.29,--,8,8232,卖盘
833,13:59:09,10.29,-0.01,43,44246,卖盘
834,13:59:06,10.3,0.01,26,26780,买盘
835,13:59:03,10.29,--,97,99812,卖盘
836,13:59:00,10.29,--,4,4116,卖盘
837,13:58:57,10.29,--,14,14405,卖盘
838,13:58:54,10.29,-0.01,27,27782,卖盘
839,13:58:51,10.3,0.01,10,10300,买盘
840,13:58:48,10.29,--,5,5145,卖盘
841,13:58:45,10.29,--,29,29840,卖盘
842,13:58:42,10.29,-0.01,59,60710,卖盘
843,13:58:39,10.3,--,1,1030,买盘
844,13:58:30,10.3,0.01,24,24720,买盘
845,13:58:27,10.29,--,1001,1030028,卖盘
846,13:58:24,10.29,-0.01,62,63797,卖盘
847,13:58:18,10.3,0.01,10,10300,买盘
848,13:58:15,10.29,--,4,4116,卖盘
849,13:58:12,10.29,--,8,8232,卖盘
850,13:58:09,10.29,-0.01,64,65856,卖盘
851,13:58:00,10.3,0.01,10,10300,买盘
852,13:57:57,10.29,-0.01,4,4116,卖盘
853,13:57:54,10.3,--,5,5150,买盘
854,13:57:51,10.3,0.01,10,10300,买盘
855,13:57:45,10.29,--,1,1029,卖盘
856,13:57:42,10.29,-0.01,1,1029,卖盘
857,13:57:36,10.3,0.01,10,10300,买盘
858,13:57:33,10.29,-0.01,107,110102,卖盘
859,13:57:30,10.3,0.01,5,5150,买盘
860,13:57:27,10.29,-0.01,1,1029,卖盘
861,13:57:21,10.3,--,10,10300,买盘
862,13:57:12,10.3,--,41,42230,买盘
863,13:57:03,10.3,0.01,14,14420,买盘
864,13:56:57,10.29,-0.01,6,6173,卖盘
865,13:56:54,10.3,0.01,10,10300,买盘
866,13:56:42,10.29,-0.01,1,1029,卖盘
867,13:56:39,10.3,0.01,10,10300,买盘
868,13:56:36,10.29,-0.01,10,10290,卖盘
869,13:56:33,10.3,--,9,9270,买盘
870,13:56:30,10.3,--,5,5150,买盘
871,13:56:27,10.3,0.01,8,8240,买盘
872,13:56:21,10.29,-0.01,2,2058,卖盘
873,13:56:15,10.3,--,11,11330,买盘
874,13:56:12,10.3,--,11,11330,买盘
875,13:56:00,10.3,0.01,25,25750,买盘
876,13:55:57,10.29,-0.01,2,2058,卖盘
877,13:55:54,10.3,--,10,10300,买盘
878,13:55:51,10.3,--,2,2060,买盘
879,13:55:42,10.3,0.01,10,10300,买盘
880,13:55:30,10.29,--,2,2058,卖盘
881,13:55:27,10.29,-0.01,101,103928,卖盘
882,13:55:24,10.3,0.01,1,1030,买盘
883,13:55:12,10.29,-0.01,1,1029,卖盘
884,13:55:09,10.3,0.01,10,10300,买盘
885,13:54:57,10.29,-0.01,1,1029,卖盘
886,13:54:54,10.3,0.01,1,1030,买盘
887,13:54:48,10.29,--,5,5145,卖盘
888,13:54:42,10.29,--,1,1029,卖盘
889,13:54:39,10.29,-0.01,42,43218,卖盘
890,13:54:30,10.3,0.01,2,2060,买盘
891,13:54:27,10.29,--,2,2058,卖盘
892,13:54:24,10.29,-0.01,71,73059,卖盘
893,13:54:18,10.3,0.01,4,4120,买盘
894,13:54:12,10.29,-0.01,1,1029,卖盘
895,13:54:09,10.3,--,9,9270,买盘
896,13:54:06,10.3,0.01,1,1030,买盘
897,13:54:00,10.29,--,1,1029,卖盘
898,13:53:57,10.29,--,10,10290,卖盘
899,13:53:51,10.29,-0.01,15,15434,卖盘
900,13:53:48,10.3,--,2,2060,买盘
901,13:53:45,10.3,0.01,13,13390,买盘
902,13:53:42,10.29,-0.01,1,1029,卖盘
903,13:53:36,10.3,--,1,1030,买盘
904,13:53:33,10.3,0.01,9,9270,买盘
905,13:53:27,10.29,-0.01,16,16464,卖盘
906,13:53:24,10.3,--,12,12360,买盘
907,13:53:15,10.3,--,3,3090,买盘
908,13:53:12,10.3,0.01,10,10300,买盘
909,13:53:09,10.29,-0.01,19,19551,卖盘
910,13:53:03,10.3,0.01,11,11330,买盘
911,13:52:57,10.29,-0.01,2,2058,卖盘
912,13:52:54,10.3,--,2,2060,买盘
913,13:52:51,10.3,--,19,19570,买盘
914,13:52:45,10.3,--,50,51500,买盘
915,13:52:42,10.3,0.01,22,22660,买盘
916,13:52:39,10.29,-0.01,18,18522,卖盘
917,13:52:30,10.3,0.01,11,11330,买盘
918,13:52:27,10.29,--,1,1029,卖盘
919,13:52:24,10.29,-0.01,81,83349,卖盘
920,13:52:21,10.3,--,2,2060,买盘
921,13:52:18,10.3,--,9,9270,买盘
922,13:52:15,10.3,0.01,30,30900,买盘
923,13:52:12,10.29,-0.01,1,1029,卖盘
924,13:52:09,10.3,--,1,1030,买盘
925,13:52:06,10.3,--,9,9270,买盘
926,13:52:03,10.3,--,4,4120,买盘
927,13:52:00,10.3,0.01,1,1030,买盘
928,13:51:57,10.29,-0.01,20,20580,卖盘
929,13:51:48,10.3,--,222,228660,买盘
930,13:51:45,10.3,0.01,27,27810,买盘
931,13:51:42,10.29,-0.01,21,21609,卖盘
932,13:51:36,10.3,--,2,2060,买盘
933,13:51:33,10.3,--,12,12360,买盘
934,13:51:30,10.3,0.01,4,4120,买盘
935,13:51:27,10.29,-0.01,9,9261,卖盘
936,13:51:24,10.3,--,6,6180,买盘
937,13:51:21,10.3,--,9,9270,买盘
938,13:51:18,10.3,--,9,9270,买盘
939,13:51:15,10.3,0.01,1,1030,买盘
940,13:51:12,10.29,-0.01,3,3086,卖盘
941,13:51:03,10.3,--,5,5150,买盘
942,13:51:00,10.3,0.01,10,10300,买盘
943,13:50:57,10.29,-0.01,2,2058,卖盘
944,13:50:54,10.3,--,4,4120,买盘
945,13:50:48,10.3,--,9,9270,买盘
946,13:50:45,10.3,0.01,74,76220,买盘
947,13:50:42,10.29,-0.01,2,2058,卖盘
948,13:50:39,10.3,--,10,10300,买盘
949,13:50:33,10.3,--,4,4120,买盘
950,13:50:30,10.3,--,97,99910,买盘
951,13:50:27,10.3,--,11,11330,买盘
952,13:50:18,10.3,0.01,11,11330,买盘
953,13:50:12,10.29,-0.01,2,2058,卖盘
954,13:50:09,10.3,--,1,1030,买盘
955,13:50:06,10.3,--,13,13390,买盘
956,13:50:03,10.3,--,13,13390,买盘
957,13:49:57,10.3,--,13,13390,买盘
958,13:49:48,10.3,0.01,1,1030,买盘
959,13:49:45,10.29,-0.01,35,36015,卖盘
960,13:49:42,10.3,--,12,12360,买盘
961,13:49:36,10.3,--,64,65920,买盘
962,13:49:33,10.3,0.01,13,13390,买盘
963,13:49:27,10.29,-0.01,3,3086,卖盘
964,13:49:24,10.3,0.01,9,9270,买盘
965,13:49:18,10.29,-0.01,2,2058,卖盘
966,13:49:12,10.3,--,13,13390,买盘
967,13:49:03,10.3,--,5,5150,买盘
968,13:49:00,10.3,0.01,10,10300,买盘
969,13:48:57,10.29,-0.01,1,1029,卖盘
970,13:48:51,10.3,--,2,2060,买盘
971,13:48:48,10.3,--,10,10300,买盘
972,13:48:42,10.3,--,6,6180,买盘
973,13:48:36,10.3,0.01,9,9270,买盘
974,13:48:33,10.29,-0.01,114,117305,卖盘
975,13:48:30,10.3,--,1,1030,买盘
976,13:48:27,10.3,0.01,10,10300,买盘
977,13:48:24,10.29,-0.01,105,108044,卖盘
978,13:48:21,10.3,--,1,1030,买盘
979,13:48:18,10.3,--,1,1030,买盘
980,13:48:15,10.3,0.01,12,12360,买盘
981,13:48:12,10.29,-0.01,1,1029,卖盘
982,13:48:06,10.3,--,2,2060,买盘
983,13:48:03,10.3,0.01,32,33660,买盘
984,13:47:57,10.29,--,9,9261,买盘
985,13:47:54,10.29,0.01,10,10290,买盘
986,13:47:51,10.28,-0.01,10,10280,卖盘
987,13:47:48,10.29,--,1,1029,买盘
988,13:47:39,10.29,--,10,10290,买盘
989,13:47:33,10.29,-0.01,7,7614,卖盘
990,13:47:30,10.3,0.01,22,22660,买盘
991,13:47:27,10.29,-0.01,2,2058,卖盘
992,13:47:21,10.3,--,11,11330,买盘
993,13:47:18,10.3,0.01,13,13390,买盘
994,13:47:15,10.29,--,7,7202,卖盘
995,13:47:12,10.29,-0.01,1,1029,卖盘
996,13:47:09,10.3,0.01,10,10300,买盘
997,13:47:03,10.29,--,33,34574,买盘
998,13:47:00,10.29,0.01,9,9261,买盘
999,13:46:57,10.28,--,3,3084,卖盘
1000,13:46:54,10.28,-0.01,11,11308,卖盘
1001,13:46:51,10.29,--,10,10290,买盘
1002,13:46:48,10.29,--,9,9261,买盘
1003,13:46:36,10.29,0.01,10,10290,买盘
1004,13:46:30,10.28,-0.01,174,179283,卖盘
1005,13:46:27,10.29,-0.01,11,11318,卖盘
1006,13:46:24,10.3,--,1,1030,买盘
1007,13:46:12,10.3,0.01,11,11948,买盘
1008,13:46:09,10.29,0.01,20,20580,买盘
1009,13:46:06,10.28,-0.01,20,20560,卖盘
1010,13:46:03,10.29,0.01,10,10290,买盘
1011,13:46:00,10.28,-0.01,10,10280,卖盘
1012,13:45:57,10.29,--,2,2058,买盘
1013,13:45:54,10.29,--,24,24695,买盘
1014,13:45:51,10.29,--,20,20580,买盘
1015,13:45:45,10.29,-0.01,13,13376,买盘
1016,13:45:42,10.3,0.01,47,48410,买盘
1017,13:45:39,10.29,--,1,1029,买盘
1018,13:45:33,10.29,--,20,20580,买盘
1019,13:45:30,10.29,--,9,9261,买盘
1020,13:45:24,10.29,--,206,211973,卖盘
1021,13:45:21,10.29,--,48,49391,卖盘
1022,13:45:18,10.29,--,12,12347,买盘
1023,13:45:09,10.29,0.01,16,16464,买盘
1024,13:45:03,10.28,-0.01,79,81212,卖盘
1025,13:45:00,10.29,--,11,11318,买盘
1026,13:44:57,10.29,--,10,10290,买盘
1027,13:44:51,10.29,--,10,10290,买盘
1028,13:44:45,10.29,--,156,160524,卖盘
1029,13:44:42,10.29,--,13,13376,买盘
1030,13:44:36,10.29,--,10,10290,买盘
1031,13:44:33,10.29,--,15,15434,买盘
1032,13:44:21,10.29,--,168,173098,卖盘
1033,13:44:18,10.29,-0.01,303,311787,卖盘
1034,13:44:15,10.3,0.01,11,11330,买盘
1035,13:44:12,10.29,--,3,3086,卖盘
1036,13:44:06,10.29,-0.01,348,358091,卖盘
1037,13:44:03,10.3,0.01,14,14420,买盘
1038,13:44:00,10.29,--,110,113189,卖盘
1039,13:43:57,10.29,-0.01,2,2058,卖盘
1040,13:43:51,10.3,0.01,8,8240,买盘
1041,13:43:48,10.29,--,1,1029,卖盘
1042,13:43:42,10.29,--,3,3086,卖盘
1043,13:43:39,10.29,-0.01,1009,1038260,卖盘
1044,13:43:33,10.3,0.01,4,4120,买盘
1045,13:43:30,10.29,-0.01,13,13376,卖盘
1046,13:43:27,10.3,--,10,10300,买盘
1047,13:43:18,10.3,--,11,11330,买盘
1048,13:43:12,10.3,--,219,225570,买盘
1049,13:43:09,10.3,--,95,97850,买盘
1050,13:43:06,10.3,--,2,2060,买盘
1051,13:43:00,10.3,0.01,119,122776,买盘
1052,13:42:57,10.29,-0.01,1,1029,卖盘
1053,13:42:54,10.3,--,2,2060,买盘
1054,13:42:51,10.3,0.01,2,2060,买盘
1055,13:42:42,10.29,-0.01,1,1029,卖盘
1056,13:42:36,10.3,--,10,10300,买盘
1057,13:42:33,10.3,0.01,4,4120,买盘
1058,13:42:27,10.29,-0.01,15,15434,卖盘
1059,13:42:24,10.3,--,146,150380,买盘
1060,13:42:21,10.3,--,68,70040,买盘
1061,13:42:15,10.3,0.01,14,14420,买盘
1062,13:42:12,10.29,-0.01,1,1029,卖盘
1063,13:42:06,10.3,--,908,935240,买盘
1064,13:42:03,10.3,0.01,14,14420,买盘
1065,13:41:57,10.29,-0.01,10,10290,卖盘
1066,13:41:54,10.3,--,1,1030,买盘
1067,13:41:48,10.3,0.01,12,12360,买盘
1068,13:41:42,10.29,-0.01,1022,1051638,卖盘
1069,13:41:30,10.3,0.01,10,10300,买盘
1070,13:41:27,10.29,-0.01,2,2058,卖盘
1071,13:41:21,10.3,0.01,10,10300,买盘
1072,13:41:15,10.29,--,768,790271,卖盘
1073,13:41:12,10.29,-0.01,1,1029,卖盘
1074,13:41:09,10.3,0.01,8,8240,买盘
1075,13:40:57,10.29,-0.01,1,1029,卖盘
1076,13:40:54,10.3,--,50,51500,买盘
1077,13:40:45,10.3,0.01,10,10300,买盘
1078,13:40:42,10.29,-0.01,1,1029,卖盘
1079,13:40:39,10.3,0.01,9,9270,买盘
1080,13:40:36,10.29,--,100,102899,卖盘
1081,13:40:30,10.29,--,70,72030,卖盘
1082,13:40:27,10.29,-0.01,3,3086,卖盘
1083,13:40:21,10.3,--,10,10300,买盘
1084,13:40:18,10.3,--,5,5150,买盘
1085,13:40:12,10.3,--,12,12360,买盘
1086,13:40:09,10.3,--,2,2060,买盘
1087,13:40:06,10.3,0.01,8,8240,买盘
1088,13:39:57,10.29,--,14,14405,卖盘
1089,13:39:54,10.29,-0.01,2,2058,卖盘
1090,13:39:48,10.3,0.01,4,4120,买盘
1091,13:39:42,10.29,-0.01,1,1029,卖盘
1092,13:39:39,10.3,0.01,1,1030,买盘
1093,13:39:33,10.29,--,19,19551,卖盘
1094,13:39:27,10.29,--,1,1029,卖盘
1095,13:39:21,10.29,--,79,81291,卖盘
1096,13:39:18,10.29,--,5,5145,卖盘
1097,13:39:12,10.29,--,1,1029,卖盘
1098,13:39:09,10.29,--,21,21609,卖盘
1099,13:39:06,10.29,--,19,19551,卖盘
1100,13:39:03,10.29,--,38,39102,卖盘
1101,13:38:57,10.29,-0.01,9,9261,卖盘
1102,13:38:45,10.3,0.01,20,20600,买盘
1103,13:38:42,10.29,--,1,1029,卖盘
1104,13:38:39,10.29,-0.01,111,114218,卖盘
1105,13:38:33,10.3,--,50,51500,买盘
1106,13:38:30,10.3,0.01,15,15450,买盘
1107,13:38:27,10.29,-0.01,19,19551,卖盘
1108,13:38:24,10.3,0.01,2,2060,买盘
1109,13:38:12,10.29,--,110,113189,卖盘
1110,13:38:03,10.29,--,71,73059,卖盘
1111,13:37:57,10.29,-0.01,30,30869,卖盘
1112,13:37:54,10.3,--,202,208060,买盘
1113,13:37:51,10.3,--,30,30900,买盘
1114,13:37:48,10.3,0.01,2,2060,买盘
1115,13:37:42,10.29,-0.01,1,1029,卖盘
1116,13:37:33,10.3,0.01,317,326510,买盘
1117,13:37:27,10.29,--,1,1029,卖盘
1118,13:37:18,10.29,-0.01,1,1029,卖盘
1119,13:37:15,10.3,0.01,300,309000,买盘
1120,13:37:12,10.29,--,1,1029,卖盘
1121,13:36:57,10.29,--,1,1029,卖盘
1122,13:36:51,10.29,-0.01,8,8232,卖盘
1123,13:36:48,10.3,--,2,2060,买盘
1124,13:36:45,10.3,0.01,6,6180,买盘
1125,13:36:42,10.29,-0.01,1,1029,卖盘
1126,13:36:39,10.3,0.01,34,35020,买盘
1127,13:36:27,10.29,-0.01,2,2058,卖盘
1128,13:36:21,10.3,--,3,3090,买盘
1129,13:36:18,10.3,--,1418,1460540,买盘
1130,13:36:15,10.3,0.01,5,5150,买盘
1131,13:36:12,10.29,--,1,1029,卖盘
1132,13:36:09,10.29,--,435,447614,卖盘
1133,13:36:03,10.29,--,9,9261,卖盘
1134,13:35:57,10.29,-0.01,1,1029,卖盘
1135,13:35:54,10.3,0.01,5,5150,买盘
1136,13:35:48,10.29,--,10,10290,卖盘
1137,13:35:42,10.29,--,1,1029,卖盘
1138,13:35:39,10.29,--,1,1029,卖盘
1139,13:35:36,10.29,-0.01,12,12347,卖盘
1140,13:35:33,10.3,--,2,2060,买盘
1141,13:35:30,10.3,0.01,208,214240,买盘
1142,13:35:27,10.29,-0.01,304,312816,卖盘
1143,13:35:24,10.3,0.01,174,179220,买盘
1144,13:35:18,10.29,--,837,861272,卖盘
1145,13:35:12,10.29,-0.01,1,1029,卖盘
1146,13:35:09,10.3,--,4,4120,买盘
1147,13:35:03,10.3,--,2,2060,买盘
1148,13:35:00,10.3,0.01,109,112270,买盘
1149,13:34:57,10.29,-0.01,1,1029,卖盘
1150,13:34:45,10.3,0.01,7,7210,买盘
1151,13:34:42,10.29,--,3,3086,卖盘
1152,13:34:36,10.29,--,14,14405,卖盘
1153,13:34:30,10.29,--,1,1029,卖盘
1154,13:34:27,10.29,--,12,12347,卖盘
1155,13:34:18,10.29,-0.01,11,11318,卖盘
1156,13:34:15,10.3,0.01,10,10300,买盘
1157,13:34:12,10.29,--,1,1029,卖盘
1158,13:34:03,10.29,-0.01,20,20580,卖盘
1159,13:33:57,10.3,--,30,30900,买盘
1160,13:33:54,10.3,0.01,10,10300,买盘
1161,13:33:51,10.29,--,104,107015,卖盘
1162,13:33:48,10.29,-0.01,1,1029,卖盘
1163,13:33:45,10.3,0.01,10,10300,买盘
1164,13:33:42,10.29,-0.01,1,1029,卖盘
1165,13:33:36,10.3,--,3,3090,买盘
1166,13:33:33,10.3,0.01,10,10300,买盘
1167,13:33:27,10.29,--,1,1029,卖盘
1168,13:33:24,10.29,-0.01,3,3086,卖盘
1169,13:33:21,10.3,--,9,9270,买盘
1170,13:33:15,10.3,0.01,1,1030,买盘
1171,13:33:12,10.29,-0.01,11,11318,卖盘
1172,13:33:00,10.3,0.01,20,20600,买盘
1173,13:32:54,10.29,--,2,2058,卖盘
1174,13:32:51,10.29,-0.01,79,81291,卖盘
1175,13:32:48,10.3,--,9,9270,买盘
1176,13:32:42,10.3,--,17,17510,买盘
1177,13:32:39,10.3,--,35,36050,买盘
1178,13:32:30,10.3,0.01,118,121540,买盘
1179,13:32:27,10.29,--,300,308700,卖盘
1180,13:32:24,10.29,-0.01,103,105986,卖盘
1181,13:32:21,10.3,0.01,9,9270,买盘
1182,13:32:18,10.29,--,12,12347,卖盘
1183,13:32:12,10.29,--,2,2058,卖盘
1184,13:32:06,10.29,-0.01,13,13376,卖盘
1185,13:31:54,10.3,--,133,136990,买盘
1186,13:31:51,10.3,0.01,200,206000,买盘
1187,13:31:48,10.29,-0.01,88,90551,卖盘
1188,13:31:42,10.3,--,22,22660,买盘
1189,13:31:39,10.3,0.01,3,3090,买盘
1190,13:31:36,10.29,-0.01,70,72030,卖盘
1191,13:31:30,10.3,--,312,321360,买盘
1192,13:31:27,10.3,0.01,11,11330,买盘
1193,13:31:21,10.29,-0.01,18,18522,卖盘
1194,13:31:18,10.3,--,30,30900,买盘
1195,13:31:15,10.3,0.01,11,11330,买盘
1196,13:31:12,10.29,-0.01,1,1029,卖盘
1197,13:31:06,10.3,0.01,500,515000,买盘
1198,13:31:00,10.29,--,48,49391,卖盘
1199,13:30:57,10.29,-0.01,10,10290,卖盘
1200,13:30:51,10.3,0.01,12,12360,买盘
1201,13:30:42,10.29,-0.01,11,11318,卖盘
1202,13:30:36,10.3,--,9,9270,买盘
1203,13:30:30,10.3,0.01,203,209090,买盘
1204,13:30:27,10.29,-0.01,49,50420,卖盘
1205,13:30:24,10.3,--,57,58710,买盘
1206,13:30:15,10.3,0.01,29,29870,买盘
1207,13:30:12,10.29,-0.01,417,429092,卖盘
1208,13:30:09,10.3,--,9,9270,买盘
1209,13:30:06,10.3,0.01,11,11330,买盘
1210,13:29:57,10.29,-0.01,1,1029,卖盘
1211,13:29:51,10.3,--,11,11330,买盘
1212,13:29:45,10.3,0.01,2,2060,买盘
1213,13:29:42,10.29,-0.01,1,1029,卖盘
1214,13:29:36,10.3,0.01,310,319300,买盘
1215,13:29:33,10.29,--,2,2058,卖盘
1216,13:29:30,10.29,-0.01,12,12347,卖盘
1217,13:29:27,10.3,0.01,10,10300,买盘
1218,13:29:12,10.29,--,3,3086,卖盘
1219,13:29:06,10.29,--,19,19551,卖盘
1220,13:28:57,10.29,-0.01,1,1029,卖盘
1221,13:28:54,10.3,0.01,9,9270,买盘
1222,13:28:51,10.29,-0.01,1,1029,卖盘
1223,13:28:45,10.3,0.01,1,1030,买盘
1224,13:28:42,10.29,-0.01,11,11318,卖盘
1225,13:28:30,10.3,0.01,18,18540,买盘
1226,13:28:27,10.29,-0.01,12,12347,卖盘
1227,13:28:21,10.3,--,2,2060,买盘
1228,13:28:15,10.3,0.01,10,10300,买盘
1229,13:28:12,10.29,-0.01,1,1029,卖盘
1230,13:28:09,10.3,--,13,13390,买盘
1231,13:27:57,10.3,--,13,13390,买盘
1232,13:27:48,10.3,0.01,268,276040,买盘
1233,13:27:42,10.29,-0.01,1,1029,卖盘
1234,13:27:36,10.3,--,10,10300,买盘
1235,13:27:30,10.3,0.01,20,20600,买盘
1236,13:27:27,10.29,--,30,30869,卖盘
1237,13:27:24,10.29,-0.01,11,11318,卖盘
1238,13:27:21,10.3,--,9,9270,买盘
1239,13:27:18,10.3,0.01,16,16480,买盘
1240,13:27:12,10.29,-0.01,1,1029,卖盘
1241,13:27:09,10.3,--,30,30900,买盘
1242,13:27:00,10.3,0.01,8,8240,买盘
1243,13:26:57,10.29,-0.01,2,2058,卖盘
1244,13:26:51,10.3,0.01,10,10300,买盘
1245,13:26:48,10.29,--,21,21609,卖盘
1246,13:26:42,10.29,-0.01,1,1029,卖盘
1247,13:26:39,10.3,0.01,9,9270,买盘
1248,13:26:27,10.29,-0.01,11,11318,卖盘
1249,13:26:15,10.3,0.01,10,10300,买盘
1250,13:26:12,10.29,--,1,1029,卖盘
1251,13:25:57,10.29,-0.01,10,10290,卖盘
1252,13:25:51,10.3,0.01,2,2060,买盘
1253,13:25:42,10.29,-0.01,11,11318,卖盘
1254,13:25:33,10.3,0.01,30,30900,买盘
1255,13:25:30,10.29,-0.01,20,20580,卖盘
1256,13:25:27,10.3,--,5,5150,买盘
1257,13:25:24,10.3,--,180,185400,买盘
1258,13:25:21,10.3,0.01,96,98880,买盘
1259,13:25:15,10.29,--,3,3086,卖盘
1260,13:25:12,10.29,--,1,1029,卖盘
1261,13:25:09,10.29,-0.01,5,5145,卖盘
1262,13:25:06,10.3,--,20,20600,买盘
1263,13:24:57,10.3,0.01,101,104030,买盘
1264,13:24:54,10.29,-0.01,63,64826,卖盘
1265,13:24:48,10.3,--,10,10300,买盘
1266,13:24:42,10.3,--,10,10300,买盘
1267,13:24:39,10.3,--,500,515000,买盘
1268,13:24:30,10.3,--,232,238960,买盘
1269,13:24:24,10.3,0.01,7,7210,买盘
1270,13:24:12,10.29,-0.01,47,48362,卖盘
1271,13:24:06,10.3,--,4,4120,买盘
1272,13:24:00,10.3,0.01,9,9270,买盘
1273,13:23:54,10.29,--,3,3086,卖盘
1274,13:23:48,10.29,-0.01,1,1029,卖盘
1275,13:23:45,10.3,0.01,10,10300,买盘
1276,13:23:36,10.29,-0.01,88,90551,卖盘
1277,13:23:33,10.3,0.01,1,1030,买盘
1278,13:23:30,10.29,-0.01,9,9261,卖盘
1279,13:23:27,10.3,--,241,248889,买盘
1280,13:23:24,10.3,--,13,13390,买盘
1281,13:23:15,10.3,--,10,10300,买盘
1282,13:23:00,10.3,--,209,215270,买盘
1283,13:22:57,10.3,0.01,2,2060,买盘
1284,13:22:54,10.29,-0.01,101,103928,卖盘
1285,13:22:51,10.3,0.01,9,9270,买盘
1286,13:22:48,10.29,-0.01,580,596820,卖盘
1287,13:22:42,10.3,--,10,10300,买盘
1288,13:22:39,10.3,--,294,302820,买盘
1289,13:22:30,10.3,0.01,8,8240,买盘
1290,13:22:27,10.29,-0.01,2,2058,卖盘
1291,13:22:24,10.3,--,103,106090,买盘
1292,13:22:21,10.3,--,9,9270,买盘
1293,13:22:18,10.3,--,104,107120,买盘
1294,13:22:15,10.3,0.01,137,141110,买盘
1295,13:22:12,10.29,-0.01,1,1029,卖盘
1296,13:22:09,10.3,--,20,20600,买盘
1297,13:22:06,10.3,--,21,21630,买盘
1298,13:22:03,10.3,--,920,947600,买盘
1299,13:21:57,10.3,0.01,14,14420,买盘
1300,13:21:54,10.29,--,2,2058,卖盘
1301,13:21:48,10.29,-0.01,54,55565,卖盘
1302,13:21:45,10.3,0.01,10,10300,买盘
1303,13:21:42,10.29,-0.01,1,1029,卖盘
1304,13:21:33,10.3,0.01,9,9270,买盘
1305,13:21:27,10.29,-0.01,3,3086,卖盘
1306,13:21:24,10.3,--,24,24720,买盘
1307,13:21:18,10.3,--,2,2060,买盘
1308,13:21:15,10.3,0.01,2,2060,买盘
1309,13:21:12,10.29,-0.01,9,9261,卖盘
1310,13:21:09,10.3,--,21,21630,买盘
1311,13:21:03,10.3,--,10,10300,买盘
1312,13:21:00,10.3,0.01,1,1030,买盘
1313,13:20:57,10.29,-0.01,12,12347,卖盘
1314,13:20:54,10.3,--,2,2060,买盘
1315,13:20:48,10.3,--,8,8476,买盘
1316,13:20:42,10.3,--,33,33990,买盘
1317,13:20:39,10.3,--,9,9270,买盘
1318,13:20:36,10.3,--,62,63860,买盘
1319,13:20:30,10.3,0.01,9,9270,买盘
1320,13:20:27,10.29,--,1,1029,卖盘
1321,13:20:24,10.29,-0.01,2,2058,卖盘
1322,13:20:21,10.3,0.01,5,5150,买盘
1323,13:20:18,10.29,--,13,13376,卖盘
1324,13:20:12,10.29,-0.01,1,1029,卖盘
1325,13:20:06,10.3,0.01,371,382130,买盘
1326,13:19:54,10.29,-0.01,2,2058,卖盘
1327,13:19:51,10.3,--,10,10300,买盘
1328,13:19:39,10.3,--,19,19570,买盘
1329,13:19:36,10.3,--,9,9270,买盘
1330,13:19:30,10.3,--,11,11330,买盘
1331,13:19:27,10.3,0.01,74,76220,买盘
1332,13:19:24,10.29,-0.01,2,2058,卖盘
1333,13:19:21,10.3,--,113,116390,买盘
1334,13:19:18,10.3,0.01,10,10300,买盘
1335,13:19:12,10.29,-0.01,35,36015,卖盘
1336,13:19:09,10.3,--,492,506760,买盘
1337,13:19:06,10.3,--,9,9270,买盘
1338,13:19:00,10.3,--,10,10300,买盘
1339,13:18:57,10.3,0.01,8,8240,买盘
1340,13:18:54,10.29,-0.01,1,1029,卖盘
1341,13:18:45,10.3,--,21,21630,买盘
1342,13:18:42,10.3,--,10,10300,买盘
1343,13:18:39,10.3,--,30,30900,买盘
1344,13:18:33,10.3,--,9,9270,买盘
1345,13:18:30,10.3,0.01,21,21630,买盘
1346,13:18:27,10.29,-0.01,200,205799,卖盘
1347,13:18:21,10.3,--,10,10300,买盘
1348,13:18:15,10.3,0.01,29,29870,买盘
1349,13:18:12,10.29,-0.01,1,1029,卖盘
1350,13:18:09,10.3,--,8,8240,买盘
1351,13:18:00,10.3,0.01,17,17510,买盘
1352,13:17:57,10.29,--,1,1029,卖盘
1353,13:17:54,10.29,-0.01,16,16464,卖盘
1354,13:17:51,10.3,--,40,41200,买盘
1355,13:17:48,10.3,0.01,9,9270,买盘
1356,13:17:42,10.29,--,1,1029,卖盘
1357,13:17:39,10.29,-0.01,2,2058,卖盘
1358,13:17:36,10.3,0.01,10,10300,买盘
1359,13:17:27,10.29,-0.01,2,2058,卖盘
1360,13:17:21,10.3,0.01,94,96820,买盘
1361,13:17:12,10.29,--,21,21609,卖盘
1362,13:17:09,10.29,-0.01,67,69632,卖盘
1363,13:16:57,10.3,--,61,62830,买盘
1364,13:16:54,10.3,--,15,15450,买盘
1365,13:16:51,10.3,--,6,6180,买盘
1366,13:16:48,10.3,0.01,99,101970,买盘
1367,13:16:42,10.29,-0.01,3,3086,卖盘
1368,13:16:39,10.3,0.01,91,93730,买盘
1369,13:16:33,10.29,--,79,81291,卖盘
1370,13:16:30,10.29,--,247,254162,卖盘
1371,13:16:27,10.29,--,2,2058,卖盘
1372,13:16:24,10.29,--,1,1029,卖盘
1373,13:16:18,10.29,--,13,13376,卖盘
1374,13:16:12,10.29,-0.01,1,1029,卖盘
1375,13:16:09,10.3,--,3,3090,买盘
1376,13:16:06,10.3,--,1,1030,买盘
1377,13:15:51,10.3,--,380,392090,买盘
1378,13:15:45,10.3,0.01,239,246170,买盘
1379,13:15:42,10.29,-0.01,50,51449,卖盘
1380,13:15:39,10.3,0.01,13,13390,买盘
1381,13:15:27,10.29,-0.01,15,15434,卖盘
1382,13:15:24,10.3,--,4,4120,买盘
1383,13:15:18,10.3,0.01,430,442900,买盘
1384,13:15:15,10.29,--,90,93227,卖盘
1385,13:15:12,10.29,-0.01,9,9261,卖盘
1386,13:15:09,10.3,--,15,15450,买盘
1387,13:15:06,10.3,0.01,60,61800,买盘
1388,13:15:03,10.29,-0.01,66,67914,卖盘
1389,13:15:00,10.3,0.01,476,490280,买盘
1390,13:14:57,10.29,-0.01,272,279888,卖盘
1391,13:14:51,10.3,--,15,15450,买盘
1392,13:14:48,10.3,0.01,3,3090,买盘
1393,13:14:42,10.29,-0.01,11,11318,卖盘
1394,13:14:39,10.3,0.01,14,14420,买盘
1395,13:14:36,10.29,-0.01,13,13376,卖盘
1396,13:14:33,10.3,--,70,72100,买盘
1397,13:14:30,10.3,--,685,706168,卖盘
1398,13:14:27,10.3,-0.01,1,1030,卖盘
1399,13:14:21,10.31,--,14,14434,买盘
1400,13:14:15,10.31,0.01,3,3093,买盘
1401,13:14:12,10.3,--,201,207030,卖盘
1402,13:14:09,10.3,--,1702,1753472,买盘
1403,13:14:03,10.3,--,24,24720,买盘
1404,13:14:00,10.3,--,15,15450,买盘
1405,13:13:57,10.3,--,14,14420,买盘
1406,13:13:54,10.3,--,27,27810,买盘
1407,13:13:48,10.3,--,5,5150,买盘
1408,13:13:45,10.3,--,24,24720,买盘
1409,13:13:42,10.3,--,813,837390,买盘
1410,13:13:36,10.3,0.01,25,25750,买盘
1411,13:13:33,10.29,-0.01,22,22637,卖盘
1412,13:13:27,10.3,--,57,58710,买盘
1413,13:13:24,10.3,0.01,14,14420,买盘
1414,13:13:12,10.29,-0.01,1,1029,卖盘
1415,13:13:09,10.3,--,15,15450,买盘
1416,13:13:03,10.3,--,14,14420,买盘
1417,13:13:00,10.3,--,1,1030,买盘
1418,13:12:57,10.3,--,2,2060,买盘
1419,13:12:51,10.3,--,41,42230,买盘
1420,13:12:48,10.3,0.01,26,26780,买盘
1421,13:12:42,10.29,-0.01,1,1029,卖盘
1422,13:12:39,10.3,--,49,50470,买盘
1423,13:12:36,10.3,--,212,218360,买盘
1424,13:12:30,10.3,-0.01,670,690718,卖盘
1425,13:12:27,10.31,--,53,54643,买盘
1426,13:12:24,10.31,--,15,15465,买盘
1427,13:12:18,10.31,0.01,14,14434,买盘
1428,13:12:12,10.3,-0.01,1,1030,卖盘
1429,13:12:09,10.31,0.01,14,14434,买盘
1430,13:12:06,10.3,--,58,59740,卖盘
1431,13:12:03,10.3,--,524,540132,买盘
1432,13:11:54,10.3,--,3020,3110600,买盘
1433,13:11:51,10.3,--,39,40170,买盘
1434,13:11:48,10.3,-0.01,378,389958,卖盘
1435,13:11:42,10.31,0.01,16,16496,买盘
1436,13:11:39,10.3,--,10,10300,卖盘
1437,13:11:36,10.3,--,89,92082,买盘
1438,13:11:33,10.3,--,25,25750,买盘
1439,13:11:30,10.3,--,25,25750,买盘
1440,13:11:27,10.3,0.01,4,4120,买盘
1441,13:11:24,10.29,-0.01,50,51449,卖盘
1442,13:11:21,10.3,--,500,515000,买盘
1443,13:11:18,10.3,--,10,10300,买盘
1444,13:11:15,10.3,--,947,975410,买盘
1445,13:11:12,10.3,--,120,123600,买盘
1446,13:11:09,10.3,--,5,5150,买盘
1447,13:11:03,10.3,--,1000,1030000,买盘
1448,13:11:00,10.3,0.01,15,15450,买盘
1449,13:10:57,10.29,-0.01,1,1029,卖盘
1450,13:10:51,10.3,--,20,20600,买盘
1451,13:10:48,10.3,--,45,46350,买盘
1452,13:10:45,10.3,--,14,14420,买盘
1453,13:10:42,10.3,--,9,9270,买盘
1454,13:10:36,10.3,0.01,5,5150,买盘
1455,13:10:27,10.29,-0.01,2,2058,卖盘
1456,13:10:24,10.3,--,32,32960,买盘
1457,13:10:18,10.3,--,109,112270,买盘
1458,13:10:15,10.3,0.01,8,8240,买盘
1459,13:10:12,10.29,-0.01,1,1029,卖盘
1460,13:10:09,10.3,--,109,112270,买盘
1461,13:10:06,10.3,--,50,51500,买盘
1462,13:10:03,10.3,--,15,15450,买盘
1463,13:10:00,10.3,--,9,9270,买盘
1464,13:09:57,10.3,--,111,114330,买盘
1465,13:09:54,10.3,-0.01,698,719558,卖盘
1466,13:09:51,10.31,0.01,7,7217,买盘
1467,13:09:48,10.3,-0.01,6,6180,卖盘
1468,13:09:42,10.31,0.01,9,9279,买盘
1469,13:09:39,10.3,--,848,873852,买盘
1470,13:09:36,10.3,--,64,65920,买盘
1471,13:09:33,10.3,--,50,51500,买盘
1472,13:09:30,10.3,--,108,111240,买盘
1473,13:09:27,10.3,--,550,566500,买盘
1474,13:09:24,10.3,--,54,55620,买盘
1475,13:09:21,10.3,--,87,89610,买盘
1476,13:09:18,10.3,--,100,103000,买盘
1477,13:09:15,10.3,--,10,10300,买盘
1478,13:09:12,10.3,--,33,33990,买盘
1479,13:09:09,10.3,--,46,47380,买盘
1480,13:09:06,10.3,--,45,46350,买盘
1481,13:09:03,10.3,0.01,10,10300,买盘
1482,13:09:00,10.29,-0.01,72,74088,卖盘
1483,13:08:57,10.3,--,207,213210,买盘
1484,13:08:51,10.3,--,113,116390,买盘
1485,13:08:48,10.3,--,33,33990,买盘
1486,13:08:42,10.3,--,203,209090,买盘
1487,13:08:39,10.3,--,100,103000,买盘
1488,13:08:36,10.3,--,276,284280,买盘
1489,13:08:27,10.3,--,161,165830,买盘
1490,13:08:24,10.3,--,6,6180,买盘
1491,13:08:21,10.3,--,87,89610,买盘
1492,13:08:15,10.3,--,120,123600,买盘
1493,13:08:12,10.3,--,554,570620,买盘
1494,13:08:09,10.3,--,27,27810,买盘
1495,13:08:03,10.3,0.01,14,14420,买盘
1496,13:07:57,10.29,-0.01,293,301497,卖盘
1497,13:07:54,10.3,--,10,10300,买盘
1498,13:07:51,10.3,--,128,131840,买盘
1499,13:07:48,10.3,--,78,80340,买盘
1500,13:07:45,10.3,--,488,502640,买盘
1501,13:07:42,10.3,--,52,53560,买盘
1502,13:07:39,10.3,--,8,8240,买盘
1503,13:07:33,10.3,0.01,1,1030,买盘
1504,13:07:30,10.29,-0.01,124,127595,卖盘
1505,13:07:27,10.3,--,150,154500,买盘
1506,13:07:24,10.3,--,563,580508,卖盘
1507,13:07:21,10.3,-0.01,2,2060,卖盘
1508,13:07:18,10.31,0.01,654,674686,买盘
1509,13:07:15,10.3,--,131,135187,买盘
1510,13:07:06,10.3,--,695,715850,买盘
1511,13:07:03,10.3,--,60,61800,买盘
1512,13:07:00,10.3,--,56,57680,买盘
1513,13:06:54,10.3,--,106,109180,买盘
1514,13:06:51,10.3,--,2,2060,买盘
1515,13:06:48,10.3,--,108,111240,买盘
1516,13:06:42,10.3,--,10,10300,买盘
1517,13:06:39,10.3,--,412,424360,买盘
1518,13:06:33,10.3,--,48,50367,买盘
1519,13:06:24,10.3,--,176,181280,买盘
1520,13:06:21,10.3,--,6,6180,买盘
1521,13:06:18,10.3,--,2,2060,买盘
1522,13:06:15,10.3,0.01,80,82400,买盘
1523,13:06:12,10.29,-0.01,9,9261,卖盘
1524,13:06:06,10.3,0.01,11,11330,买盘
1525,13:06:03,10.29,-0.01,20,21094,卖盘
1526,13:06:00,10.3,--,7,7210,买盘
1527,13:05:57,10.3,0.01,8,8240,买盘
1528,13:05:54,10.29,-0.01,1,1029,卖盘
1529,13:05:51,10.3,--,25,25750,买盘
1530,13:05:48,10.3,--,8,8240,买盘
1531,13:05:39,10.3,--,18,18540,买盘
1532,13:05:36,10.3,--,54,55620,买盘
1533,13:05:27,10.3,--,10,10300,买盘
1534,13:05:15,10.3,--,10,10300,买盘
1535,13:05:12,10.3,--,21,21630,买盘
1536,13:05:09,10.3,--,2,2060,买盘
1537,13:05:06,10.3,--,18,18540,买盘
1538,13:05:03,10.3,0.01,39,40170,买盘
1539,13:04:57,10.29,--,1,1029,卖盘
1540,13:04:54,10.29,-0.01,27,28297,卖盘
1541,13:04:42,10.3,0.01,8,8240,买盘
1542,13:04:36,10.29,-0.01,50,51449,卖盘
1543,13:04:33,10.3,0.01,10,10300,买盘
1544,13:04:27,10.29,-0.01,8,8232,卖盘
1545,13:04:21,10.3,--,7,7210,买盘
1546,13:04:15,10.3,0.01,32,32960,买盘
1547,13:04:12,10.29,--,10,10290,卖盘
1548,13:04:09,10.29,-0.01,148,152292,卖盘
1549,13:04:00,10.3,0.01,118,121797,买盘
1550,13:03:57,10.29,-0.01,1,1029,卖盘
1551,13:03:54,10.3,--,3,3090,买盘
1552,13:03:51,10.3,--,58,59740,买盘
1553,13:03:48,10.3,0.01,9,9270,买盘
1554,13:03:45,10.29,-0.01,1,1029,卖盘
1555,13:03:42,10.3,--,3,3090,买盘
1556,13:03:36,10.3,--,8,8240,买盘
1557,13:03:33,10.3,--,5,5150,买盘
1558,13:03:30,10.3,0.01,20,20600,买盘
1559,13:03:27,10.29,-0.01,9,9261,卖盘
1560,13:03:21,10.3,--,533,548990,买盘
1561,13:03:18,10.3,--,1,1030,买盘
1562,13:03:15,10.3,0.01,245,252350,买盘
1563,13:03:12,10.29,--,1,1029,卖盘
1564,13:03:06,10.29,-0.01,10,10547,卖盘
1565,13:03:03,10.3,--,8,8240,买盘
1566,13:03:00,10.3,--,2,2060,买盘
1567,13:02:57,10.3,--,52,53560,买盘
1568,13:02:51,10.3,--,9,9270,买盘
1569,13:02:45,10.3,0.01,55,56650,买盘
1570,13:02:42,10.29,-0.01,3,3086,卖盘
1571,13:02:39,10.3,--,1000,1030000,买盘
1572,13:02:36,10.3,--,200,206000,买盘
1573,13:02:27,10.3,--,2,2060,买盘
1574,13:02:24,10.3,--,2,2060,买盘
1575,13:02:21,10.3,--,20,20600,买盘
1576,13:02:18,10.3,0.01,50,51500,买盘
1577,13:02:15,10.29,--,10,10547,卖盘
1578,13:02:12,10.29,-0.01,341,350889,卖盘
1579,13:02:03,10.3,0.01,50,51500,买盘
1580,13:01:57,10.29,-0.01,2,2058,卖盘
1581,13:01:54,10.3,0.01,37,38110,买盘
1582,13:01:42,10.29,-0.01,2,2058,卖盘
1583,13:01:39,10.3,--,1,1030,买盘
1584,13:01:30,10.3,--,5432,5595578,卖盘
1585,13:01:27,10.3,--,2,2060,卖盘
1586,13:01:18,10.3,-0.01,2,2060,卖盘
1587,13:01:15,10.31,--,2,2062,买盘
1588,13:00:57,10.31,--,50,51550,买盘
1589,13:00:45,10.31,--,15,15465,买盘
1590,13:00:39,10.31,--,20,20620,买盘
1591,13:00:30,10.31,--,6,6186,买盘
1592,13:00:15,10.31,0.01,98,101038,买盘
1593,13:00:09,10.3,--,66,67980,卖盘
1594,13:00:06,10.3,-0.01,93,95790,卖盘
1595,13:00:03,10.31,--,855,882329,买盘
1596,13:00:00,10.31,--,0,0,买盘
1597,11:30:00,10.31,--,12,12372,买盘
1598,11:29:51,10.31,--,7,7217,买盘
1599,11:29:42,10.31,0.01,7,7217,买盘
1600,11:29:33,10.3,-0.01,8,8240,卖盘
1601,11:29:18,10.31,0.01,8,8248,买盘
1602,11:29:15,10.3,-0.01,5,5150,卖盘
1603,11:29:12,10.31,--,6,6186,买盘
1604,11:29:09,10.31,--,7,7217,买盘
1605,11:29:00,10.31,--,2,2062,买盘
1606,11:28:57,10.31,0.01,7,7217,买盘
1607,11:28:54,10.3,-0.01,1,1030,卖盘
1608,11:28:48,10.31,0.01,6,6186,买盘
1609,11:28:45,10.3,-0.01,4,4120,卖盘
1610,11:28:42,10.31,--,2,2062,买盘
1611,11:28:36,10.31,--,7,7217,买盘
1612,11:28:24,10.31,0.01,34,35054,买盘
1613,11:28:15,10.3,-0.01,4,4120,卖盘
1614,11:28:12,10.31,--,7,7217,买盘
1615,11:28:03,10.31,0.01,7,7217,买盘
1616,11:27:54,10.3,-0.01,38,39140,卖盘
1617,11:27:51,10.31,0.01,7,7217,买盘
1618,11:27:48,10.3,--,14,14420,卖盘
1619,11:27:45,10.3,-0.01,11,11330,卖盘
1620,11:27:42,10.31,--,7,7217,买盘
1621,11:27:39,10.31,--,4,4124,买盘
1622,11:27:30,10.31,--,27,27837,买盘
1623,11:27:21,10.31,--,7,7217,买盘
1624,11:27:06,10.31,--,13,13403,买盘
1625,11:27:03,10.31,0.01,3,3093,买盘
1626,11:27:00,10.3,-0.01,11,11330,卖盘
1627,11:26:57,10.31,0.01,138,142278,买盘
1628,11:26:54,10.3,-0.01,10,10300,卖盘
1629,11:26:45,10.31,--,7,7217,买盘
1630,11:26:36,10.31,--,4,4124,买盘
1631,11:26:33,10.31,--,7,7217,买盘
1632,11:26:30,10.31,--,69,71139,买盘
1633,11:26:24,10.31,--,7,7217,买盘
1634,11:26:12,10.31,--,8,8248,买盘
1635,11:26:09,10.31,--,1967,2027977,买盘
1636,11:26:03,10.31,--,3,3093,买盘
1637,11:26:00,10.31,--,7,7217,买盘
1638,11:25:57,10.31,0.01,14,14434,买盘
1639,11:25:54,10.3,-0.01,50,51500,卖盘
1640,11:25:51,10.31,--,7,7217,买盘
1641,11:25:39,10.31,--,8,8248,买盘
1642,11:25:36,10.31,--,4,4124,买盘
1643,11:25:33,10.31,--,1,1031,买盘
1644,11:25:30,10.31,--,6,6186,买盘
1645,11:25:27,10.31,0.01,1,1031,买盘
1646,11:25:21,10.3,-0.01,94,97396,卖盘
1647,11:25:18,10.31,--,7,7217,买盘
1648,11:25:15,10.31,--,94,96914,买盘
1649,11:25:06,10.31,--,77,79387,买盘
1650,11:24:57,10.31,0.01,7,7217,买盘
1651,11:24:48,10.3,--,70,72100,卖盘
1652,11:24:45,10.3,--,11,11330,卖盘
1653,11:24:42,10.3,--,4,4120,卖盘
1654,11:24:33,10.3,--,303,312090,卖盘
1655,11:24:24,10.3,-0.01,42,44187,卖盘
1656,11:24:21,10.31,0.01,6,6186,买盘
1657,11:24:18,10.3,-0.01,100,103000,卖盘
1658,11:24:15,10.31,--,10,10310,买盘
1659,11:24:12,10.31,--,100,103100,买盘
1660,11:24:09,10.31,--,15,15465,买盘
1661,11:24:03,10.31,--,7,7217,买盘
1662,11:24:00,10.31,--,1,1031,买盘
1663,11:23:48,10.31,0.01,6,6186,买盘
1664,11:23:45,10.3,--,1,1030,卖盘
1665,11:23:42,10.3,-0.01,2,2060,卖盘
1666,11:23:36,10.31,--,7,7217,买盘
1667,11:23:30,10.31,--,3,3093,买盘
1668,11:23:27,10.31,--,6,6186,买盘
1669,11:23:18,10.31,0.01,221,227851,买盘
1670,11:23:15,10.3,-0.01,5,5150,卖盘
1671,11:23:06,10.31,0.01,7,7217,买盘
1672,11:22:57,10.3,-0.01,2,2060,卖盘
1673,11:22:51,10.31,0.01,6,6186,买盘
1674,11:22:45,10.3,-0.01,3,3090,卖盘
1675,11:22:42,10.31,0.01,7,7217,买盘
1676,11:22:36,10.3,-0.01,5,5150,卖盘
1677,11:22:33,10.31,--,18,18558,买盘
1678,11:22:21,10.31,0.01,6,6186,买盘
1679,11:22:18,10.3,-0.01,80,82400,卖盘
1680,11:22:12,10.31,0.01,31,31961,买盘
1681,11:22:00,10.3,-0.01,153,157590,卖盘
1682,11:21:51,10.31,0.01,4438,4575578,买盘
1683,11:21:48,10.3,-0.01,18,18540,卖盘
1684,11:21:45,10.31,--,1,1031,买盘
1685,11:21:39,10.31,--,8,8248,买盘
1686,11:21:27,10.31,--,7,7217,买盘
1687,11:21:18,10.31,--,3,3093,买盘
1688,11:21:15,10.31,--,23,23713,买盘
1689,11:21:09,10.31,--,3,3093,买盘
1690,11:21:03,10.31,0.01,44,45364,买盘
1691,11:21:00,10.3,--,2,2060,卖盘
1692,11:20:57,10.3,-0.01,4,4120,卖盘
1693,11:20:54,10.31,--,7,7217,买盘
1694,11:20:48,10.31,--,12,12372,买盘
1695,11:20:45,10.31,--,2,2062,买盘
1696,11:20:42,10.31,--,6,6186,买盘
1697,11:20:33,10.31,--,124,127844,买盘
1698,11:20:30,10.31,--,39,40209,买盘
1699,11:20:18,10.31,--,7,7217,买盘
1700,11:20:15,10.31,--,99,102069,买盘
1701,11:20:12,10.31,--,3,3093,买盘
1702,11:20:09,10.31,--,7,7217,买盘
1703,11:20:03,10.31,--,28,28868,买盘
1704,11:20:00,10.31,--,7,7217,买盘
1705,11:19:57,10.31,--,21,21651,买盘
1706,11:19:54,10.31,--,21,21651,买盘
1707,11:19:48,10.31,--,4,4124,买盘
1708,11:19:45,10.31,--,7,7217,买盘
1709,11:19:36,10.31,0.01,7,7217,买盘
1710,11:19:24,10.3,-0.01,96,98880,卖盘
1711,11:19:21,10.31,0.01,10,10310,买盘
1712,11:19:15,10.3,-0.01,4,4120,卖盘
1713,11:19:12,10.31,0.01,7,7217,买盘
1714,11:19:06,10.3,-0.01,2,2060,卖盘
1715,11:19:00,10.31,--,9,9279,买盘
1716,11:18:54,10.31,0.01,6,6186,买盘
1717,11:18:45,10.3,-0.01,2,2060,卖盘
1718,11:18:39,10.31,--,9,9279,买盘
1719,11:18:33,10.31,--,2,2062,买盘
1720,11:18:27,10.31,--,57,58767,买盘
1721,11:18:21,10.31,--,10,10310,买盘
1722,11:18:18,10.31,--,7,7217,买盘
1723,11:18:12,10.31,--,7,7217,买盘
1724,11:18:06,10.31,0.01,2,2062,买盘
1725,11:18:00,10.3,-0.01,50,51500,卖盘
1726,11:17:57,10.31,--,7,7217,买盘
1727,11:17:48,10.31,0.01,7,7217,买盘
1728,11:17:45,10.3,-0.01,36,37080,卖盘
1729,11:17:33,10.31,--,7,7217,买盘
1730,11:17:30,10.31,--,2,2062,买盘
1731,11:17:24,10.31,0.01,7,7217,买盘
1732,11:17:21,10.3,--,12,12360,卖盘
1733,11:17:15,10.3,-0.01,3,3090,卖盘
1734,11:17:12,10.31,0.01,118,121658,买盘
1735,11:17:09,10.3,-0.01,25,25750,卖盘
1736,11:17:03,10.31,--,7,7217,买盘
1737,11:17:00,10.31,--,35,36085,买盘
1738,11:16:48,10.31,--,6,6186,买盘
1739,11:16:45,10.31,--,7,7217,买盘
1740,11:16:39,10.31,0.01,8,8248,买盘
1741,11:16:36,10.3,-0.01,2,2060,卖盘
1742,11:16:30,10.31,--,47,48457,买盘
1743,11:16:27,10.31,--,7,7217,买盘
1744,11:16:18,10.31,0.01,8,8248,买盘
1745,11:16:15,10.3,-0.01,5,5150,卖盘
1746,11:16:06,10.31,0.01,6,6186,买盘
1747,11:16:03,10.3,-0.01,42,43260,卖盘
1748,11:15:57,10.31,0.01,7,7217,买盘
1749,11:15:45,10.3,--,52,53560,卖盘
1750,11:15:36,10.3,-0.01,72,74160,卖盘
1751,11:15:33,10.31,--,7,7217,买盘
1752,11:15:30,10.31,0.01,2,2062,买盘
1753,11:15:27,10.3,-0.01,120,123600,卖盘
1754,11:15:24,10.31,--,50,51550,买盘
1755,11:15:21,10.31,--,7,7217,买盘
1756,11:15:15,10.31,--,15,15465,买盘
1757,11:15:12,10.31,--,96,98976,买盘
1758,11:15:09,10.31,--,7,7217,买盘
1759,11:15:00,10.31,--,6,6186,买盘
1760,11:14:57,10.31,--,4,4124,买盘
1761,11:14:51,10.31,--,3,3093,买盘
1762,11:14:48,10.31,0.01,8,8248,买盘
1763,11:14:45,10.3,--,4,4120,卖盘
1764,11:14:39,10.3,-0.01,10,10300,卖盘
1765,11:14:36,10.31,--,10,10310,买盘
1766,11:14:30,10.31,0.01,7,7217,买盘
1767,11:14:21,10.3,-0.01,42,43950,卖盘
1768,11:14:15,10.31,0.01,15,15465,买盘
1769,11:14:12,10.3,-0.01,2,2060,卖盘
1770,11:14:06,10.31,--,7,7217,买盘
1771,11:13:54,10.31,--,6,6186,买盘
1772,11:13:48,10.31,0.01,5,5155,买盘
1773,11:13:45,10.3,-0.01,4,4120,卖盘
1774,11:13:42,10.31,--,7,7217,买盘
1775,11:13:39,10.31,0.01,100,103100,买盘
1776,11:13:36,10.3,-0.01,1,1030,卖盘
1777,11:13:33,10.31,--,7,7217,买盘
1778,11:13:30,10.31,--,44,45364,买盘
1779,11:13:24,10.31,--,2,2062,买盘
1780,11:13:21,10.31,--,7,7217,买盘
1781,11:13:15,10.31,0.01,50,51550,买盘
1782,11:13:12,10.3,-0.01,2,2060,卖盘
1783,11:13:09,10.31,--,11,11341,买盘
1784,11:13:03,10.31,--,5,5155,买盘
1785,11:13:00,10.31,--,7,7217,买盘
1786,11:12:54,10.31,--,10,10310,买盘
1787,11:12:48,10.31,0.01,62,63922,买盘
1788,11:12:45,10.3,-0.01,5,5150,卖盘
1789,11:12:42,10.31,--,2,2062,买盘
1790,11:12:36,10.31,0.01,7,7217,买盘
1791,11:12:30,10.3,--,18,18540,卖盘
1792,11:12:15,10.3,--,13,13390,卖盘
1793,11:12:12,10.3,-0.01,5,5150,卖盘
1794,11:12:09,10.31,--,2,2062,买盘
1795,11:12:03,10.31,--,5,5155,买盘
1796,11:11:48,10.31,--,10,10310,买盘
1797,11:11:45,10.31,--,13,13403,买盘
1798,11:11:42,10.31,--,4,4124,买盘
1799,11:11:24,10.31,--,20,20620,买盘
1800,11:11:18,10.31,--,3,3093,买盘
1801,11:11:15,10.31,0.01,2,2062,买盘
1802,11:11:12,10.3,-0.01,31,31930,卖盘
1803,11:11:09,10.31,--,2,2062,买盘
1804,11:11:06,10.31,--,30,30930,买盘
1805,11:10:57,10.31,--,3,3093,买盘
1806,11:10:51,10.31,--,6,6186,买盘
1807,11:10:48,10.31,--,385,397275,卖盘
1808,11:10:45,10.31,--,3,3093,卖盘
1809,11:10:36,10.31,--,30,30930,卖盘
1810,11:10:33,10.31,--,66,68046,卖盘
1811,11:10:21,10.31,--,2,2062,卖盘
1812,11:10:15,10.31,-0.01,98,101038,卖盘
1813,11:10:00,10.32,--,2,2064,买盘
1814,11:09:57,10.32,--,9,9288,买盘
1815,11:09:39,10.32,0.01,6,6192,买盘
1816,11:09:36,10.31,-0.01,5,5155,卖盘
1817,11:09:33,10.32,0.01,2,2064,买盘
1818,11:09:30,10.31,--,8,8248,卖盘
1819,11:09:24,10.31,--,5,5155,卖盘
1820,11:09:21,10.31,--,20,20620,卖盘
1821,11:09:18,10.31,--,38,39178,卖盘
1822,11:09:15,10.31,-0.01,3,3093,卖盘
1823,11:09:12,10.32,--,1,1032,买盘
1824,11:09:03,10.32,0.01,3322,3428304,买盘
1825,11:09:00,10.31,--,1375,1417625,卖盘
1826,11:08:57,10.31,--,100,103100,卖盘
1827,11:08:51,10.31,--,3,3093,卖盘
1828,11:08:45,10.31,-0.01,2,2062,卖盘
1829,11:08:36,10.32,0.01,1,1032,买盘
1830,11:08:24,10.31,0.01,426,439896,买盘
1831,11:08:18,10.3,--,9,9270,卖盘
1832,11:08:12,10.3,-0.01,5,5150,卖盘
1833,11:08:09,10.31,--,29,29899,买盘
1834,11:08:06,10.31,--,58,59798,买盘
1835,11:08:03,10.31,--,29,29899,买盘
1836,11:08:00,10.31,0.01,11,11341,买盘
1837,11:07:57,10.3,--,49,50470,卖盘
1838,11:07:48,10.3,-0.01,1,1030,卖盘
1839,11:07:42,10.31,--,275,283525,买盘
1840,11:07:39,10.31,--,190,195890,买盘
1841,11:07:36,10.31,0.01,20,20620,买盘
1842,11:07:33,10.3,-0.01,38,39140,卖盘
1843,11:07:30,10.31,--,912,940735,卖盘
1844,11:07:27,10.31,--,403,415493,卖盘
1845,11:07:21,10.31,--,143,147433,卖盘
1846,11:07:18,10.31,--,2260,2330060,卖盘
1847,11:07:15,10.31,--,5,5155,卖盘
1848,11:07:12,10.31,--,80,83016,卖盘
1849,11:07:09,10.31,--,990,1020690,卖盘
1850,11:07:06,10.31,--,72,74232,卖盘
1851,11:07:03,10.31,--,22,22682,卖盘
1852,11:06:51,10.31,--,100,103100,卖盘
1853,11:06:48,10.31,--,54,55674,卖盘
1854,11:06:39,10.31,--,39,41136,卖盘
1855,11:06:36,10.31,--,84,87294,卖盘
1856,11:06:33,10.31,-0.01,70,72170,卖盘
1857,11:06:30,10.32,--,2,2064,买盘
1858,11:06:24,10.32,0.01,2,2064,买盘
1859,11:06:18,10.31,--,70,72170,卖盘
1860,11:06:15,10.31,--,16,16496,卖盘
1861,11:06:12,10.31,-0.01,61,62891,卖盘
1862,11:06:06,10.32,0.01,14,14448,买盘
1863,11:06:03,10.31,-0.01,1,1031,卖盘
1864,11:05:54,10.32,0.01,1,1032,买盘
1865,11:05:48,10.31,--,95,97945,卖盘
1866,11:05:42,10.31,--,114,117534,卖盘
1867,11:05:33,10.31,-0.01,109,113306,卖盘
1868,11:05:30,10.32,0.01,50,51600,买盘
1869,11:05:21,10.31,--,42,43302,卖盘
1870,11:05:18,10.31,-0.01,18,18558,卖盘
1871,11:05:15,10.32,0.01,114,117648,买盘
1872,11:05:12,10.31,-0.01,532,548492,卖盘
1873,11:05:00,10.32,--,2,2064,买盘
1874,11:04:57,10.32,--,10,10320,买盘
1875,11:04:39,10.32,--,92,94944,买盘
1876,11:04:36,10.32,0.01,20,20640,买盘
1877,11:04:33,10.31,-0.01,2,2062,卖盘
1878,11:04:27,10.32,--,26,26832,买盘
1879,11:04:12,10.32,--,24,24768,买盘
1880,11:04:09,10.32,0.01,12,12384,买盘
1881,11:04:03,10.31,-0.01,105,108255,卖盘
1882,11:03:51,10.32,0.01,168,173376,买盘
1883,11:03:45,10.31,-0.01,6,6186,卖盘
1884,11:03:39,10.32,--,9,9288,买盘
1885,11:03:18,10.32,0.01,3,3096,买盘
1886,11:03:15,10.31,-0.01,3,3093,卖盘
1887,11:03:09,10.32,0.01,21,21672,买盘
1888,11:03:06,10.31,-0.01,100,103100,卖盘
1889,11:02:54,10.32,--,1,1032,买盘
1890,11:02:51,10.32,0.01,115,118680,买盘
1891,11:02:45,10.31,-0.01,2,2062,卖盘
1892,11:02:27,10.32,--,10,10320,买盘
1893,11:02:24,10.32,--,2,2064,买盘
1894,11:02:15,10.32,0.01,4,4128,买盘
1895,11:02:09,10.31,--,2,2062,卖盘
1896,11:02:06,10.31,--,55,56705,卖盘
1897,11:02:03,10.31,-0.01,3,3093,卖盘
1898,11:02:00,10.32,0.01,1,1032,买盘
1899,11:01:57,10.31,--,7,7217,卖盘
1900,11:01:51,10.31,--,1,1031,卖盘
1901,11:01:45,10.31,-0.01,32,32992,卖盘
1902,11:01:42,10.32,--,69,71208,买盘
1903,11:01:36,10.32,0.01,2,2064,买盘
1904,11:01:15,10.31,-0.01,3,3093,卖盘
1905,11:01:12,10.32,0.01,7,7224,买盘
1906,11:00:57,10.31,--,5,5155,卖盘
1907,11:00:45,10.31,-0.01,2,2062,卖盘
1908,11:00:42,10.32,0.01,2,2064,买盘
1909,11:00:36,10.31,--,9,9279,卖盘
1910,11:00:33,10.31,-0.01,1,1031,卖盘
1911,11:00:18,10.32,0.01,1,1032,买盘
1912,11:00:15,10.31,-0.01,97,100007,卖盘
1913,10:59:48,10.32,0.01,1,1032,买盘
1914,10:59:45,10.31,--,2,2062,卖盘
1915,10:59:30,10.31,--,11,11341,卖盘
1916,10:59:27,10.31,--,2,2062,卖盘
1917,10:59:24,10.31,-0.01,51,52581,卖盘
1918,10:59:21,10.32,--,7,7224,买盘
1919,10:59:15,10.32,--,23,23736,买盘
1920,10:59:06,10.32,0.01,2,2064,买盘
1921,10:59:03,10.31,-0.01,2,2062,卖盘
1922,10:58:57,10.32,--,1,1032,买盘
1923,10:58:51,10.32,0.01,8,8256,买盘
1924,10:58:45,10.31,-0.01,3,3093,卖盘
1925,10:58:33,10.32,--,2,2064,买盘
1926,10:58:24,10.32,0.01,20,20640,买盘
1927,10:58:15,10.31,--,24,24744,卖盘
1928,10:58:09,10.31,-0.01,5,5155,卖盘
1929,10:58:06,10.32,0.01,4,4128,买盘
1930,10:58:00,10.31,--,1,1031,卖盘
1931,10:57:57,10.31,-0.01,1,1031,卖盘
1932,10:57:51,10.32,--,15,15480,买盘
1933,10:57:42,10.32,--,2,2064,买盘
1934,10:57:21,10.32,--,634,654288,卖盘
1935,10:57:18,10.32,--,1015,1047480,卖盘
1936,10:57:15,10.32,--,3,3096,卖盘
1937,10:57:12,10.32,--,131,135192,卖盘
1938,10:57:06,10.32,--,141,145512,卖盘
1939,10:56:54,10.32,--,5555,5732760,卖盘
1940,10:56:51,10.32,--,2,2064,卖盘
1941,10:56:45,10.32,--,2,2064,卖盘
1942,10:56:39,10.32,--,21,21672,卖盘
1943,10:56:33,10.32,--,1,1032,卖盘
1944,10:56:30,10.32,-0.01,4,4128,卖盘
1945,10:56:27,10.33,0.01,1,1033,买盘
1946,10:56:24,10.32,--,50,51600,卖盘
1947,10:56:15,10.32,-0.01,3,3096,卖盘
1948,10:56:12,10.33,0.01,34,35122,买盘
1949,10:56:03,10.32,--,10,10320,卖盘
1950,10:55:57,10.32,-0.01,20,20640,卖盘
1951,10:55:51,10.33,0.01,1,1033,买盘
1952,10:55:45,10.32,-0.01,12,12384,卖盘
1953,10:55:24,10.33,0.01,11,11363,买盘
1954,10:55:18,10.32,--,197,203304,卖盘
1955,10:55:15,10.32,-0.01,106,109392,卖盘
1956,10:55:03,10.33,--,1,1033,买盘
1957,10:54:54,10.33,0.01,2,2066,买盘
1958,10:54:45,10.32,--,2,2064,卖盘
1959,10:54:36,10.32,-0.01,36,37152,卖盘
1960,10:54:27,10.33,0.01,1,1033,买盘
1961,10:54:18,10.32,--,6,6192,卖盘
1962,10:54:15,10.32,-0.01,33,34056,卖盘
1963,10:54:03,10.33,--,2,2066,买盘
1964,10:54:00,10.33,--,5,5165,买盘
1965,10:53:54,10.33,--,49,50617,买盘
1966,10:53:45,10.33,--,19,19627,买盘
1967,10:53:39,10.33,0.01,11,11363,买盘
1968,10:53:36,10.32,--,96,99288,卖盘
1969,10:53:30,10.32,--,10,10320,卖盘
1970,10:53:27,10.32,-0.01,6,6192,卖盘
1971,10:53:24,10.33,0.01,3,3099,买盘
1972,10:53:15,10.32,--,5,5160,卖盘
1973,10:53:12,10.32,--,5,5160,卖盘
1974,10:53:06,10.32,--,22,22704,卖盘
1975,10:53:00,10.32,-0.01,16,16512,卖盘
1976,10:52:54,10.33,0.01,50,51650,买盘
1977,10:52:48,10.32,--,2,2064,卖盘
1978,10:52:45,10.32,-0.01,2,2064,卖盘
1979,10:52:42,10.33,0.01,1,1033,买盘
1980,10:52:36,10.32,-0.01,60,61920,卖盘
1981,10:52:33,10.33,0.01,1,1033,买盘
1982,10:52:15,10.32,-0.01,65,67080,卖盘
1983,10:52:12,10.33,0.01,106,109498,买盘
1984,10:52:03,10.32,-0.01,2,2064,卖盘
1985,10:51:54,10.33,--,1,1033,买盘
1986,10:51:51,10.33,0.01,5,5165,买盘
1987,10:51:48,10.32,-0.01,2,2064,卖盘
1988,10:51:45,10.33,0.01,3,3099,买盘
1989,10:51:30,10.32,-0.01,38,39216,卖盘
1990,10:51:21,10.33,--,1,1033,买盘
1991,10:51:09,10.33,--,25,25825,买盘
1992,10:51:06,10.33,--,13,13429,买盘
1993,10:50:57,10.33,--,17,17561,买盘
1994,10:50:54,10.33,0.01,1,1033,买盘
1995,10:50:48,10.32,-0.01,91,94603,卖盘
1996,10:50:45,10.33,0.01,21,21693,买盘
1997,10:50:39,10.32,-0.01,70,72240,卖盘
1998,10:50:36,10.33,--,87,89871,买盘
1999,10:50:30,10.33,--,59,60947,买盘
2000,10:50:27,10.33,0.01,21,21693,买盘
2001,10:50:21,10.32,--,100,103200,卖盘
2002,10:50:18,10.32,--,26,26832,卖盘
2003,10:50:15,10.32,-0.01,106,109392,卖盘
2004,10:50:09,10.33,--,24,24792,买盘
2005,10:50:06,10.33,0.01,14,14462,买盘
2006,10:50:00,10.32,--,1,1032,卖盘
2007,10:49:57,10.32,-0.01,50,51600,卖盘
2008,10:49:51,10.33,--,13,13429,买盘
2009,10:49:45,10.33,0.01,7,7231,买盘
2010,10:49:33,10.32,-0.01,47,49195,卖盘
2011,10:49:27,10.33,--,2,2066,买盘
2012,10:49:18,10.33,--,2,2066,买盘
2013,10:49:09,10.33,0.01,411,424563,买盘
2014,10:49:03,10.32,-0.01,1,1032,卖盘
2015,10:49:00,10.33,0.01,2,2066,买盘
2016,10:48:57,10.32,--,1,1032,卖盘
2017,10:48:42,10.32,--,63,65016,卖盘
2018,10:48:36,10.32,-0.01,70,72240,卖盘
2019,10:48:27,10.33,--,20,20660,买盘
2020,10:48:24,10.33,--,1,1033,买盘
2021,10:48:03,10.33,0.01,50,51650,买盘
2022,10:48:00,10.32,-0.01,70,72240,卖盘
2023,10:47:54,10.33,0.01,1,1033,买盘
2024,10:47:51,10.32,--,36,37152,卖盘
2025,10:47:48,10.32,--,5,5160,卖盘
2026,10:47:36,10.32,--,42,44035,卖盘
2027,10:47:21,10.32,--,15,15480,卖盘
2028,10:47:18,10.32,--,20,20640,卖盘
2029,10:47:06,10.32,-0.01,2,2064,卖盘
2030,10:47:00,10.33,0.01,1,1033,买盘
2031,10:46:57,10.32,--,155,159960,卖盘
2032,10:46:54,10.32,--,115,118680,卖盘
2033,10:46:48,10.32,--,10,10320,卖盘
2034,10:46:42,10.32,--,36,37152,卖盘
2035,10:46:36,10.32,--,4,4128,卖盘
2036,10:46:33,10.32,-0.01,150,154800,卖盘
2037,10:46:30,10.33,0.01,100,103300,买盘
2038,10:46:15,10.32,-0.01,20,20640,卖盘
2039,10:46:09,10.33,--,23,23759,买盘
2040,10:46:00,10.33,--,50,51650,买盘
2041,10:45:57,10.33,--,216,223128,买盘
2042,10:45:54,10.33,--,95,98135,买盘
2043,10:45:51,10.33,0.01,41,42353,买盘
2044,10:45:48,10.32,-0.01,13,13416,卖盘
2045,10:45:45,10.33,--,50,51650,买盘
2046,10:45:36,10.33,0.01,45,46485,买盘
2047,10:45:33,10.32,-0.01,10,10320,卖盘
2048,10:45:18,10.33,--,41,42353,买盘
2049,10:45:12,10.33,--,105,108465,买盘
2050,10:44:57,10.33,--,32,33056,买盘
2051,10:44:51,10.33,--,97,100201,买盘
2052,10:44:48,10.33,--,30,30990,买盘
2053,10:44:42,10.33,--,30,30990,买盘
2054,10:44:36,10.33,0.01,197,203501,买盘
2055,10:44:15,10.32,-0.01,34,35088,卖盘
2056,10:44:09,10.33,0.01,1,1033,买盘
2057,10:44:03,10.32,--,94,97008,卖盘
2058,10:43:54,10.32,--,67,69144,卖盘
2059,10:43:45,10.32,-0.01,6,6192,卖盘
2060,10:43:39,10.33,0.01,2,2066,买盘
2061,10:43:36,10.32,--,30,30960,卖盘
2062,10:43:33,10.32,--,3,3096,卖盘
2063,10:43:24,10.32,--,3,3096,卖盘
2064,10:43:15,10.32,-0.01,3,3096,卖盘
2065,10:43:09,10.33,0.01,70,72310,买盘
2066,10:43:03,10.32,-0.01,6,6192,卖盘
2067,10:43:00,10.33,0.01,5,5165,买盘
2068,10:42:57,10.32,--,3,3096,卖盘
2069,10:42:54,10.32,--,3,3096,卖盘
2070,10:42:45,10.32,-0.01,23,23736,卖盘
2071,10:42:39,10.33,--,30,30990,买盘
2072,10:42:36,10.33,0.01,4,4132,买盘
2073,10:42:27,10.32,--,4,4128,卖盘
2074,10:42:24,10.32,--,3,3096,卖盘
2075,10:42:18,10.32,-0.01,36,37152,卖盘
2076,10:42:15,10.33,--,4,4132,买盘
2077,10:42:12,10.33,0.01,95,98135,买盘
2078,10:42:06,10.32,--,27,27864,卖盘
2079,10:42:03,10.32,-0.01,3,3096,卖盘
2080,10:42:00,10.33,--,108,111564,买盘
2081,10:41:57,10.33,0.01,98,101234,买盘
2082,10:41:54,10.32,-0.01,3,3096,卖盘
2083,10:41:51,10.33,--,9,9297,买盘
2084,10:41:48,10.33,0.01,15,15495,买盘
2085,10:41:45,10.32,--,12,12384,卖盘
2086,10:41:39,10.32,-0.01,40,41280,卖盘
2087,10:41:36,10.33,0.01,6,6198,买盘
2088,10:41:33,10.32,--,2,2064,卖盘
2089,10:41:30,10.32,-0.01,2,2064,卖盘
2090,10:41:24,10.33,--,4,4132,买盘
2091,10:41:18,10.33,0.01,10,10330,买盘
2092,10:41:15,10.32,-0.01,8,8256,卖盘
2093,10:40:57,10.33,0.01,3,3099,买盘
2094,10:40:51,10.32,--,300,309600,卖盘
2095,10:40:48,10.32,--,4,4128,卖盘
2096,10:40:39,10.32,-0.01,10,10320,卖盘
2097,10:40:30,10.33,--,1,1033,买盘
2098,10:40:18,10.33,--,5,5165,买盘
2099,10:40:12,10.33,0.01,2,2066,买盘
2100,10:40:09,10.32,--,21,21672,卖盘
2101,10:40:06,10.32,--,100,103200,卖盘
2102,10:40:03,10.32,-0.01,3,3096,卖盘
2103,10:40:00,10.33,0.01,11,11363,买盘
2104,10:39:57,10.32,-0.01,70,72240,卖盘
2105,10:39:45,10.33,0.01,1,1033,买盘
2106,10:39:39,10.32,--,9,9288,卖盘
2107,10:39:36,10.32,-0.01,39,41176,卖盘
2108,10:39:33,10.33,--,2,2066,买盘
2109,10:39:21,10.33,0.01,15,15495,买盘
2110,10:39:03,10.32,--,42,44272,卖盘
2111,10:38:57,10.32,--,2,2064,卖盘
2112,10:38:54,10.32,--,97,100104,卖盘
2113,10:38:51,10.32,--,7,7224,卖盘
2114,10:38:48,10.32,-0.01,150,154800,卖盘
2115,10:38:36,10.33,0.01,1,1033,买盘
2116,10:38:18,10.32,-0.01,50,51600,卖盘
2117,10:38:15,10.33,--,25,25825,买盘
2118,10:38:12,10.33,0.01,1,1033,买盘
2119,10:38:09,10.32,-0.01,4,4128,卖盘
2120,10:38:06,10.33,0.01,9,9297,买盘
2121,10:37:48,10.32,-0.01,97,100104,卖盘
2122,10:37:45,10.33,--,1,1033,买盘
2123,10:37:39,10.33,0.01,17,17561,买盘
2124,10:37:33,10.32,--,12,12384,卖盘
2125,10:37:24,10.32,-0.01,33,34056,卖盘
2126,10:37:18,10.33,--,6,6198,买盘
2127,10:37:12,10.33,0.01,95,98135,买盘
2128,10:37:03,10.32,--,437,450984,卖盘
2129,10:36:57,10.32,-0.01,36,37152,卖盘
2130,10:36:51,10.33,--,89,91937,买盘
2131,10:36:48,10.33,--,3,3099,买盘
2132,10:36:45,10.33,0.01,49,50617,买盘
2133,10:36:39,10.32,--,3,3096,卖盘
2134,10:36:33,10.32,--,38,39216,卖盘
2135,10:36:27,10.32,-0.01,4,4128,卖盘
2136,10:36:18,10.33,0.01,21,21693,买盘
2137,10:36:15,10.32,--,15,15480,卖盘
2138,10:36:06,10.32,--,2,2064,卖盘
2139,10:36:03,10.32,--,114,117648,卖盘
2140,10:35:57,10.32,-0.01,3,3096,卖盘
2141,10:35:51,10.33,0.01,2,2066,买盘
2142,10:35:39,10.32,--,250,258000,卖盘
2143,10:35:15,10.32,--,1,1032,卖盘
2144,10:35:12,10.32,--,50,51600,卖盘
2145,10:35:09,10.32,--,2324,2398966,卖盘
2146,10:35:03,10.32,--,3,3096,卖盘
2147,10:35:00,10.32,--,8,8256,卖盘
2148,10:34:57,10.32,--,471,487073,买盘
2149,10:34:54,10.32,--,16,16512,买盘
2150,10:34:48,10.32,--,15,15480,买盘
2151,10:34:42,10.32,--,317,327144,买盘
2152,10:34:39,10.32,--,490,505710,卖盘
2153,10:34:36,10.32,--,57,58824,卖盘
2154,10:34:33,10.32,--,168,173376,卖盘
2155,10:34:30,10.32,--,210,216720,卖盘
2156,10:34:21,10.32,-0.01,63,65016,卖盘
2157,10:34:18,10.33,--,200,206600,买盘
2158,10:34:15,10.33,0.01,2015,2081495,买盘
2159,10:34:06,10.32,--,20,20640,卖盘
2160,10:34:03,10.32,--,11,11352,卖盘
2161,10:34:00,10.32,-0.01,4,4128,卖盘
2162,10:33:57,10.33,0.01,1,1033,买盘
2163,10:33:54,10.32,-0.01,20,20640,卖盘
2164,10:33:48,10.33,0.01,56,57848,买盘
2165,10:33:45,10.32,--,26,26832,卖盘
2166,10:33:33,10.32,-0.01,2,2064,卖盘
2167,10:33:30,10.33,0.01,1,1033,买盘
2168,10:33:27,10.32,-0.01,121,125501,卖盘
2169,10:33:12,10.33,--,2,2066,买盘
2170,10:33:09,10.33,0.01,14,14462,买盘
2171,10:33:03,10.32,-0.01,88,90816,卖盘
2172,10:32:54,10.33,--,40,41320,买盘
2173,10:32:51,10.33,--,5,5165,买盘
2174,10:32:48,10.33,0.01,34,35122,买盘
2175,10:32:45,10.32,--,10,10320,卖盘
2176,10:32:42,10.32,-0.01,2,2064,卖盘
2177,10:32:36,10.33,0.01,151,155983,买盘
2178,10:32:30,10.32,-0.01,50,51600,卖盘
2179,10:32:24,10.33,--,420,433860,买盘
2180,10:32:06,10.33,--,2,2066,买盘
2181,10:31:39,10.33,0.01,5,5165,买盘
2182,10:31:24,10.32,-0.01,5,5160,卖盘
2183,10:31:21,10.33,0.01,1,1033,买盘
2184,10:31:18,10.32,--,2,2064,卖盘
2185,10:31:12,10.32,--,24,24768,卖盘
2186,10:30:54,10.32,--,6,6192,卖盘
2187,10:30:51,10.32,--,34,35088,卖盘
2188,10:30:39,10.32,-0.01,2,2064,卖盘
2189,10:30:33,10.33,0.01,88,90904,买盘
2190,10:30:30,10.32,-0.01,21,21672,卖盘
2191,10:30:27,10.33,--,4,4132,买盘
2192,10:30:18,10.33,--,8,8264,买盘
2193,10:30:15,10.33,0.01,95,98135,买盘
2194,10:30:12,10.32,-0.01,167,172344,卖盘
2195,10:30:06,10.33,0.01,2,2066,买盘
2196,10:30:03,10.32,-0.01,6,6192,卖盘
2197,10:30:00,10.33,--,49,50617,买盘
2198,10:29:57,10.33,--,49,50617,买盘
2199,10:29:48,10.33,0.01,357,368781,买盘
2200,10:29:45,10.32,-0.01,238,245616,卖盘
2201,10:29:42,10.33,0.01,365,377045,买盘
2202,10:29:36,10.32,--,59,60888,卖盘
2203,10:29:24,10.32,--,9,9288,卖盘
2204,10:29:18,10.32,-0.01,300,309600,卖盘
2205,10:29:12,10.33,0.01,21,21693,买盘
2206,10:29:09,10.32,--,30,30960,卖盘
2207,10:28:57,10.32,--,10,10320,卖盘
2208,10:28:45,10.32,--,40,41280,卖盘
2209,10:28:42,10.32,--,1,1032,卖盘
2210,10:28:33,10.32,--,30,30960,卖盘
2211,10:28:24,10.32,--,18,18576,卖盘
2212,10:28:21,10.32,--,10,10320,卖盘
2213,10:28:18,10.32,--,13,13416,卖盘
2214,10:28:09,10.32,--,50,51600,卖盘
2215,10:28:03,10.32,--,8,8256,卖盘
2216,10:28:00,10.32,--,100,103200,卖盘
2217,10:27:57,10.32,-0.01,2,2064,卖盘
2218,10:27:54,10.33,0.01,2,2066,买盘
2219,10:27:48,10.32,--,10,10320,卖盘
2220,10:27:45,10.32,--,100,103200,卖盘
2221,10:27:42,10.32,--,26,26832,卖盘
2222,10:27:36,10.32,--,18,18576,卖盘
2223,10:27:27,10.32,-0.01,2,2064,卖盘
2224,10:27:24,10.33,0.01,1,1033,买盘
2225,10:27:21,10.32,--,10,10320,卖盘
2226,10:27:15,10.32,--,5,5160,卖盘
2227,10:27:12,10.32,-0.01,105,108360,卖盘
2228,10:27:09,10.33,0.01,10,10330,买盘
2229,10:27:06,10.32,-0.01,179,184728,卖盘
2230,10:26:54,10.33,--,2,2066,买盘
2231,10:26:51,10.33,--,34,35122,买盘
2232,10:26:39,10.33,--,152,157016,买盘
2233,10:26:36,10.33,--,1,1033,买盘
2234,10:26:30,10.33,--,100,103300,买盘
2235,10:26:27,10.33,0.01,10,10330,买盘
2236,10:26:21,10.32,-0.01,30,30960,卖盘
2237,10:26:12,10.33,--,80,82640,买盘
2238,10:26:09,10.33,0.01,72,74376,买盘
2239,10:26:03,10.32,-0.01,70,72240,卖盘
2240,10:26:00,10.33,--,1,1033,买盘
2241,10:25:51,10.33,--,2,2066,买盘
2242,10:25:48,10.33,--,10,10330,买盘
2243,10:25:42,10.33,0.01,50,51650,买盘
2244,10:25:39,10.32,-0.01,13,13416,卖盘
2245,10:25:33,10.33,0.01,120,123960,买盘
2246,10:25:27,10.32,-0.01,24,24768,卖盘
2247,10:25:24,10.33,--,5,5165,买盘
2248,10:25:18,10.33,0.01,10,10330,买盘
2249,10:25:09,10.32,-0.01,10,10320,卖盘
2250,10:25:06,10.33,--,2,2066,买盘
2251,10:25:03,10.33,0.01,9,9297,买盘
2252,10:25:00,10.32,--,2,2064,卖盘
2253,10:24:54,10.32,--,5,5160,卖盘
2254,10:24:42,10.32,-0.01,12,12384,卖盘
2255,10:24:39,10.33,0.01,2,2066,买盘
2256,10:24:36,10.32,--,4,4128,卖盘
2257,10:24:30,10.32,--,20,20640,卖盘
2258,10:24:27,10.32,--,40,41280,卖盘
2259,10:24:24,10.32,-0.01,3,3096,卖盘
2260,10:24:15,10.33,0.01,27,27891,买盘
2261,10:24:09,10.32,--,79,81528,卖盘
2262,10:24:06,10.32,-0.01,1,1032,卖盘
2263,10:24:03,10.33,--,52,53716,买盘
2264,10:23:57,10.33,0.01,2,2066,买盘
2265,10:23:54,10.32,-0.01,20,20640,卖盘
2266,10:23:48,10.33,0.01,103,106399,买盘
2267,10:23:45,10.32,-0.01,1,1032,卖盘
2268,10:23:36,10.33,--,143,147719,买盘
2269,10:23:33,10.33,--,60,61980,买盘
2270,10:23:27,10.33,0.01,10,10330,买盘
2271,10:23:21,10.32,-0.01,88,90816,卖盘
2272,10:23:15,10.33,0.01,6,6198,买盘
2273,10:23:06,10.32,-0.01,2,2064,卖盘
2274,10:23:00,10.33,--,10,10330,买盘
2275,10:22:57,10.33,0.01,76,78508,买盘
2276,10:22:54,10.32,--,79,81528,卖盘
2277,10:22:51,10.32,-0.01,20,20640,卖盘
2278,10:22:45,10.33,--,10,10330,买盘
2279,10:22:42,10.33,0.01,400,413200,买盘
2280,10:22:36,10.32,--,11,11352,卖盘
2281,10:22:24,10.32,-0.01,3,3096,卖盘
2282,10:22:18,10.33,0.01,500,516500,买盘
2283,10:22:15,10.32,-0.01,3,3096,卖盘
2284,10:22:12,10.33,0.01,200,206600,买盘
2285,10:22:09,10.32,-0.01,3,3096,卖盘
2286,10:22:03,10.33,0.01,5,5165,买盘
2287,10:21:51,10.32,--,2,2064,卖盘
2288,10:21:36,10.32,-0.01,6,6192,卖盘
2289,10:21:33,10.33,--,146,150818,买盘
2290,10:21:30,10.33,0.01,10,10330,买盘
2291,10:21:27,10.32,--,2,2064,卖盘
2292,10:21:21,10.32,--,3,3096,卖盘
2293,10:21:15,10.32,--,10,10320,卖盘
2294,10:21:09,10.32,-0.01,5,5160,卖盘
2295,10:21:03,10.33,0.01,91,94003,买盘
2296,10:21:00,10.32,-0.01,4,4128,卖盘
2297,10:20:57,10.33,0.01,7,7231,买盘
2298,10:20:48,10.32,-0.01,5,5160,卖盘
2299,10:20:42,10.33,0.01,98,101234,买盘
2300,10:20:36,10.32,--,5,5160,卖盘
2301,10:20:30,10.32,--,110,113891,买盘
2302,10:20:27,10.32,--,10,10320,买盘
2303,10:20:18,10.32,--,1,1032,买盘
2304,10:20:15,10.32,--,95,98040,买盘
2305,10:20:09,10.32,--,50,51600,买盘
2306,10:20:00,10.32,0.01,73,75336,买盘
2307,10:19:45,10.31,-0.01,54,55674,卖盘
2308,10:19:36,10.32,--,20,20640,买盘
2309,10:19:33,10.32,--,20,20640,买盘
2310,10:19:27,10.32,0.01,26,26832,买盘
2311,10:19:24,10.31,--,30,30930,卖盘
2312,10:19:21,10.31,--,3,3093,卖盘
2313,10:19:18,10.31,-0.01,89,91759,卖盘
2314,10:19:15,10.32,0.01,498,513936,买盘
2315,10:19:12,10.31,-0.01,16,16496,卖盘
2316,10:19:09,10.32,0.01,50,51600,买盘
2317,10:19:00,10.31,--,10,10310,卖盘
2318,10:18:57,10.31,--,2,2062,卖盘
2319,10:18:54,10.31,--,55,56705,卖盘
2320,10:18:45,10.31,-0.01,1,1031,卖盘
2321,10:18:42,10.32,0.01,22,22704,买盘
2322,10:18:27,10.31,--,1,1031,卖盘
2323,10:18:24,10.31,-0.01,2,2062,卖盘
2324,10:18:06,10.32,--,20,20640,买盘
2325,10:18:03,10.32,--,141,145512,买盘
2326,10:17:54,10.32,0.01,29,29928,买盘
2327,10:17:48,10.31,--,50,51550,卖盘
2328,10:17:45,10.31,-0.01,28,28868,卖盘
2329,10:17:42,10.32,--,30,30960,买盘
2330,10:17:39,10.32,--,10,10320,买盘
2331,10:17:36,10.32,--,12,12384,买盘
2332,10:17:30,10.32,--,2,2064,买盘
2333,10:17:21,10.32,--,10,10320,买盘
2334,10:17:18,10.32,--,1,1032,买盘
2335,10:17:15,10.32,--,178,184356,卖盘
2336,10:17:12,10.32,--,38,39216,卖盘
2337,10:17:09,10.32,-0.01,50,51600,卖盘
2338,10:17:03,10.33,0.01,123,127059,买盘
2339,10:16:57,10.32,--,129,133499,买盘
2340,10:16:54,10.32,--,25,25800,买盘
2341,10:16:51,10.32,--,119,122808,买盘
2342,10:16:48,10.32,--,265,273480,买盘
2343,10:16:45,10.32,--,48,49536,买盘
2344,10:16:42,10.32,--,20,20640,买盘
2345,10:16:39,10.32,--,31,31992,买盘
2346,10:16:33,10.32,--,40,41280,买盘
2347,10:16:30,10.32,--,4,4128,买盘
2348,10:16:27,10.32,--,32,33684,卖盘
2349,10:16:24,10.32,--,58,60227,买盘
2350,10:16:15,10.32,--,44,45408,买盘
2351,10:16:09,10.32,--,110,113520,买盘
2352,10:16:06,10.32,--,98,101136,买盘
2353,10:16:03,10.32,--,49,50568,买盘
2354,10:16:00,10.32,--,43,44376,买盘
2355,10:15:57,10.32,0.01,200,206400,买盘
2356,10:15:54,10.31,-0.01,32,32992,卖盘
2357,10:15:51,10.32,--,5,5160,买盘
2358,10:15:48,10.32,0.01,6,6192,买盘
2359,10:15:45,10.31,-0.01,27,27837,卖盘
2360,10:15:42,10.32,--,94,97008,买盘
2361,10:15:39,10.32,--,184,190548,卖盘
2362,10:15:36,10.32,--,1189,1227048,卖盘
2363,10:15:33,10.32,--,60,61920,卖盘
2364,10:15:30,10.32,-0.01,397,409704,卖盘
2365,10:15:27,10.33,--,49,50617,买盘
2366,10:15:21,10.33,--,5,5165,买盘
2367,10:15:18,10.33,--,49,50617,买盘
2368,10:15:15,10.33,--,36,37188,买盘
2369,10:15:12,10.33,--,18,18594,买盘
2370,10:15:09,10.33,0.01,454,468982,买盘
2371,10:15:06,10.32,--,612,631584,卖盘
2372,10:15:00,10.32,--,5,5160,卖盘
2373,10:14:45,10.32,--,195,201611,买盘
2374,10:14:42,10.32,0.01,109,112488,买盘
2375,10:14:39,10.31,-0.01,113,116503,卖盘
2376,10:14:36,10.32,--,28,28896,买盘
2377,10:14:33,10.32,--,5,5160,买盘
2378,10:14:30,10.32,--,339,349848,买盘
2379,10:14:21,10.32,--,31,31992,买盘
2380,10:14:18,10.32,--,750,774660,卖盘
2381,10:14:15,10.32,--,109,112488,卖盘
2382,10:13:51,10.32,--,1563,1613387,买盘
2383,10:13:45,10.32,--,70,72240,买盘
2384,10:13:42,10.32,--,5557,5734824,买盘
2385,10:13:39,10.32,--,135,139320,买盘
2386,10:13:36,10.32,0.01,842,868944,买盘
2387,10:13:33,10.31,-0.01,60,61860,卖盘
2388,10:13:30,10.32,--,63,65016,买盘
2389,10:13:27,10.32,--,433,446856,买盘
2390,10:13:24,10.32,0.01,5,5160,买盘
2391,10:13:21,10.31,-0.01,355,366005,卖盘
2392,10:13:18,10.32,--,10,10320,买盘
2393,10:13:15,10.32,--,1,1032,买盘
2394,10:13:06,10.32,-0.01,2085,2151761,卖盘
2395,10:13:00,10.33,--,5,5165,买盘
2396,10:12:54,10.33,--,5,5165,买盘
2397,10:12:51,10.33,--,4,4132,买盘
2398,10:12:48,10.33,0.01,18,18594,买盘
2399,10:12:45,10.32,-0.01,28,28896,卖盘
2400,10:12:39,10.33,0.01,23,23759,买盘
2401,10:12:36,10.32,-0.01,20,20640,卖盘
2402,10:12:33,10.33,--,14,14462,买盘
2403,10:12:30,10.33,--,124,128092,买盘
2404,10:12:27,10.33,--,315,325395,买盘
2405,10:12:24,10.33,--,13,13429,买盘
2406,10:12:18,10.33,0.01,205,211765,买盘
2407,10:12:15,10.32,-0.01,2,2064,卖盘
2408,10:12:12,10.33,--,95,98135,买盘
2409,10:12:09,10.33,--,653,674549,买盘
2410,10:12:06,10.33,0.01,55,56815,买盘
2411,10:12:03,10.32,--,14,14448,卖盘
2412,10:11:54,10.32,-0.01,100,103200,卖盘
2413,10:11:51,10.33,0.01,113,116729,买盘
2414,10:11:48,10.32,--,42,43921,卖盘
2415,10:11:45,10.32,--,38,39216,卖盘
2416,10:11:39,10.32,--,2,2064,卖盘
2417,10:11:36,10.32,--,1512,1560796,买盘
2418,10:11:33,10.32,--,83,85656,买盘
2419,10:11:27,10.32,--,310,319920,买盘
2420,10:11:21,10.32,--,2,2064,买盘
2421,10:11:18,10.32,--,7,7224,买盘
2422,10:11:15,10.32,0.01,500,516000,买盘
2423,10:11:12,10.31,-0.01,10,10310,卖盘
2424,10:11:09,10.32,--,23,23736,买盘
2425,10:11:00,10.32,--,95,98040,买盘
2426,10:10:54,10.32,0.01,17,17544,买盘
2427,10:10:51,10.31,--,50,51550,卖盘
2428,10:10:45,10.31,--,43,44333,卖盘
2429,10:10:42,10.31,-0.01,50,51550,卖盘
2430,10:10:39,10.32,--,79,81528,买盘
2431,10:10:36,10.32,0.01,15,15480,买盘
2432,10:10:33,10.31,-0.01,8,8248,卖盘
2433,10:10:30,10.32,0.01,400,412800,买盘
2434,10:10:27,10.31,--,11,11341,卖盘
2435,10:10:21,10.31,--,8,8248,卖盘
2436,10:10:09,10.31,-0.01,1,1031,卖盘
2437,10:10:03,10.32,0.01,10,10320,买盘
2438,10:09:57,10.31,-0.01,15,15465,卖盘
2439,10:09:54,10.32,0.01,11,11352,买盘
2440,10:09:45,10.31,-0.01,28,28868,卖盘
2441,10:09:36,10.32,--,100,103200,买盘
2442,10:09:33,10.32,--,10,10320,买盘
2443,10:09:24,10.32,--,3,3096,买盘
2444,10:09:15,10.32,0.01,10,10320,买盘
2445,10:09:12,10.31,-0.01,18,18558,卖盘
2446,10:09:09,10.32,--,5,5160,买盘
2447,10:08:48,10.32,0.01,2,2064,买盘
2448,10:08:45,10.31,-0.01,52,53612,卖盘
2449,10:08:42,10.32,--,36,37152,买盘
2450,10:08:39,10.32,--,180,185760,买盘
2451,10:08:36,10.32,0.01,112,115584,买盘
2452,10:08:30,10.31,--,36,37971,卖盘
2453,10:08:24,10.31,--,3,3093,卖盘
2454,10:08:18,10.31,--,2,2062,卖盘
2455,10:08:12,10.31,--,3,3093,卖盘
2456,10:08:03,10.31,--,61,63643,买盘
2457,10:08:00,10.31,0.01,13,13403,买盘
2458,10:07:57,10.3,-0.01,109,112270,卖盘
2459,10:07:51,10.31,--,11,11341,买盘
2460,10:07:48,10.31,0.01,41,42271,买盘
2461,10:07:45,10.3,-0.01,315,324450,卖盘
2462,10:07:42,10.31,--,35,36085,买盘
2463,10:07:33,10.31,--,84,86604,买盘
2464,10:07:27,10.31,--,15,15465,买盘
2465,10:07:24,10.31,--,10,10310,买盘
2466,10:07:18,10.31,--,1,1031,买盘
2467,10:07:15,10.31,--,22,22682,买盘
2468,10:07:12,10.31,--,1203,1240293,买盘
2469,10:07:09,10.31,-0.01,432,445670,卖盘
2470,10:07:06,10.32,--,128,132096,买盘
2471,10:07:03,10.32,--,28,28896,买盘
2472,10:07:00,10.32,--,33,34056,买盘
2473,10:06:51,10.32,--,1,1032,买盘
2474,10:06:45,10.32,0.01,308,317856,买盘
2475,10:06:42,10.31,--,84,86604,卖盘
2476,10:06:39,10.31,--,4,4124,卖盘
2477,10:06:30,10.31,--,78,80418,卖盘
2478,10:06:27,10.31,0.01,2515,2593717,买盘
2479,10:06:24,10.3,-0.01,21,21630,卖盘
2480,10:06:21,10.31,--,7,7217,买盘
2481,10:06:12,10.31,0.01,250,257750,买盘
2482,10:06:09,10.3,--,60,61800,卖盘
2483,10:06:06,10.3,-0.01,20,20600,卖盘
2484,10:06:00,10.31,0.01,13,13403,买盘
2485,10:05:57,10.3,-0.01,13,13390,卖盘
2486,10:05:54,10.31,0.01,20,20620,买盘
2487,10:05:51,10.3,-0.01,15,15656,卖盘
2488,10:05:45,10.31,--,32,32992,买盘
2489,10:05:42,10.31,--,3,3093,买盘
2490,10:05:39,10.31,--,230,237130,买盘
2491,10:05:36,10.31,--,34,35054,买盘
2492,10:05:33,10.31,--,5,5155,买盘
2493,10:05:24,10.31,--,159,164207,卖盘
2494,10:05:21,10.31,--,5,5155,卖盘
2495,10:05:18,10.31,--,35,36085,卖盘
2496,10:05:09,10.31,--,1925,1985427,买盘
2497,10:05:06,10.31,--,1,1031,买盘
2498,10:05:03,10.31,--,1902,1961054,买盘
2499,10:04:54,10.31,--,36,37116,买盘
2500,10:04:51,10.31,0.01,20,20620,买盘
2501,10:04:45,10.3,--,28,28840,卖盘
2502,10:04:42,10.3,--,130,133900,卖盘
2503,10:04:33,10.3,--,32,32960,卖盘
2504,10:04:30,10.3,--,45,46350,卖盘
2505,10:04:15,10.3,--,195,200850,卖盘
2506,10:04:09,10.3,--,40,41200,卖盘
2507,10:04:03,10.3,--,100,103000,卖盘
2508,10:04:00,10.3,-0.01,95,97850,卖盘
2509,10:03:57,10.31,--,39,40209,买盘
2510,10:03:51,10.31,0.01,10,10310,买盘
2511,10:03:45,10.3,-0.01,31,31930,卖盘
2512,10:03:42,10.31,0.01,2,2062,买盘
2513,10:03:39,10.3,-0.01,3,3090,卖盘
2514,10:03:36,10.31,0.01,300,309300,买盘
2515,10:03:27,10.3,-0.01,18,18540,卖盘
2516,10:03:24,10.31,--,180,185580,买盘
2517,10:03:18,10.31,--,9,9279,买盘
2518,10:03:15,10.31,--,10,10310,买盘
2519,10:03:12,10.31,--,1988,2049906,卖盘
2520,10:02:57,10.31,--,1297,1337959,买盘
2521,10:02:54,10.31,--,13,13403,买盘
2522,10:02:45,10.31,--,38,39178,买盘
2523,10:02:42,10.31,0.01,17,17527,买盘
2524,10:02:39,10.3,-0.01,36,37080,卖盘
2525,10:02:36,10.31,--,30,30930,买盘
2526,10:02:33,10.31,--,12,12372,买盘
2527,10:02:30,10.31,--,8,8248,买盘
2528,10:02:27,10.31,--,7,7217,买盘
2529,10:02:24,10.31,--,232,239192,买盘
2530,10:02:21,10.31,--,50,51550,买盘
2531,10:02:18,10.31,--,180,185580,买盘
2532,10:02:15,10.31,--,150,154650,买盘
2533,10:02:12,10.31,--,131,135061,买盘
2534,10:02:06,10.31,--,360,371160,买盘
2535,10:02:03,10.31,--,21,21651,买盘
2536,10:02:00,10.31,0.01,30,30930,买盘
2537,10:01:54,10.3,-0.01,33,33990,卖盘
2538,10:01:51,10.31,--,5,5155,买盘
2539,10:01:48,10.31,0.01,12,12372,买盘
2540,10:01:45,10.3,-0.01,38,39140,卖盘
2541,10:01:39,10.31,--,32,32992,买盘
2542,10:01:33,10.31,0.01,6,6186,买盘
2543,10:01:30,10.3,--,37,38110,卖盘
2544,10:01:27,10.3,--,734,756020,卖盘
2545,10:01:21,10.3,-0.01,13,13390,卖盘
2546,10:01:18,10.31,--,173,178363,买盘
2547,10:01:15,10.31,--,692,713452,买盘
2548,10:01:06,10.31,--,15,15465,买盘
2549,10:01:03,10.31,0.01,69,71139,买盘
2550,10:01:00,10.3,-0.01,35,36050,卖盘
2551,10:00:54,10.31,--,4,4124,买盘
2552,10:00:51,10.31,--,5,5155,买盘
2553,10:00:48,10.31,0.01,101,104131,买盘
2554,10:00:45,10.3,-0.01,30,30900,卖盘
2555,10:00:42,10.31,0.01,190,195890,买盘
2556,10:00:39,10.3,--,35,36050,卖盘
2557,10:00:36,10.3,--,2,2060,卖盘
2558,10:00:33,10.3,-0.01,33,33990,卖盘
2559,10:00:30,10.31,--,4,4124,买盘
2560,10:00:18,10.31,--,223,229913,买盘
2561,10:00:12,10.31,--,5,5155,买盘
2562,10:00:03,10.31,0.01,10,10310,买盘
2563,10:00:00,10.3,--,4,4120,卖盘
2564,09:59:57,10.3,-0.01,1,1030,卖盘
2565,09:59:54,10.31,--,315,324765,买盘
2566,09:59:51,10.31,0.01,5,5155,买盘
2567,09:59:45,10.3,-0.01,79,81370,卖盘
2568,09:59:42,10.31,0.01,30,30930,买盘
2569,09:59:39,10.3,-0.01,111,114330,卖盘
2570,09:59:30,10.31,--,100,103100,买盘
2571,09:59:24,10.31,--,8,8248,买盘
2572,09:59:18,10.31,--,5,5155,买盘
2573,09:59:15,10.31,--,21,21651,买盘
2574,09:59:06,10.31,--,103,106193,买盘
2575,09:59:03,10.31,--,51,52581,买盘
2576,09:58:57,10.31,--,100,103100,买盘
2577,09:58:54,10.31,--,1789,1844459,买盘
2578,09:58:51,10.31,0.01,10,10310,买盘
2579,09:58:48,10.3,--,30,30900,卖盘
2580,09:58:45,10.3,-0.01,33,33990,卖盘
2581,09:58:36,10.31,0.01,292,301052,买盘
2582,09:58:33,10.3,-0.01,208,214240,卖盘
2583,09:58:27,10.31,--,10,10310,买盘
2584,09:58:24,10.31,--,40,41240,买盘
2585,09:58:18,10.31,--,8,8248,买盘
2586,09:58:15,10.31,--,5,5155,买盘
2587,09:58:12,10.31,--,323,333013,买盘
2588,09:58:09,10.31,--,8,8248,买盘
2589,09:58:03,10.31,0.01,229,236099,买盘
2590,09:57:57,10.3,--,1015,1045450,卖盘
2591,09:57:54,10.3,--,35,36050,卖盘
2592,09:57:51,10.3,-0.01,20,20600,卖盘
2593,09:57:45,10.31,--,44,45364,买盘
2594,09:57:36,10.31,--,100,103100,买盘
2595,09:57:33,10.31,--,5,5155,买盘
2596,09:57:30,10.31,--,265,273215,买盘
2597,09:57:27,10.31,0.01,14,14434,买盘
2598,09:57:24,10.3,-0.01,17,17510,卖盘
2599,09:57:21,10.31,--,2,2062,买盘
2600,09:57:18,10.31,--,70,72170,买盘
2601,09:57:12,10.31,--,70,72170,买盘
2602,09:57:09,10.31,0.01,64,65984,买盘
2603,09:57:06,10.3,-0.01,156,160680,卖盘
2604,09:57:03,10.31,--,200,206200,买盘
2605,09:57:00,10.31,--,30,30930,买盘
2606,09:56:57,10.31,--,200,206200,买盘
2607,09:56:54,10.31,--,91,93821,买盘
2608,09:56:48,10.31,--,20,20620,买盘
2609,09:56:45,10.31,-0.01,1122,1156916,卖盘
2610,09:56:42,10.32,0.01,44,45408,买盘
2611,09:56:39,10.31,--,169,174239,卖盘
2612,09:56:36,10.31,--,101,104131,卖盘
2613,09:56:33,10.31,--,689,710359,卖盘
2614,09:56:30,10.31,--,130,134030,卖盘
2615,09:56:27,10.31,--,360,371160,卖盘
2616,09:56:24,10.31,--,10,10310,卖盘
2617,09:56:18,10.31,--,30,30930,卖盘
2618,09:56:12,10.31,--,394,406214,卖盘
2619,09:56:03,10.31,--,1073,1107159,买盘
2620,09:56:00,10.31,--,52,53612,买盘
2621,09:55:57,10.31,--,555,572390,买盘
2622,09:55:54,10.31,--,45,46395,买盘
2623,09:55:51,10.31,--,5,5155,买盘
2624,09:55:48,10.31,--,70,72170,买盘
2625,09:55:45,10.31,--,390,402090,买盘
2626,09:55:42,10.31,--,300,309300,买盘
2627,09:55:36,10.31,--,116,119596,买盘
2628,09:55:33,10.31,--,40,41240,买盘
2629,09:55:30,10.31,--,120,123720,买盘
2630,09:55:27,10.31,--,35,36085,买盘
2631,09:55:24,10.31,--,9,9279,买盘
2632,09:55:21,10.31,--,190,195890,买盘
2633,09:55:18,10.31,--,13,13403,买盘
2634,09:55:15,10.31,--,45,46395,买盘
2635,09:55:12,10.31,--,139,143309,买盘
2636,09:55:06,10.31,--,20,20620,买盘
2637,09:55:03,10.31,--,55,56705,买盘
2638,09:55:00,10.31,--,19,19589,买盘
2639,09:54:57,10.31,--,52,53612,买盘
2640,09:54:51,10.31,--,10,10310,买盘
2641,09:54:45,10.31,--,72,74232,买盘
2642,09:54:42,10.31,--,25,25775,买盘
2643,09:54:36,10.31,--,17,17527,买盘
2644,09:54:33,10.31,--,36,37116,买盘
2645,09:54:30,10.31,--,831,856895,卖盘
2646,09:54:24,10.31,--,160,164960,卖盘
2647,09:54:18,10.31,--,40,41240,卖盘
2648,09:54:09,10.31,--,270,278370,卖盘
2649,09:54:06,10.31,--,860,887556,买盘
2650,09:54:03,10.31,--,171,176301,买盘
2651,09:54:00,10.31,--,166,171146,买盘
2652,09:53:57,10.31,--,68,70108,买盘
2653,09:53:54,10.31,--,50,51550,买盘
2654,09:53:48,10.31,--,12,12372,买盘
2655,09:53:45,10.31,0.01,224,230944,买盘
2656,09:53:42,10.3,-0.01,136,140080,卖盘
2657,09:53:39,10.31,--,46,47426,买盘
2658,09:53:36,10.31,--,19,19589,买盘
2659,09:53:33,10.31,--,141,145371,买盘
2660,09:53:30,10.31,--,20,20620,买盘
2661,09:53:27,10.31,--,371,382501,买盘
2662,09:53:24,10.31,--,90,92790,买盘
2663,09:53:18,10.31,--,150,154650,买盘
2664,09:53:15,10.31,--,10,10310,买盘
2665,09:53:09,10.31,--,20,20620,买盘
2666,09:53:06,10.31,--,269,277339,买盘
2667,09:53:03,10.31,--,78,80418,买盘
2668,09:52:57,10.31,--,30,30930,买盘
2669,09:52:54,10.31,--,38,39178,买盘
2670,09:52:45,10.31,--,448,461888,买盘
2671,09:52:42,10.31,--,5,5155,买盘
2672,09:52:36,10.31,--,16,16496,买盘
2673,09:52:33,10.31,--,39,40209,买盘
2674,09:52:27,10.31,--,4,4124,买盘
2675,09:52:24,10.31,--,100,103100,买盘
2676,09:52:21,10.31,--,106,109286,买盘
2677,09:52:15,10.31,--,500,515500,买盘
2678,09:52:12,10.31,--,47,48457,买盘
2679,09:52:09,10.31,--,13,13403,买盘
2680,09:52:03,10.31,0.01,6,6186,买盘
2681,09:52:00,10.3,-0.01,29,29870,卖盘
2682,09:51:57,10.31,--,6,6186,买盘
2683,09:51:54,10.31,--,210,216510,买盘
2684,09:51:51,10.31,--,50,51550,买盘
2685,09:51:48,10.31,--,87,89697,买盘
2686,09:51:45,10.31,0.01,179,184549,买盘
2687,09:51:42,10.3,-0.01,20,20600,卖盘
2688,09:51:36,10.31,--,14,14434,买盘
2689,09:51:33,10.31,--,663,683687,卖盘
2690,09:51:30,10.31,--,145,149495,卖盘
2691,09:51:27,10.31,-0.01,25,25775,卖盘
2692,09:51:24,10.32,0.01,20,20640,买盘
2693,09:51:21,10.31,-0.01,2031,2093961,卖盘
2694,09:51:12,10.32,0.01,2,2064,买盘
2695,09:51:06,10.31,--,51,52581,卖盘
2696,09:51:03,10.31,--,25,25775,卖盘
2697,09:50:45,10.31,-0.01,28,28868,卖盘
2698,09:50:42,10.32,0.01,48,49536,买盘
2699,09:50:39,10.31,--,26,26806,卖盘
2700,09:50:36,10.31,--,109,113275,买盘
2701,09:50:33,10.31,--,62,64056,卖盘
2702,09:50:27,10.31,--,831,856761,卖盘
2703,09:50:24,10.31,--,100,103100,卖盘
2704,09:50:15,10.31,--,382,394738,买盘
2705,09:50:12,10.31,--,96,98976,买盘
2706,09:50:09,10.31,0.01,54,55674,买盘
2707,09:50:06,10.3,-0.01,98,100940,卖盘
2708,09:50:03,10.31,--,160,164960,买盘
2709,09:50:00,10.31,--,209,215479,买盘
2710,09:49:57,10.31,0.01,30,30930,买盘
2711,09:49:54,10.3,-0.01,10,10300,卖盘
2712,09:49:51,10.31,--,508,523748,买盘
2713,09:49:48,10.31,0.01,178,183518,买盘
2714,09:49:45,10.3,-0.01,28,28840,卖盘
2715,09:49:42,10.31,0.01,289,297959,买盘
2716,09:49:36,10.3,--,84,86520,卖盘
2717,09:49:30,10.3,-0.01,101,104030,卖盘
2718,09:49:27,10.31,--,7,7217,买盘
2719,09:49:24,10.31,0.01,40,41240,买盘
2720,09:49:18,10.3,-0.01,25,25750,卖盘
2721,09:49:15,10.31,--,27,27837,买盘
2722,09:49:12,10.31,--,15,15465,买盘
2723,09:49:09,10.31,--,20,20620,买盘
2724,09:49:06,10.31,--,100,103100,买盘
2725,09:48:54,10.31,--,1,1031,买盘
2726,09:48:51,10.31,--,139,143309,买盘
2727,09:48:48,10.31,--,159,163929,买盘
2728,09:48:45,10.31,--,29,29899,买盘
2729,09:48:39,10.31,--,135,139185,买盘
2730,09:48:36,10.31,--,248,256079,卖盘
2731,09:48:33,10.31,-0.01,35,36085,卖盘
2732,09:48:30,10.32,0.01,16,16512,买盘
2733,09:48:15,10.31,-0.01,100,103100,卖盘
2734,09:48:12,10.32,0.01,50,51600,买盘
2735,09:48:09,10.31,--,450,463950,卖盘
2736,09:48:06,10.31,--,1,1031,卖盘
2737,09:48:03,10.31,--,40,41879,买盘
2738,09:48:00,10.31,--,15,15465,买盘
2739,09:47:57,10.31,--,40,41240,买盘
2740,09:47:51,10.31,--,209,215479,买盘
2741,09:47:48,10.31,--,21,21651,买盘
2742,09:47:45,10.31,--,26,26806,买盘
2743,09:47:42,10.31,--,38,39178,买盘
2744,09:47:39,10.31,0.01,81,83511,买盘
2745,09:47:36,10.3,-0.01,8,8240,卖盘
2746,09:47:33,10.31,0.01,7,7217,买盘
2747,09:47:30,10.3,-0.01,20,20600,卖盘
2748,09:47:27,10.31,--,176,181456,买盘
2749,09:47:24,10.31,--,82,84542,买盘
2750,09:47:21,10.31,--,5,5155,买盘
2751,09:47:18,10.31,--,143,147433,买盘
2752,09:47:15,10.31,--,99,102069,买盘
2753,09:47:12,10.31,--,38,39178,买盘
2754,09:47:06,10.31,--,190,195890,买盘
2755,09:47:03,10.31,0.01,90,92790,买盘
2756,09:47:00,10.3,--,30,30900,卖盘
2757,09:46:57,10.3,-0.01,32,32960,卖盘
2758,09:46:54,10.31,--,1,1031,买盘
2759,09:46:48,10.31,--,84,86604,买盘
2760,09:46:45,10.31,--,112,115472,买盘
2761,09:46:42,10.31,--,19,19589,买盘
2762,09:46:39,10.31,--,108,111997,买盘
2763,09:46:33,10.31,--,6,6186,买盘
2764,09:46:27,10.31,--,11,11341,买盘
2765,09:46:21,10.31,--,26,26806,买盘
2766,09:46:09,10.31,--,59,60829,买盘
2767,09:46:06,10.31,--,51,52581,买盘
2768,09:46:00,10.31,--,3,3093,买盘
2769,09:45:57,10.31,--,1,1031,买盘
2770,09:45:48,10.31,--,70,72170,买盘
2771,09:45:45,10.31,0.01,52,53612,买盘
2772,09:45:39,10.3,--,1,1030,卖盘
2773,09:45:24,10.3,-0.01,23,23690,卖盘
2774,09:45:21,10.31,0.01,160,164960,买盘
2775,09:45:18,10.3,-0.01,53,54590,卖盘
2776,09:45:12,10.31,0.01,210,216510,买盘
2777,09:45:09,10.3,-0.01,10,10300,卖盘
2778,09:45:06,10.31,0.01,217,223727,买盘
2779,09:44:57,10.3,0.01,1810,1864712,买盘
2780,09:44:54,10.29,-0.01,1,1029,卖盘
2781,09:44:51,10.3,--,13,13390,买盘
2782,09:44:45,10.3,0.01,5,5150,买盘
2783,09:44:39,10.29,--,16,16464,卖盘
2784,09:44:36,10.29,--,9,9261,卖盘
2785,09:44:30,10.29,--,5,5145,卖盘
2786,09:44:27,10.29,-0.01,40,41160,卖盘
2787,09:44:24,10.3,--,10,10300,买盘
2788,09:44:21,10.3,0.01,5,5150,买盘
2789,09:44:15,10.29,--,10,10290,卖盘
2790,09:44:12,10.29,-0.01,1,1029,卖盘
2791,09:44:06,10.3,--,43,44290,买盘
2792,09:44:03,10.3,--,5,5150,买盘
2793,09:43:57,10.3,0.01,14,14420,买盘
2794,09:43:51,10.29,--,102,104957,卖盘
2795,09:43:45,10.29,-0.01,1,1029,卖盘
2796,09:43:36,10.3,0.01,40,41200,买盘
2797,09:43:33,10.29,-0.01,13,13376,卖盘
2798,09:43:30,10.3,--,34,35020,买盘
2799,09:43:27,10.3,0.01,10,10300,买盘
2800,09:43:18,10.29,--,10,10290,卖盘
2801,09:43:12,10.29,--,7,7202,卖盘
2802,09:43:06,10.29,-0.01,22,22637,卖盘
2803,09:42:57,10.3,--,60,61800,买盘
2804,09:42:54,10.3,0.01,85,87550,买盘
2805,09:42:48,10.29,-0.01,124,127595,卖盘
2806,09:42:45,10.3,0.01,35,36050,买盘
2807,09:42:42,10.29,-0.01,1,1029,卖盘
2808,09:42:39,10.3,--,14,14420,买盘
2809,09:42:36,10.3,--,20,20600,买盘
2810,09:42:30,10.3,--,10,10300,买盘
2811,09:42:27,10.3,0.01,37,38110,买盘
2812,09:42:21,10.29,-0.01,25,25724,卖盘
2813,09:42:18,10.3,--,5,5150,买盘
2814,09:42:12,10.3,0.01,12,12360,买盘
2815,09:42:09,10.29,-0.01,145,149205,卖盘
2816,09:42:06,10.3,--,60,61800,买盘
2817,09:42:03,10.3,--,10,10300,买盘
2818,09:41:57,10.3,--,14,14420,买盘
2819,09:41:54,10.3,--,35,36050,买盘
2820,09:41:51,10.3,--,90,92700,买盘
2821,09:41:48,10.3,0.01,103,106090,买盘
2822,09:41:42,10.29,-0.02,98,100841,卖盘
2823,09:41:33,10.31,--,40,41240,买盘
2824,09:41:30,10.31,0.02,127,130937,买盘
2825,09:41:27,10.29,-0.01,12,12347,卖盘
2826,09:41:24,10.3,0.01,1,1030,卖盘
2827,09:41:21,10.29,--,15,15434,卖盘
2828,09:41:18,10.29,-0.01,15,15434,卖盘
2829,09:41:15,10.3,--,7,7210,买盘
2830,09:41:12,10.3,--,44,45320,买盘
2831,09:41:09,10.3,0.01,58,59740,买盘
2832,09:41:06,10.29,-0.01,448,461887,卖盘
2833,09:41:03,10.3,--,8,8240,买盘
2834,09:41:00,10.3,0.01,100,103000,买盘
2835,09:40:54,10.29,-0.02,2,2058,卖盘
2836,09:40:45,10.31,0.02,2,2062,买盘
2837,09:40:42,10.29,-0.01,163,167727,卖盘
2838,09:40:39,10.3,--,92,94760,卖盘
