,time,price,change,volume,amount,type
0,15:00:03,14.91,0.01,2448,3649968,买盘
1,14:57:00,14.9,--,20,29800,卖盘
2,14:56:57,14.9,-0.01,96,143040,卖盘
3,14:56:54,14.91,0.01,21,31311,买盘
4,14:56:51,14.9,--,22,32780,卖盘
5,14:56:48,14.9,-0.01,22,32780,卖盘
6,14:56:45,14.91,--,2,2982,买盘
7,14:56:36,14.91,--,171,254961,买盘
8,14:56:30,14.91,--,222,331002,卖盘
9,14:56:24,14.91,-0.01,105,156555,卖盘
10,14:56:21,14.92,0.01,40,59680,买盘
11,14:56:18,14.91,--,5,7455,卖盘
12,14:56:12,14.91,--,35,52185,卖盘
13,14:56:09,14.91,-0.01,1,1491,卖盘
14,14:56:06,14.92,0.01,5,7460,买盘
15,14:56:03,14.91,-0.01,51,76041,卖盘
16,14:55:57,14.92,--,3,4476,买盘
17,14:55:54,14.92,--,11,16412,买盘
18,14:55:48,14.92,0.01,103,153676,买盘
19,14:55:45,14.91,-0.01,52,77532,卖盘
20,14:55:42,14.92,--,10,14920,买盘
21,14:55:39,14.92,0.01,45,67140,买盘
22,14:55:36,14.91,--,46,68586,卖盘
23,14:55:30,14.91,-0.01,59,87969,卖盘
24,14:55:27,14.92,0.01,96,143232,买盘
25,14:55:21,14.91,--,31,46221,卖盘
26,14:55:15,14.91,--,52,77532,卖盘
27,14:55:12,14.91,0.01,145,216195,买盘
28,14:55:06,14.9,--,78,116220,卖盘
29,14:55:00,14.9,-0.01,1,1490,卖盘
30,14:54:57,14.91,0.01,47,70077,买盘
31,14:54:54,14.9,--,67,99830,卖盘
32,14:54:51,14.9,--,2,2980,卖盘
33,14:54:48,14.9,-0.01,12,17880,卖盘
34,14:54:45,14.91,0.01,73,108843,买盘
35,14:54:42,14.9,--,45,67050,卖盘
36,14:54:39,14.9,-0.01,231,344190,卖盘
37,14:54:36,14.91,--,10,14910,买盘
38,14:54:33,14.91,0.01,40,59640,买盘
39,14:54:30,14.9,--,17,25330,卖盘
40,14:54:27,14.9,--,10,14900,卖盘
41,14:54:24,14.9,--,5,7450,卖盘
42,14:54:21,14.9,--,30,44700,卖盘
43,14:54:15,14.9,--,33,49170,卖盘
44,14:54:12,14.9,--,210,312900,卖盘
45,14:54:09,14.9,--,28,41720,卖盘
46,14:54:06,14.9,--,30,44700,卖盘
47,14:54:03,14.9,--,78,116220,买盘
48,14:54:00,14.9,--,15,22350,买盘
49,14:53:57,14.9,0.01,124,184760,买盘
50,14:53:54,14.89,-0.01,50,74450,卖盘
51,14:53:51,14.9,--,23,34270,买盘
52,14:53:48,14.9,--,16,23840,买盘
53,14:53:45,14.9,--,181,269690,买盘
54,14:53:42,14.9,0.01,20,29800,买盘
55,14:53:39,14.89,-0.01,27,40203,卖盘
56,14:53:36,14.9,--,101,150490,买盘
57,14:53:33,14.9,--,6,8940,买盘
58,14:53:30,14.9,--,150,223500,买盘
59,14:53:24,14.9,--,11,16390,买盘
60,14:53:18,14.9,--,1,1490,买盘
61,14:53:15,14.9,--,4,5960,买盘
62,14:53:12,14.9,--,10,14900,买盘
63,14:53:09,14.9,--,208,309920,买盘
64,14:53:06,14.9,--,206,306940,买盘
65,14:53:03,14.9,--,37,55130,买盘
66,14:52:57,14.9,0.01,3,4470,买盘
67,14:52:54,14.89,-0.01,15,22335,卖盘
68,14:52:51,14.9,--,4,5960,买盘
69,14:52:48,14.9,0.01,10,14900,买盘
70,14:52:45,14.89,-0.01,10,14890,卖盘
71,14:52:39,14.9,0.01,20,29800,买盘
72,14:52:36,14.89,0.01,1,1489,中性盘
73,14:52:30,14.88,--,20,29760,卖盘
74,14:52:27,14.88,-0.01,55,81840,卖盘
75,14:52:18,14.89,--,22,32758,买盘
76,14:52:15,14.89,--,9,13401,买盘
77,14:52:12,14.89,--,1,1489,买盘
78,14:52:09,14.89,--,10,14890,买盘
79,14:52:06,14.89,--,70,104230,买盘
80,14:52:03,14.89,0.01,3,4467,买盘
81,14:52:00,14.88,-0.01,40,59520,卖盘
82,14:51:57,14.89,--,15,22335,买盘
83,14:51:54,14.89,0.01,10,14890,买盘
84,14:51:51,14.88,-0.01,308,458304,卖盘
85,14:51:48,14.89,--,16,23824,买盘
86,14:51:45,14.89,--,4,5956,买盘
87,14:51:42,14.89,0.01,15,22335,买盘
88,14:51:36,14.88,-0.01,2,2976,卖盘
89,14:51:33,14.89,--,228,339492,买盘
90,14:51:30,14.89,--,22,32758,买盘
91,14:51:27,14.89,--,5,7445,买盘
92,14:51:21,14.89,--,5,7445,买盘
93,14:51:15,14.89,--,56,83384,买盘
94,14:51:12,14.89,-0.01,193,288508,卖盘
95,14:51:09,14.9,--,12,17880,买盘
96,14:51:06,14.9,0.01,27,40379,买盘
97,14:51:03,14.89,--,172,256108,卖盘
98,14:51:00,14.89,-0.01,16,23824,卖盘
99,14:50:57,14.9,--,18,26820,买盘
100,14:50:54,14.9,0.01,25,37250,买盘
101,14:50:51,14.89,-0.01,1,1489,卖盘
102,14:50:42,14.9,--,3,4470,买盘
103,14:50:36,14.9,--,10,14900,买盘
104,14:50:33,14.9,--,58,86420,买盘
105,14:50:30,14.9,--,63,93870,卖盘
106,14:50:27,14.9,--,3,4470,卖盘
107,14:50:21,14.9,--,14,20860,买盘
108,14:50:15,14.9,--,6,8940,买盘
109,14:50:09,14.9,-0.01,4,5960,中性盘
110,14:50:06,14.91,0.01,167,248997,买盘
111,14:50:03,14.9,--,102,151980,买盘
112,14:49:57,14.9,0.01,42,62580,买盘
113,14:49:54,14.89,--,19,28291,卖盘
114,14:49:48,14.89,-0.01,21,31269,卖盘
115,14:49:45,14.9,0.01,1,1490,买盘
116,14:49:42,14.89,-0.01,17,25313,卖盘
117,14:49:39,14.9,--,7,10430,买盘
118,14:49:33,14.9,--,1,1490,买盘
119,14:49:30,14.9,--,3,4470,卖盘
120,14:49:24,14.9,--,34,50660,卖盘
121,14:49:12,14.9,--,6,8940,买盘
122,14:49:09,14.9,--,7,10430,买盘
123,14:49:06,14.9,--,67,99830,卖盘
124,14:49:03,14.9,--,20,29800,卖盘
125,14:49:00,14.9,--,8,11920,卖盘
126,14:48:57,14.9,--,11,16390,卖盘
127,14:48:51,14.9,--,30,44700,卖盘
128,14:48:45,14.9,0.01,612,911880,买盘
129,14:48:39,14.89,-0.01,1,1489,卖盘
130,14:48:33,14.9,0.01,29,43210,买盘
131,14:48:27,14.89,-0.01,20,29780,卖盘
132,14:48:24,14.9,--,6,8940,买盘
133,14:48:21,14.9,0.01,10,14900,买盘
134,14:48:12,14.89,--,21,31269,卖盘
135,14:48:06,14.89,--,61,90829,卖盘
136,14:47:51,14.89,--,17,25313,卖盘
137,14:47:48,14.89,--,5,7445,卖盘
138,14:47:45,14.89,-0.01,20,29780,卖盘
139,14:47:42,14.9,0.01,22,32780,买盘
140,14:47:39,14.89,-0.01,3,4467,卖盘
141,14:47:33,14.9,--,43,64070,买盘
142,14:47:30,14.9,--,88,131120,买盘
143,14:47:21,14.9,0.01,2,2980,买盘
144,14:47:18,14.89,--,8,11912,卖盘
145,14:47:06,14.89,0.01,197,293541,买盘
146,14:47:03,14.88,--,4,5952,卖盘
147,14:47:00,14.88,-0.01,212,315456,卖盘
148,14:46:57,14.89,0.01,60,89340,买盘
149,14:46:54,14.88,--,52,77376,卖盘
150,14:46:51,14.88,-0.01,15,22320,卖盘
151,14:46:48,14.89,--,29,43181,买盘
152,14:46:45,14.89,--,203,302267,买盘
153,14:46:42,14.89,--,1,1489,买盘
154,14:46:39,14.89,--,73,108697,买盘
155,14:46:30,14.89,-0.01,43,65307,卖盘
156,14:46:24,14.9,0.01,81,120690,买盘
157,14:46:21,14.89,-0.01,2,2978,卖盘
158,14:46:15,14.9,0.01,7,10430,买盘
159,14:46:09,14.89,--,200,297800,卖盘
160,14:46:00,14.89,-0.01,34,50626,卖盘
161,14:45:57,14.9,-0.01,48,72622,卖盘
162,14:45:36,14.91,0.01,20,29820,买盘
163,14:45:33,14.9,--,6,9327,买盘
164,14:45:30,14.9,--,0,1102,卖盘
165,14:45:27,14.9,--,5,7450,卖盘
166,14:45:24,14.9,--,24,35760,卖盘
167,14:45:15,14.9,--,365,543850,卖盘
168,14:45:12,14.9,-0.01,5,7450,卖盘
169,14:45:09,14.91,0.01,11,16401,买盘
170,14:45:06,14.9,--,61,90890,卖盘
171,14:45:03,14.9,--,0,387,卖盘
172,14:44:57,14.9,--,20,29800,卖盘
173,14:44:51,14.9,--,60,89400,卖盘
174,14:44:45,14.9,-0.01,1,1490,卖盘
175,14:44:39,14.91,0.01,10,14910,买盘
176,14:44:36,14.9,--,28,41720,卖盘
177,14:44:33,14.9,-0.01,10,14900,卖盘
178,14:44:27,14.91,--,10,14910,买盘
179,14:44:18,14.91,--,117,174447,卖盘
180,14:44:12,14.91,-0.01,56,83496,卖盘
181,14:44:09,14.92,0.01,27,40284,买盘
182,14:44:00,14.91,-0.01,37,55167,卖盘
183,14:43:57,14.92,--,192,286464,买盘
184,14:43:54,14.92,--,27,40284,买盘
185,14:43:51,14.92,-0.01,251,375566,卖盘
186,14:43:39,14.93,--,10,14930,买盘
187,14:43:36,14.93,--,55,82115,买盘
188,14:43:30,14.93,--,14,21334,卖盘
189,14:43:27,14.93,0.01,234,350422,买盘
190,14:43:21,14.92,--,5,7460,卖盘
191,14:43:15,14.92,--,5,7460,卖盘
192,14:43:12,14.92,-0.01,3,4476,卖盘
193,14:43:09,14.93,0.01,19,28367,买盘
194,14:43:06,14.92,--,1,1492,卖盘
195,14:43:03,14.92,-0.01,44,65648,卖盘
196,14:43:00,14.93,0.01,138,206034,买盘
197,14:42:54,14.92,--,110,164120,卖盘
198,14:42:51,14.92,--,41,61172,卖盘
199,14:42:48,14.92,--,162,241704,卖盘
200,14:42:42,14.92,-0.01,3,4476,卖盘
201,14:42:39,14.93,0.01,4,5972,买盘
202,14:42:27,14.92,--,49,73108,卖盘
203,14:42:24,14.92,--,100,149200,卖盘
204,14:42:21,14.92,--,20,29840,卖盘
205,14:42:18,14.92,--,12,17904,卖盘
206,14:42:12,14.92,--,10,14920,卖盘
207,14:42:09,14.92,--,5,7460,卖盘
208,14:42:06,14.92,--,14,20888,卖盘
209,14:41:48,14.92,-0.01,30,44760,卖盘
210,14:41:45,14.93,0.01,15,22395,买盘
211,14:41:39,14.92,--,31,46252,卖盘
212,14:41:33,14.92,--,44,66065,买盘
213,14:41:27,14.92,--,5,7460,买盘
214,14:41:21,14.92,0.01,6,8952,买盘
215,14:41:18,14.91,-0.01,2,2982,卖盘
216,14:41:09,14.92,0.01,16,23872,买盘
217,14:41:06,14.91,--,25,37275,卖盘
218,14:41:03,14.91,-0.01,11,16401,卖盘
219,14:40:54,14.92,0.01,3,4476,买盘
220,14:40:51,14.91,--,1,1491,卖盘
221,14:40:48,14.91,--,28,41748,卖盘
222,14:40:45,14.91,-0.01,11,16401,卖盘
223,14:40:39,14.92,--,5,7460,买盘
224,14:40:36,14.92,0.01,2,2984,买盘
225,14:40:33,14.91,-0.01,10,14910,卖盘
226,14:40:24,14.92,--,50,74600,买盘
227,14:40:06,14.92,0.01,18,26856,买盘
228,14:40:03,14.91,-0.01,4,5964,卖盘
229,14:39:57,14.92,--,36,53712,买盘
230,14:39:51,14.92,--,5,7460,买盘
231,14:39:48,14.92,--,14,21962,卖盘
232,14:39:45,14.92,0.01,60,89937,买盘
233,14:39:42,14.91,-0.01,10,14910,卖盘
234,14:39:39,14.92,0.01,10,14920,买盘
235,14:39:33,14.91,-0.01,4,5964,卖盘
236,14:39:24,14.92,0.01,2,2984,买盘
237,14:39:18,14.91,-0.01,5,7455,卖盘
238,14:39:15,14.92,--,28,41776,买盘
239,14:39:12,14.92,--,104,155168,买盘
240,14:39:09,14.92,0.01,50,74600,买盘
241,14:39:06,14.91,-0.01,10,14910,卖盘
242,14:39:00,14.92,--,11,16412,买盘
243,14:38:51,14.92,-0.01,67,101038,卖盘
244,14:38:48,14.93,0.01,7,10451,买盘
245,14:38:45,14.92,--,10,14920,卖盘
246,14:38:42,14.92,--,6,8952,卖盘
247,14:38:33,14.92,--,30,44760,卖盘
248,14:38:30,14.92,-0.01,10,14920,卖盘
249,14:38:27,14.93,0.01,1,1493,买盘
250,14:38:24,14.92,-0.01,8,11936,卖盘
251,14:38:21,14.93,--,7,10451,买盘
252,14:38:15,14.93,--,26,38818,买盘
253,14:38:12,14.93,0.01,2,2986,买盘
254,14:38:06,14.92,--,2,3401,买盘
255,14:38:00,14.92,--,2,4058,卖盘
256,14:37:57,14.92,-0.01,2,2984,卖盘
257,14:37:51,14.93,0.01,35,52255,买盘
258,14:37:48,14.92,--,1,1492,卖盘
259,14:37:39,14.92,--,19,28348,卖盘
260,14:37:36,14.92,--,105,157077,买盘
261,14:37:18,14.92,--,5,7460,买盘
262,14:37:12,14.92,--,10,14920,买盘
263,14:37:09,14.92,--,219,327822,卖盘
264,14:36:57,14.92,--,10,14920,卖盘
265,14:36:51,14.92,-0.01,21,31332,卖盘
266,14:36:48,14.93,--,1,1493,买盘
267,14:36:45,14.93,0.01,1,1493,买盘
268,14:36:39,14.92,--,27,40284,卖盘
269,14:36:33,14.92,--,10,14920,卖盘
270,14:36:30,14.92,--,61,91012,卖盘
271,14:36:27,14.92,--,24,35808,卖盘
272,14:36:03,14.92,-0.01,10,14920,卖盘
273,14:36:00,14.93,0.01,3,4479,买盘
274,14:35:57,14.92,-0.01,2,2984,卖盘
275,14:35:54,14.93,0.01,62,92566,买盘
276,14:35:51,14.92,-0.01,5,7460,卖盘
277,14:35:48,14.93,--,10,14930,买盘
278,14:35:33,14.93,--,5,7465,买盘
279,14:35:18,14.93,0.01,31,46283,买盘
280,14:35:12,14.92,-0.01,33,49236,卖盘
281,14:35:06,14.93,0.01,3,4479,买盘
282,14:35:00,14.92,-0.01,50,74600,卖盘
283,14:34:54,14.93,0.01,13,19409,买盘
284,14:34:48,14.92,-0.01,13,19396,卖盘
285,14:34:45,14.93,--,10,14930,买盘
286,14:34:36,14.93,--,2,2986,买盘
287,14:34:33,14.93,--,2,2986,买盘
288,14:34:24,14.93,-0.01,128,191104,卖盘
289,14:34:18,14.94,--,7,10458,买盘
290,14:34:09,14.94,--,58,86652,买盘
291,14:34:06,14.94,0.01,23,34362,买盘
292,14:34:03,14.93,-0.01,21,31353,卖盘
293,14:33:54,14.94,--,11,16434,买盘
294,14:33:51,14.94,--,81,121014,卖盘
295,14:33:48,14.94,--,26,38844,卖盘
296,14:33:33,14.94,-0.01,1,1494,卖盘
297,14:33:30,14.95,0.01,10,14950,买盘
298,14:33:27,14.94,--,9,13446,卖盘
299,14:33:24,14.94,-0.01,107,159858,卖盘
300,14:33:21,14.95,--,10,14950,买盘
301,14:33:15,14.95,--,17,25415,买盘
302,14:33:06,14.95,--,168,251160,买盘
303,14:33:03,14.95,0.01,9,13455,买盘
304,14:32:54,14.94,--,10,14940,卖盘
305,14:32:51,14.94,-0.01,8,11952,卖盘
306,14:32:48,14.95,0.01,15,22425,买盘
307,14:32:45,14.94,--,38,56772,买盘
308,14:32:42,14.94,--,55,82170,买盘
309,14:32:39,14.94,--,27,40338,卖盘
310,14:32:33,14.94,--,1,1494,卖盘
311,14:32:30,14.94,-0.01,3,4482,卖盘
312,14:32:27,14.95,0.02,10,14950,买盘
313,14:32:21,14.93,--,21,31353,卖盘
314,14:32:18,14.93,-0.02,117,174681,卖盘
315,14:32:15,14.95,0.02,10,14950,买盘
316,14:32:12,14.93,-0.01,21,31353,卖盘
317,14:32:09,14.94,--,16,23904,买盘
318,14:32:06,14.94,--,6,8964,买盘
319,14:32:03,14.94,--,11,16434,买盘
320,14:32:00,14.94,--,9,13446,买盘
321,14:31:57,14.94,--,10,14940,买盘
322,14:31:54,14.94,-0.01,60,89640,卖盘
323,14:31:45,14.95,0.01,1,1495,买盘
324,14:31:42,14.94,-0.01,78,116532,卖盘
325,14:31:36,14.95,0.01,6,8970,买盘
326,14:31:30,14.94,--,12,17928,买盘
327,14:31:27,14.94,--,11,16434,卖盘
328,14:31:24,14.94,0.01,49,73206,买盘
329,14:31:21,14.93,-0.01,13,19409,卖盘
330,14:31:18,14.94,--,40,59760,买盘
331,14:31:15,14.94,0.01,20,29880,买盘
332,14:31:09,14.93,-0.01,1,1493,卖盘
333,14:31:06,14.94,--,10,14940,买盘
334,14:31:03,14.94,0.01,40,59760,买盘
335,14:31:00,14.93,--,18,26874,卖盘
336,14:30:54,14.93,-0.01,6,8958,卖盘
337,14:30:51,14.94,--,40,59760,买盘
338,14:30:48,14.94,0.01,1,1494,买盘
339,14:30:42,14.93,-0.01,1,1493,卖盘
340,14:30:39,14.94,--,40,59760,买盘
341,14:30:36,14.94,--,14,20916,买盘
342,14:30:27,14.94,--,20,29880,买盘
343,14:30:24,14.94,0.01,50,74700,买盘
344,14:30:21,14.93,--,1,1493,卖盘
345,14:30:15,14.93,-0.01,100,149300,卖盘
346,14:30:12,14.94,0.01,123,183762,买盘
347,14:30:09,14.93,-0.01,30,44790,卖盘
348,14:30:06,14.94,--,1,1494,买盘
349,14:29:45,14.94,0.01,76,113544,买盘
350,14:29:42,14.93,--,5,7465,卖盘
351,14:29:39,14.93,--,3,4479,卖盘
352,14:29:36,14.93,--,3,4479,卖盘
353,14:29:30,14.93,--,10,14930,卖盘
354,14:29:24,14.93,--,79,117947,买盘
355,14:29:18,14.93,--,81,120933,买盘
356,14:29:15,14.93,--,37,55241,买盘
357,14:29:12,14.93,--,42,62706,买盘
358,14:29:06,14.93,0.01,42,62706,买盘
359,14:29:03,14.92,--,201,300384,卖盘
360,14:29:00,14.92,-0.01,3,4476,卖盘
361,14:28:57,14.93,--,38,56734,买盘
362,14:28:54,14.93,0.01,37,55241,买盘
363,14:28:51,14.92,-0.01,19,28348,卖盘
364,14:28:48,14.93,-0.01,18,26874,买盘
365,14:28:45,14.94,0.01,44,65736,买盘
366,14:28:42,14.93,--,31,46283,买盘
367,14:28:36,14.93,--,9,13437,买盘
368,14:28:33,14.93,--,10,14930,买盘
369,14:28:30,14.93,-0.01,80,119514,卖盘
370,14:28:27,14.94,0.01,1,1494,买盘
371,14:28:06,14.93,--,10,14930,卖盘
372,14:28:03,14.93,--,11,17841,买盘
373,14:28:00,14.93,--,18,27306,卖盘
374,14:27:45,14.93,--,10,14930,卖盘
375,14:27:15,14.93,-0.01,10,14930,卖盘
376,14:27:12,14.94,0.01,7,10458,买盘
377,14:27:09,14.93,--,13,19409,卖盘
378,14:27:06,14.93,--,3,4837,卖盘
379,14:27:00,14.93,--,1,1493,卖盘
380,14:26:54,14.93,--,1,1493,卖盘
381,14:26:48,14.93,--,4,6673,买盘
382,14:26:45,14.93,0.01,1,1493,买盘
383,14:26:39,14.92,-0.01,20,29840,卖盘
384,14:26:36,14.93,--,10,14930,买盘
385,14:26:09,14.93,--,0,1134,卖盘
386,14:26:06,14.93,--,4,5972,卖盘
387,14:26:00,14.93,--,36,53748,卖盘
388,14:25:57,14.93,--,5,7465,卖盘
389,14:25:48,14.93,--,1,1493,卖盘
390,14:25:36,14.93,-0.01,10,14930,卖盘
391,14:25:24,14.94,--,40,59760,买盘
392,14:25:21,14.94,--,2,2988,买盘
393,14:25:12,14.94,0.01,73,109062,买盘
394,14:25:06,14.93,0.01,8,12302,买盘
395,14:25:03,14.92,-0.02,23,34316,卖盘
396,14:25:00,14.94,0.01,40,59760,买盘
397,14:24:57,14.93,-0.01,30,44790,买盘
398,14:24:45,14.94,0.01,48,71712,买盘
399,14:24:42,14.93,-0.01,2,2986,中性盘
400,14:24:36,14.94,--,6,8964,买盘
401,14:24:33,14.94,0.02,40,59760,买盘
402,14:24:30,14.92,-0.01,2,2984,卖盘
403,14:24:24,14.93,--,5,7465,买盘
404,14:24:15,14.93,--,30,44790,买盘
405,14:24:12,14.93,0.01,40,59720,买盘
406,14:24:09,14.92,--,5,7460,卖盘
407,14:24:06,14.92,-0.01,3,4476,卖盘
408,14:24:03,14.93,--,83,124710,卖盘
409,14:24:00,14.93,0.01,96,144029,买盘
410,14:23:48,14.92,--,35,52220,卖盘
411,14:23:45,14.92,--,24,35808,卖盘
412,14:23:33,14.92,--,14,22305,买盘
413,14:23:30,14.92,--,24,35808,买盘
414,14:23:27,14.92,--,2,2984,买盘
415,14:23:24,14.92,--,4,5968,买盘
416,14:23:21,14.92,0.01,40,59680,买盘
417,14:23:12,14.91,-0.01,3,4815,卖盘
418,14:23:09,14.92,--,40,59680,买盘
419,14:23:03,14.92,0.01,6,8952,买盘
420,14:22:54,14.91,-0.01,20,29820,卖盘
421,14:22:48,14.92,--,1,1492,买盘
422,14:22:45,14.92,0.01,3,4476,买盘
423,14:22:42,14.91,--,20,29820,卖盘
424,14:22:36,14.91,--,1,1491,卖盘
425,14:22:27,14.91,-0.01,10,14910,卖盘
426,14:22:18,14.92,--,31,46252,买盘
427,14:22:15,14.92,--,27,40284,买盘
428,14:22:12,14.92,--,4,5968,买盘
429,14:22:09,14.92,0.01,13,19754,买盘
430,14:21:51,14.91,-0.01,10,14910,卖盘
431,14:21:45,14.92,--,1,1492,买盘
432,14:21:42,14.92,--,1,1492,买盘
433,14:21:36,14.92,--,10,14920,买盘
434,14:21:12,14.92,--,59,88102,卖盘
435,14:21:09,14.92,--,8,12294,卖盘
436,14:20:57,14.92,-0.01,4,5968,卖盘
437,14:20:54,14.93,0.01,21,31353,买盘
438,14:20:51,14.92,--,2,2984,卖盘
439,14:20:33,14.92,--,36,54771,买盘
440,14:20:30,14.92,--,1,1924,卖盘
441,14:20:27,14.92,--,5,7460,卖盘
442,14:20:24,14.92,--,7,11503,买盘
443,14:20:21,14.92,--,13,19828,卖盘
444,14:20:18,14.92,--,3,4819,卖盘
445,14:20:15,14.92,--,13,20112,买盘
446,14:20:09,14.92,--,24,35808,买盘
447,14:20:06,14.92,--,1,1492,买盘
448,14:20:03,14.92,--,10,14920,买盘
449,14:19:39,14.92,--,44,66423,卖盘
450,14:19:27,14.92,--,49,73108,卖盘
451,14:19:24,14.92,--,10,14920,卖盘
452,14:19:18,14.92,--,3,4834,卖盘
453,14:19:12,14.92,--,11,16412,卖盘
454,14:19:06,14.92,-0.01,5,7460,卖盘
455,14:19:03,14.93,--,4,5972,买盘
456,14:18:54,14.93,--,31,46283,买盘
457,14:18:51,14.93,--,9,14228,卖盘
458,14:18:48,14.93,--,10,15631,买盘
459,14:18:45,14.93,--,36,54539,卖盘
460,14:18:39,14.93,--,52,77636,卖盘
461,14:18:36,14.93,--,65,97045,卖盘
462,14:18:30,14.93,--,21,31353,卖盘
463,14:18:27,14.93,-0.01,21,31353,卖盘
464,14:18:21,14.94,0.01,5,7828,买盘
465,14:18:18,14.93,-0.01,6,8958,卖盘
466,14:18:06,14.94,--,3,4482,买盘
467,14:18:03,14.94,0.01,1,1494,买盘
468,14:18:00,14.93,-0.01,3,4479,卖盘
469,14:17:48,14.94,--,25,37350,买盘
470,14:17:45,14.94,0.01,10,14940,买盘
471,14:17:42,14.93,-0.01,14,20902,卖盘
472,14:17:36,14.94,--,12,17928,买盘
473,14:17:33,14.94,0.01,19,28386,买盘
474,14:17:24,14.93,--,5,7465,卖盘
475,14:17:21,14.93,-0.01,3,4822,卖盘
476,14:17:18,14.94,0.01,32,47808,买盘
477,14:17:12,14.93,0.01,1,1493,卖盘
478,14:17:09,14.92,-0.01,44,65648,卖盘
479,14:17:06,14.93,--,18,26874,买盘
480,14:17:00,14.93,--,8,11944,买盘
481,14:16:57,14.93,0.01,50,74650,买盘
482,14:16:48,14.92,-0.01,3,4476,卖盘
483,14:16:45,14.93,--,6,8958,买盘
484,14:16:36,14.93,0.01,13,19409,买盘
485,14:16:30,14.92,-0.01,3,4476,卖盘
486,14:16:27,14.93,0.01,44,65692,买盘
487,14:16:24,14.92,-0.01,3,4834,卖盘
488,14:16:18,14.93,--,11,16423,买盘
489,14:16:15,14.93,0.01,3,4479,买盘
490,14:16:12,14.92,--,5,7460,卖盘
491,14:16:03,14.92,0.01,1,1492,买盘
492,14:15:51,14.91,--,9,13419,买盘
493,14:15:42,14.91,-0.01,4,5964,卖盘
494,14:15:39,14.92,0.01,2,2984,买盘
495,14:15:36,14.91,--,5,7455,卖盘
496,14:15:24,14.91,-0.01,1,1491,卖盘
497,14:15:21,14.92,0.02,4,5968,买盘
498,14:15:18,14.9,-0.01,4,6317,卖盘
499,14:15:15,14.91,--,17,25347,买盘
500,14:15:12,14.91,0.01,132,196812,买盘
501,14:15:09,14.9,-0.01,10,14900,卖盘
502,14:15:06,14.91,0.01,11,16401,中性盘
503,14:14:51,14.9,-0.03,12,17880,卖盘
504,14:14:45,14.93,0.02,5,7465,买盘
505,14:14:33,14.91,0.01,8,12270,买盘
506,14:14:30,14.9,-0.02,20,29800,卖盘
507,14:14:15,14.92,--,22,32824,买盘
508,14:14:12,14.92,0.01,69,102948,买盘
509,14:14:09,14.91,--,112,166992,买盘
510,14:14:06,14.91,0.01,63,93933,买盘
511,14:14:03,14.9,--,1,1490,卖盘
512,14:14:00,14.9,--,48,71520,买盘
513,14:13:57,14.9,--,31,46190,买盘
514,14:13:48,14.9,--,55,81950,买盘
515,14:13:39,14.9,0.01,30,44700,买盘
516,14:13:30,14.89,--,19,28291,卖盘
517,14:13:27,14.89,--,12,18225,卖盘
518,14:13:24,14.89,--,6,8934,卖盘
519,14:13:21,14.89,-0.01,17,25313,卖盘
520,14:13:18,14.9,--,9,13410,买盘
521,14:13:09,14.9,0.01,5,7450,买盘
522,14:13:03,14.89,--,5,7445,卖盘
523,14:12:57,14.89,-0.01,15,22335,卖盘
524,14:12:54,14.9,0.01,21,31290,买盘
525,14:12:27,14.89,--,7,10780,卖盘
526,14:12:24,14.89,--,5,7445,卖盘
527,14:12:21,14.89,-0.01,38,56582,卖盘
528,14:12:18,14.9,--,1,1490,买盘
529,14:12:09,14.9,--,11,16390,买盘
530,14:12:00,14.9,--,3,4470,买盘
531,14:11:48,14.9,--,98,146020,买盘
532,14:11:45,14.9,--,6,8940,买盘
533,14:11:36,14.9,--,2,2980,买盘
534,14:11:30,14.9,0.01,15,22350,买盘
535,14:11:27,14.89,--,4,6313,卖盘
536,14:11:21,14.89,--,20,29780,卖盘
537,14:11:06,14.89,--,5,7445,卖盘
538,14:11:00,14.89,--,1,1489,卖盘
539,14:10:51,14.89,-0.01,5,7445,卖盘
540,14:10:42,14.9,0.01,2,2980,买盘
541,14:10:33,14.89,--,3,4809,卖盘
542,14:10:30,14.89,-0.01,30,44670,卖盘
543,14:10:09,14.9,--,1,1490,买盘
544,14:10:06,14.9,0.01,1,1490,买盘
545,14:09:42,14.89,--,25,37225,卖盘
546,14:09:36,14.89,-0.01,29,43538,卖盘
547,14:09:30,14.9,--,1,1490,买盘
548,14:09:18,14.9,--,20,29800,买盘
549,14:09:00,14.9,--,62,92380,卖盘
550,14:08:42,14.9,-0.01,18,26820,卖盘
551,14:08:36,14.91,0.02,85,126735,买盘
552,14:08:33,14.89,--,3,4824,卖盘
553,14:08:30,14.89,-0.01,1,1489,卖盘
554,14:08:27,14.9,--,1,1490,买盘
555,14:08:15,14.9,-0.01,3,4470,卖盘
556,14:08:09,14.91,0.01,10,14910,买盘
557,14:08:06,14.9,0.01,7,10430,中性盘
558,14:07:57,14.89,-0.01,2,2978,卖盘
559,14:07:36,14.9,0.01,12,18595,买盘
560,14:07:33,14.89,-0.01,9,13743,卖盘
561,14:07:24,14.9,--,25,37250,买盘
562,14:07:15,14.9,-0.01,49,73784,卖盘
563,14:07:12,14.91,--,1,1491,买盘
564,14:07:06,14.91,0.01,2,2982,买盘
565,14:07:03,14.9,--,4,5960,卖盘
566,14:06:54,14.9,-0.01,50,74500,卖盘
567,14:06:51,14.91,-0.01,83,123753,卖盘
568,14:06:45,14.92,0.01,1,1492,买盘
569,14:06:42,14.91,0.01,31,46578,买盘
570,14:06:39,14.9,-0.01,108,160920,卖盘
571,14:06:30,14.91,0.01,5,7455,买盘
572,14:06:27,14.9,-0.01,1,1490,卖盘
573,14:06:21,14.91,0.01,1,1491,买盘
574,14:06:15,14.9,-0.01,3,4470,卖盘
575,14:06:09,14.91,0.01,6,8946,中性盘
576,14:06:06,14.9,-0.01,106,157940,卖盘
577,14:06:03,14.91,-0.01,5,7455,卖盘
578,14:05:57,14.92,0.01,1,1492,买盘
579,14:05:54,14.91,--,48,71925,买盘
580,14:05:42,14.91,--,35,53318,卖盘
581,14:05:39,14.91,--,3,4830,卖盘
582,14:05:33,14.91,--,10,14910,卖盘
583,14:05:30,14.91,--,21,31311,买盘
584,14:05:24,14.91,--,1,1491,买盘
585,14:05:21,14.91,--,10,14910,买盘
586,14:05:12,14.91,0.01,50,74550,买盘
587,14:05:09,14.9,-0.01,6,8940,卖盘
588,14:05:06,14.91,0.01,4,5964,买盘
589,14:05:00,14.9,--,2,2980,卖盘
590,14:04:45,14.9,--,30,44700,卖盘
591,14:04:42,14.9,0.01,169,251810,买盘
592,14:04:39,14.89,--,7,10765,卖盘
593,14:04:30,14.89,--,5,7445,卖盘
594,14:04:18,14.89,0.01,144,214966,买盘
595,14:04:12,14.88,-0.01,2,2976,卖盘
596,14:04:09,14.89,--,4,5956,买盘
597,14:04:03,14.89,0.01,9,13401,买盘
598,14:03:48,14.88,--,9,13392,卖盘
599,14:03:42,14.88,--,3,4821,卖盘
600,14:03:36,14.88,-0.01,2,2976,卖盘
601,14:03:33,14.89,0.01,5,7445,买盘
602,14:03:30,14.88,-0.01,40,59520,卖盘
603,14:03:27,14.89,0.01,5,7445,买盘
604,14:03:24,14.88,--,28,41664,卖盘
605,14:03:18,14.88,--,184,274848,买盘
606,14:03:12,14.88,--,11,16368,买盘
607,14:03:00,14.88,0.01,14,20832,买盘
608,14:02:57,14.87,-0.01,6,8922,卖盘
609,14:02:54,14.88,0.01,21,31248,买盘
610,14:02:48,14.87,--,6,9204,卖盘
611,14:02:42,14.87,-0.01,23,34557,卖盘
612,14:02:39,14.88,0.01,2,2976,买盘
613,14:02:36,14.87,-0.01,12,17844,卖盘
614,14:02:27,14.88,0.01,18,26784,买盘
615,14:02:21,14.87,--,30,44610,卖盘
616,14:02:15,14.87,-0.01,135,200745,卖盘
617,14:02:09,14.88,0.01,3,4464,买盘
618,14:02:06,14.87,-0.01,50,74350,卖盘
619,14:02:03,14.88,--,8,11904,买盘
620,14:02:00,14.88,0.01,7,10416,买盘
621,14:01:57,14.87,-0.01,23,34201,卖盘
622,14:01:54,14.88,--,61,90768,买盘
623,14:01:45,14.88,0.01,59,87792,买盘
624,14:01:42,14.87,--,3,4803,卖盘
625,14:01:36,14.87,-0.01,4,6691,卖盘
626,14:01:18,14.88,0.01,1,1488,买盘
627,14:01:15,14.87,--,21,31227,卖盘
628,14:01:09,14.87,--,17,25279,卖盘
629,14:01:06,14.87,--,5,7435,卖盘
630,14:01:03,14.87,--,2,2974,卖盘
631,14:01:00,14.87,--,11,16357,卖盘
632,14:00:57,14.87,--,35,52045,卖盘
633,14:00:54,14.87,--,4,5948,卖盘
634,14:00:51,14.87,-0.01,8,11896,卖盘
635,14:00:48,14.88,0.01,1,1488,买盘
636,14:00:42,14.87,-0.01,26,39018,卖盘
637,14:00:39,14.88,0.01,7,10416,买盘
638,14:00:36,14.87,--,9,13383,卖盘
639,14:00:27,14.87,--,5,7435,卖盘
640,14:00:24,14.87,-0.01,12,17844,卖盘
641,14:00:21,14.88,--,111,165822,卖盘
642,14:00:18,14.88,--,40,59520,卖盘
643,14:00:15,14.88,--,5,7454,卖盘
644,14:00:12,14.88,--,203,302659,卖盘
645,14:00:09,14.88,-0.01,25,37200,卖盘
646,14:00:06,14.89,0.01,6,8934,买盘
647,14:00:03,14.88,--,2,2976,卖盘
648,13:59:57,14.88,-0.01,0,148,卖盘
649,13:59:54,14.89,0.01,20,29780,买盘
650,13:59:48,14.88,--,21,31322,卖盘
651,13:59:45,14.88,--,16,23808,卖盘
652,13:59:42,14.88,--,10,14880,卖盘
653,13:59:36,14.88,--,50,74400,卖盘
654,13:59:33,14.88,--,210,312480,卖盘
655,13:59:30,14.88,--,87,129456,卖盘
656,13:59:24,14.88,--,291,433008,卖盘
657,13:59:12,14.88,-0.01,37,55056,卖盘
658,13:59:06,14.89,0.01,6,8934,买盘
659,13:59:03,14.88,--,50,74400,卖盘
660,13:59:00,14.88,--,1,1488,卖盘
661,13:58:54,14.88,--,29,43152,卖盘
662,13:58:48,14.88,-0.01,25,37200,卖盘
663,13:58:45,14.89,--,25,37225,卖盘
664,13:58:42,14.89,-0.01,39,58071,卖盘
665,13:58:27,14.9,0.01,1,1490,买盘
666,13:58:24,14.89,--,14,20846,卖盘
667,13:58:18,14.89,--,211,314179,卖盘
668,13:58:15,14.89,--,1,1489,卖盘
669,13:58:12,14.89,--,2,2978,卖盘
670,13:58:03,14.89,-0.01,30,44670,卖盘
671,13:57:54,14.9,--,10,14900,买盘
672,13:57:48,14.9,--,8,11920,买盘
673,13:57:39,14.9,0.01,12,17880,买盘
674,13:57:33,14.89,--,6,8934,卖盘
675,13:57:30,14.89,-0.01,1,1489,卖盘
676,13:57:27,14.9,0.01,3,4470,买盘
677,13:57:24,14.89,--,10,14890,卖盘
678,13:57:18,14.89,--,10,14890,卖盘
679,13:57:15,14.89,-0.01,4,5956,卖盘
680,13:57:06,14.9,0.01,1,1490,买盘
681,13:56:51,14.89,--,1,1489,卖盘
682,13:56:45,14.89,-0.01,23,34247,卖盘
683,13:56:33,14.9,--,30,44700,买盘
684,13:56:30,14.9,0.01,26,38740,买盘
685,13:56:27,14.89,-0.01,200,297800,卖盘
686,13:56:21,14.9,0.01,50,74500,买盘
687,13:56:15,14.89,-0.01,1,1489,卖盘
688,13:56:06,14.9,--,3,4470,买盘
689,13:56:03,14.9,0.01,103,153470,买盘
690,13:55:48,14.89,--,36,53604,卖盘
691,13:55:45,14.89,-0.01,1,1489,卖盘
692,13:55:30,14.9,0.01,1,1490,买盘
693,13:55:21,14.89,-0.01,1,1489,卖盘
694,13:55:12,14.9,--,32,47680,买盘
695,13:55:06,14.9,--,4,5960,买盘
696,13:55:03,14.9,0.01,98,146020,买盘
697,13:54:51,14.89,--,1,1489,卖盘
698,13:54:48,14.89,-0.01,2,2978,卖盘
699,13:54:45,14.9,--,20,29800,买盘
700,13:54:36,14.9,-0.01,47,70030,卖盘
701,13:54:33,14.91,0.01,1,1491,买盘
702,13:54:30,14.9,--,1,1490,卖盘
703,13:54:24,14.9,--,31,46190,卖盘
704,13:54:09,14.9,-0.01,2,2980,卖盘
705,13:54:00,14.91,--,16,23856,买盘
706,13:53:54,14.91,0.01,68,101388,买盘
707,13:53:33,14.9,-0.01,6,8940,卖盘
708,13:53:27,14.91,0.01,1,1491,买盘
709,13:53:24,14.9,--,32,47680,买盘
710,13:53:21,14.9,--,4,5960,买盘
711,13:53:15,14.9,0.01,25,37250,卖盘
712,13:53:12,14.89,-0.01,2,2978,卖盘
713,13:53:09,14.9,--,25,37250,买盘
714,13:53:00,14.9,--,5,7450,买盘
715,13:52:48,14.9,0.01,12,17880,买盘
716,13:52:45,14.89,-0.01,25,37225,卖盘
717,13:52:42,14.9,0.01,10,14900,买盘
718,13:52:39,14.89,-0.01,7,10423,卖盘
719,13:52:30,14.9,--,1,1490,买盘
720,13:52:24,14.9,--,3,4470,买盘
721,13:52:21,14.9,--,21,31290,买盘
722,13:52:18,14.9,--,10,14900,买盘
723,13:52:12,14.9,--,1,1490,买盘
724,13:52:09,14.9,--,65,96850,买盘
725,13:52:06,14.9,--,7,10430,买盘
726,13:52:03,14.9,--,20,29800,买盘
727,13:52:00,14.9,--,117,174330,卖盘
728,13:51:57,14.9,-0.01,10,14900,卖盘
729,13:51:48,14.91,--,2,2982,买盘
730,13:51:45,14.91,0.01,11,16401,买盘
731,13:51:42,14.9,--,10,14900,卖盘
732,13:51:39,14.9,-0.01,28,41720,卖盘
733,13:51:27,14.91,0.01,50,74550,买盘
734,13:51:21,14.9,-0.01,10,15198,卖盘
735,13:51:15,14.91,--,17,25347,买盘
736,13:51:09,14.91,--,60,89460,买盘
737,13:51:06,14.91,--,30,44730,买盘
738,13:51:03,14.91,0.01,1,1491,买盘
739,13:50:57,14.9,-0.01,1,1490,卖盘
740,13:50:54,14.91,0.01,6,8946,买盘
741,13:50:45,14.9,--,6,8940,卖盘
742,13:50:33,14.9,--,5,7450,卖盘
743,13:50:27,14.9,0.01,105,156450,买盘
744,13:50:21,14.89,-0.01,2,2978,卖盘
745,13:50:12,14.9,0.01,16,23840,买盘
746,13:50:09,14.89,-0.01,61,90829,卖盘
747,13:50:06,14.9,--,13,19370,买盘
748,13:50:03,14.9,0.01,34,50660,买盘
749,13:49:54,14.89,-0.01,8,11912,卖盘
750,13:49:51,14.9,--,2,2980,买盘
751,13:49:48,14.9,--,54,80460,买盘
752,13:49:42,14.9,--,40,59600,买盘
753,13:49:36,14.9,--,25,37250,买盘
754,13:49:30,14.9,--,13,19370,买盘
755,13:49:24,14.9,--,1,1490,买盘
756,13:49:18,14.9,--,3,4470,买盘
757,13:49:12,14.9,0.01,1,1490,买盘
758,13:49:06,14.89,--,8,11912,卖盘
759,13:49:03,14.89,--,3,4467,卖盘
760,13:49:00,14.89,-0.01,30,44670,卖盘
761,13:48:42,14.9,--,1,1490,买盘
762,13:48:39,14.9,--,19,28310,买盘
763,13:48:36,14.9,--,20,29800,买盘
764,13:48:30,14.9,--,9,13410,买盘
765,13:48:27,14.9,0.01,1,1490,买盘
766,13:48:15,14.89,--,6,8934,卖盘
767,13:48:12,14.89,-0.01,60,89340,卖盘
768,13:48:09,14.9,--,2,2980,买盘
769,13:48:06,14.9,--,9,13410,买盘
770,13:48:00,14.9,0.01,1,1490,买盘
771,13:47:48,14.89,--,13,19357,买盘
772,13:47:45,14.89,-0.01,42,62538,中性盘
773,13:47:36,14.9,0.01,31,46190,买盘
774,13:47:33,14.89,--,26,38714,卖盘
775,13:47:15,14.89,--,20,29780,卖盘
776,13:47:12,14.89,-0.01,1,1489,卖盘
777,13:47:09,14.9,--,10,14900,买盘
778,13:47:03,14.9,0.01,1,1490,买盘
779,13:47:00,14.89,--,12,17868,卖盘
780,13:46:57,14.89,--,2,2978,卖盘
781,13:46:54,14.89,--,10,14890,卖盘
782,13:46:51,14.89,--,3,4467,卖盘
783,13:46:48,14.89,-0.01,2,2978,卖盘
784,13:46:45,14.9,--,2,2980,买盘
785,13:46:39,14.9,0.01,1,1490,买盘
786,13:46:36,14.89,-0.01,10,14890,卖盘
787,13:46:30,14.9,--,28,41720,买盘
788,13:46:18,14.9,0.01,4,5960,买盘
789,13:46:15,14.89,--,1,1489,卖盘
790,13:46:03,14.89,--,50,74450,卖盘
791,13:45:57,14.89,-0.01,15,22335,卖盘
792,13:45:54,14.9,--,6,8940,买盘
793,13:45:45,14.9,--,8,11920,买盘
794,13:45:42,14.9,--,1,1490,买盘
795,13:45:39,14.9,--,23,34270,卖盘
796,13:45:36,14.9,-0.01,5,7450,卖盘
797,13:45:33,14.91,0.01,19,28329,买盘
798,13:45:21,14.9,-0.01,16,23840,卖盘
799,13:45:15,14.91,--,7,10437,买盘
800,13:45:06,14.91,0.01,6,8946,买盘
801,13:44:51,14.9,-0.01,6,8940,卖盘
802,13:44:48,14.91,--,2,2982,买盘
803,13:44:36,14.91,--,2,4428,卖盘
804,13:44:27,14.91,0.01,0,44,买盘
805,13:44:24,14.9,--,5,7450,卖盘
806,13:44:18,14.9,--,1,1490,卖盘
807,13:44:12,14.9,--,272,405280,买盘
808,13:44:09,14.9,0.01,12,17880,买盘
809,13:44:06,14.89,--,1,1489,卖盘
810,13:44:00,14.89,-0.01,4,5956,卖盘
811,13:43:57,14.9,--,8,11920,买盘
812,13:43:54,14.9,--,15,22350,买盘
813,13:43:48,14.9,--,34,50660,买盘
814,13:43:39,14.9,--,1,1490,买盘
815,13:43:33,14.9,--,17,25330,买盘
816,13:43:27,14.9,--,1,1490,买盘
817,13:43:24,14.9,0.01,2,2980,买盘
818,13:43:21,14.89,--,3,4467,卖盘
819,13:43:18,14.89,-0.01,3,4467,卖盘
820,13:43:15,14.9,0.01,105,156450,买盘
821,13:43:12,14.89,-0.01,21,31269,卖盘
822,13:43:09,14.9,--,3,4470,买盘
823,13:43:03,14.9,0.01,205,305450,买盘
824,13:42:48,14.89,--,5,7445,卖盘
825,13:42:36,14.89,-0.01,1,1489,中性盘
826,13:42:24,14.9,0.02,122,181780,买盘
827,13:42:21,14.88,-0.01,6,8928,卖盘
828,13:42:18,14.89,0.01,14,20846,买盘
829,13:42:15,14.88,-0.01,14,20832,卖盘
830,13:42:09,14.89,--,7,10423,买盘
831,13:42:06,14.89,0.01,5,7445,买盘
832,13:42:00,14.88,-0.01,20,29760,卖盘
833,13:41:54,14.89,--,10,14890,买盘
834,13:41:51,14.89,--,20,29780,买盘
835,13:41:48,14.89,--,50,74450,买盘
836,13:41:45,14.89,--,1,1489,买盘
837,13:41:42,14.89,--,2,2978,买盘
838,13:41:39,14.89,-0.01,87,129543,卖盘
839,13:41:27,14.9,0.01,6,8940,买盘
840,13:41:21,14.89,--,2,2978,卖盘
841,13:41:18,14.89,--,2,2978,卖盘
842,13:41:15,14.89,--,20,29780,卖盘
843,13:41:12,14.89,--,2,2978,卖盘
844,13:41:09,14.89,--,7,10423,卖盘
845,13:41:06,14.89,--,35,52115,卖盘
846,13:41:03,14.89,--,2,2978,卖盘
847,13:41:00,14.89,--,7,10423,卖盘
848,13:40:51,14.89,--,105,156345,卖盘
849,13:40:48,14.89,-0.01,37,55093,卖盘
850,13:40:36,14.9,0.01,137,204130,买盘
851,13:40:33,14.89,-0.01,26,38714,卖盘
852,13:40:30,14.9,--,7,10430,买盘
853,13:40:18,14.9,0.01,7,10430,买盘
854,13:40:15,14.89,-0.01,30,44670,卖盘
855,13:40:06,14.9,0.01,1,1490,买盘
856,13:40:03,14.89,-0.01,6,8934,卖盘
857,13:39:57,14.9,0.01,44,65560,买盘
858,13:39:51,14.89,--,11,16379,卖盘
859,13:39:45,14.89,--,20,29780,卖盘
860,13:39:42,14.89,-0.01,10,14890,卖盘
861,13:39:36,14.9,0.01,5,7450,买盘
862,13:39:33,14.89,-0.01,5,7445,卖盘
863,13:39:30,14.9,-0.01,878,1308220,卖盘
864,13:39:27,14.91,0.01,9,13419,中性盘
865,13:39:18,14.9,-0.01,30,44700,卖盘
866,13:39:15,14.91,--,36,53676,卖盘
867,13:39:12,14.91,--,41,61131,卖盘
868,13:39:06,14.91,--,5,7455,卖盘
869,13:39:03,14.91,--,60,89460,卖盘
870,13:39:00,14.91,--,16,23856,卖盘
871,13:38:57,14.91,--,2,2982,卖盘
872,13:38:51,14.91,--,21,31311,卖盘
873,13:38:48,14.91,--,9,13419,卖盘
874,13:38:42,14.91,--,21,31311,卖盘
875,13:38:36,14.91,-0.01,2,2982,卖盘
876,13:38:33,14.92,--,6,8952,买盘
877,13:38:27,14.92,--,1,1492,买盘
878,13:38:21,14.92,0.01,10,14920,买盘
879,13:38:18,14.91,--,3,4473,卖盘
880,13:38:12,14.91,--,9,13419,卖盘
881,13:38:00,14.91,--,1,1491,卖盘
882,13:37:57,14.91,--,105,156555,卖盘
883,13:37:51,14.91,--,21,31311,卖盘
884,13:37:48,14.91,--,21,31311,卖盘
885,13:37:45,14.91,--,11,16401,卖盘
886,13:37:42,14.91,-0.01,36,53676,卖盘
887,13:37:39,14.92,0.01,10,14920,买盘
888,13:37:36,14.91,-0.01,11,16401,卖盘
889,13:37:30,14.92,0.01,5,7460,买盘
890,13:37:21,14.91,-0.01,10,14910,卖盘
891,13:37:15,14.92,0.01,10,14920,买盘
892,13:37:09,14.91,--,9,13419,卖盘
893,13:37:03,14.91,-0.01,20,29820,卖盘
894,13:36:45,14.92,--,2,2984,买盘
895,13:36:42,14.92,0.01,236,352112,买盘
896,13:36:30,14.91,-0.01,6,8946,卖盘
897,13:36:21,14.92,--,2,2984,买盘
898,13:36:18,14.92,--,3,4476,买盘
899,13:36:12,14.92,--,1,1492,买盘
900,13:36:09,14.92,-0.01,521,777332,卖盘
901,13:36:06,14.93,-0.01,1,1493,卖盘
902,13:36:03,14.94,0.01,2,2988,买盘
903,13:36:00,14.93,-0.01,20,29860,卖盘
904,13:35:57,14.94,0.01,1,1494,买盘
905,13:35:42,14.93,-0.01,10,14930,卖盘
906,13:35:36,14.94,--,4,5976,买盘
907,13:35:33,14.94,--,1,1494,买盘
908,13:35:24,14.94,0.01,8,11952,买盘
909,13:35:18,14.93,-0.01,6,8958,卖盘
910,13:35:12,14.94,0.01,50,74700,买盘
911,13:35:09,14.93,-0.01,3,4479,卖盘
912,13:35:06,14.94,0.01,10,14940,买盘
913,13:35:00,14.93,--,1,1493,卖盘
914,13:34:51,14.93,-0.01,6,8958,卖盘
915,13:34:45,14.94,0.01,3,4482,买盘
916,13:34:33,14.93,--,70,104510,卖盘
917,13:34:30,14.93,--,40,59720,卖盘
918,13:34:12,14.93,--,4,5972,卖盘
919,13:34:06,14.93,--,1,1493,卖盘
920,13:34:00,14.93,--,97,144821,卖盘
921,13:33:57,14.93,0.01,147,219471,买盘
922,13:33:54,14.92,-0.01,4,5968,卖盘
923,13:33:51,14.93,--,12,17916,买盘
924,13:33:48,14.93,0.01,3,4479,买盘
925,13:33:45,14.92,-0.01,11,16412,卖盘
926,13:33:36,14.93,0.01,1,1493,买盘
927,13:33:33,14.92,-0.01,27,40284,卖盘
928,13:33:27,14.93,0.01,1,1493,买盘
929,13:33:24,14.92,-0.01,4,5968,卖盘
930,13:33:21,14.93,--,10,14930,买盘
931,13:33:12,14.93,--,11,16423,买盘
932,13:33:09,14.93,--,11,16423,卖盘
933,13:33:03,14.93,--,7,10451,卖盘
934,13:33:00,14.93,--,6,8958,卖盘
935,13:32:51,14.93,--,3,4479,卖盘
936,13:32:42,14.93,0.01,20,29860,卖盘
937,13:32:39,14.92,-0.01,5,7460,卖盘
938,13:32:33,14.93,--,18,26874,买盘
939,13:32:30,14.93,0.01,8,11944,买盘
940,13:32:21,14.92,-0.01,4,5968,卖盘
941,13:32:15,14.93,--,1,1493,买盘
942,13:32:12,14.93,0.01,38,56734,买盘
943,13:32:09,14.92,--,21,31332,卖盘
944,13:32:06,14.92,--,4,5968,卖盘
945,13:32:00,14.92,-0.01,1,1492,卖盘
946,13:31:57,14.93,-0.01,21,31353,卖盘
947,13:31:45,14.94,0.01,1,1494,买盘
948,13:31:42,14.93,-0.01,41,61213,卖盘
949,13:31:39,14.94,0.01,2,2988,买盘
950,13:31:30,14.93,-0.01,6,8958,卖盘
951,13:31:27,14.94,0.01,1,1494,买盘
952,13:31:15,14.93,-0.01,34,50762,卖盘
953,13:31:06,14.94,0.01,50,74700,买盘
954,13:31:03,14.93,-0.01,42,62706,卖盘
955,13:30:51,14.94,--,5,7470,买盘
956,13:30:39,14.94,--,41,61254,买盘
957,13:30:36,14.94,--,60,89640,买盘
958,13:30:27,14.94,--,36,54321,卖盘
959,13:30:15,14.94,-0.01,4,5976,卖盘
960,13:30:12,14.95,--,100,149500,买盘
961,13:30:09,14.95,--,100,149500,买盘
962,13:30:06,14.95,0.01,1,1495,买盘
963,13:30:03,14.94,--,5,7470,卖盘
964,13:30:00,14.94,-0.01,19,28386,卖盘
965,13:29:51,14.95,0.01,13,19435,买盘
966,13:29:48,14.94,--,11,17390,买盘
967,13:29:45,14.94,--,10,14940,买盘
968,13:29:42,14.94,--,8,12489,卖盘
969,13:29:36,14.94,-0.01,2,2988,卖盘
970,13:29:33,14.95,0.01,10,14950,买盘
971,13:29:30,14.94,--,13,19422,卖盘
972,13:29:27,14.94,--,4,5976,卖盘
973,13:29:24,14.94,--,11,16434,卖盘
974,13:29:03,14.94,-0.01,2,2988,卖盘
975,13:29:00,14.95,0.01,13,19435,买盘
976,13:28:57,14.94,--,2,2988,卖盘
977,13:28:54,14.94,--,55,82170,卖盘
978,13:28:33,14.94,0.01,35,53246,买盘
979,13:28:27,14.93,-0.01,1,1493,卖盘
980,13:28:24,14.94,0.01,1,1494,买盘
981,13:28:21,14.93,--,2,2986,卖盘
982,13:28:18,14.93,--,7,10451,卖盘
983,13:28:15,14.93,--,3,4479,卖盘
984,13:28:12,14.93,--,24,35832,买盘
985,13:28:09,14.93,--,16,23888,卖盘
986,13:28:06,14.93,--,18,26874,卖盘
987,13:28:03,14.93,--,10,14930,卖盘
988,13:27:45,14.93,-0.01,3,4479,卖盘
989,13:27:21,14.94,--,1,1494,买盘
990,13:27:03,14.94,0.01,11,16434,买盘
991,13:26:48,14.93,--,2,2986,买盘
992,13:26:45,14.93,0.01,9,13437,买盘
993,13:26:42,14.92,--,2,2984,卖盘
994,13:26:39,14.92,--,3,4476,买盘
995,13:26:33,14.92,--,6,8952,买盘
996,13:26:30,14.92,0.01,11,16412,买盘
997,13:26:21,14.91,--,95,141645,卖盘
998,13:26:06,14.91,--,2,2982,卖盘
999,13:26:03,14.91,-0.03,800,1192800,卖盘
1000,13:25:54,14.94,--,30,44820,买盘
1001,13:25:51,14.94,0.01,1,1494,买盘
1002,13:25:39,14.93,-0.01,6,8958,卖盘
1003,13:25:36,14.94,--,4,5976,买盘
1004,13:25:33,14.94,--,6,9501,卖盘
1005,13:25:30,14.94,--,10,14940,卖盘
1006,13:25:27,14.94,-0.01,10,15896,卖盘
1007,13:25:24,14.95,0.01,21,31395,买盘
1008,13:25:18,14.94,--,2,2988,卖盘
1009,13:25:15,14.94,--,2,2988,卖盘
1010,13:25:06,14.94,--,10,14940,买盘
1011,13:25:00,14.94,0.01,8,11952,买盘
1012,13:24:36,14.93,--,11,16423,卖盘
1013,13:24:24,14.93,-0.01,18,26874,卖盘
1014,13:24:09,14.94,--,3,4482,买盘
1015,13:24:06,14.94,0.01,10,14940,买盘
1016,13:24:00,14.93,-0.01,4,5972,卖盘
1017,13:23:57,14.94,--,10,14940,买盘
1018,13:23:48,14.94,0.01,7,10458,买盘
1019,13:23:39,14.93,-0.02,24,35832,卖盘
1020,13:23:27,14.95,--,8,13380,卖盘
1021,13:23:24,14.95,0.02,22,32964,买盘
1022,13:23:21,14.93,-0.02,8,11944,卖盘
1023,13:23:18,14.95,0.02,50,74750,买盘
1024,13:23:09,14.93,-0.01,30,44790,卖盘
1025,13:22:48,14.94,--,7,10458,卖盘
1026,13:22:45,14.94,0.01,3,4482,买盘
1027,13:22:39,14.93,--,20,29860,卖盘
1028,13:22:03,14.93,--,10,14930,卖盘
1029,13:22:00,14.93,-0.01,21,31353,卖盘
1030,13:21:57,14.94,--,1,1494,买盘
1031,13:21:45,14.94,--,6,8964,买盘
1032,13:21:36,14.94,0.01,19,28386,中性盘
1033,13:21:30,14.93,-0.02,10,14930,卖盘
1034,13:21:24,14.95,--,10,14950,买盘
1035,13:21:21,14.95,--,19,28405,买盘
1036,13:21:03,14.95,0.01,10,14950,买盘
1037,13:21:00,14.94,--,9,13446,卖盘
1038,13:20:57,14.94,--,2,2988,卖盘
1039,13:20:54,14.94,--,5,7470,卖盘
1040,13:20:48,14.94,--,1,1494,卖盘
1041,13:20:39,14.94,--,18,26981,买盘
1042,13:20:21,14.94,-0.01,20,31284,卖盘
1043,13:20:18,14.95,0.01,2,2990,买盘
1044,13:20:15,14.94,-0.01,1,1494,卖盘
1045,13:20:09,14.95,--,23,34385,买盘
1046,13:20:06,14.95,0.01,1,1495,买盘
1047,13:20:03,14.94,-0.01,3,4482,卖盘
1048,13:20:00,14.95,0.01,12,17940,买盘
1049,13:19:48,14.94,--,15,22410,卖盘
1050,13:19:27,14.94,--,21,31374,卖盘
1051,13:19:18,14.94,-0.01,2,2988,卖盘
1052,13:19:15,14.95,--,1,1495,买盘
1053,13:19:12,14.95,0.01,1,1495,买盘
1054,13:19:09,14.94,-0.01,10,14940,卖盘
1055,13:19:06,14.95,--,27,40365,买盘
1056,13:19:03,14.95,--,94,140530,买盘
1057,13:19:00,14.95,0.01,12,17940,买盘
1058,13:18:57,14.94,-0.01,10,14940,卖盘
1059,13:18:54,14.95,--,6,8970,买盘
1060,13:18:51,14.95,--,14,20930,买盘
1061,13:18:42,14.95,--,41,61295,买盘
1062,13:18:24,14.95,--,50,76170,卖盘
1063,13:18:21,14.95,--,20,29900,卖盘
1064,13:18:18,14.95,--,83,124085,卖盘
1065,13:18:12,14.95,--,10,14950,卖盘
1066,13:18:09,14.95,--,3,4485,卖盘
1067,13:18:03,14.95,--,3,4485,卖盘
1068,13:17:39,14.95,--,4,5980,卖盘
1069,13:17:33,14.95,--,23,34385,卖盘
1070,13:17:24,14.95,--,3,4485,卖盘
1071,13:17:12,14.95,-0.01,15,23426,卖盘
1072,13:17:06,14.96,0.01,1,1496,买盘
1073,13:16:54,14.95,--,98,147078,买盘
1074,13:16:51,14.95,--,9,13455,买盘
1075,13:16:48,14.95,--,17,25415,买盘
1076,13:16:45,14.95,--,1,1495,买盘
1077,13:16:42,14.95,--,30,44850,买盘
1078,13:16:39,14.95,--,4,5980,买盘
1079,13:16:36,14.95,--,94,141456,卖盘
1080,13:16:33,14.95,--,5,7475,卖盘
1081,13:16:24,14.95,-0.01,5,7475,卖盘
1082,13:16:18,14.96,0.01,81,121176,买盘
1083,13:16:09,14.95,-0.01,6,8970,卖盘
1084,13:16:00,14.96,0.01,104,155584,买盘
1085,13:15:57,14.95,--,11,16445,卖盘
1086,13:15:51,14.95,-0.01,2,2990,卖盘
1087,13:15:48,14.96,0.01,5,7480,买盘
1088,13:15:39,14.95,--,0,1001,卖盘
1089,13:15:30,14.95,-0.01,3,4485,卖盘
1090,13:15:27,14.96,--,17,25432,买盘
1091,13:15:24,14.96,--,12,17952,买盘
1092,13:15:18,14.96,--,72,107712,买盘
1093,13:15:06,14.96,0.01,1,1496,买盘
1094,13:15:03,14.95,--,333,498896,买盘
1095,13:14:57,14.95,--,7,10465,买盘
1096,13:14:51,14.95,--,10,14950,买盘
1097,13:14:48,14.95,--,1,1495,买盘
1098,13:14:39,14.95,0.01,11,16445,买盘
1099,13:14:36,14.94,--,9,13446,卖盘
1100,13:14:27,14.94,--,2,2988,卖盘
1101,13:14:18,14.94,-0.01,10,14940,卖盘
1102,13:14:15,14.95,0.01,21,31395,买盘
1103,13:14:00,14.94,--,10,14940,卖盘
1104,13:13:54,14.94,-0.01,144,215136,卖盘
1105,13:13:48,14.95,0.01,2,2990,买盘
1106,13:13:45,14.94,--,9,13446,卖盘
1107,13:13:39,14.94,--,30,44820,卖盘
1108,13:13:30,14.94,-0.01,2,2988,卖盘
1109,13:13:24,14.95,0.01,1,1495,买盘
1110,13:13:15,14.94,--,2,2988,卖盘
1111,13:13:09,14.94,-0.01,10,14940,卖盘
1112,13:13:06,14.95,0.01,10,15039,买盘
1113,13:13:03,14.94,--,5,7470,卖盘
1114,13:12:54,14.94,-0.01,11,16434,卖盘
1115,13:12:51,14.95,0.01,5,7475,买盘
1116,13:12:48,14.94,-0.01,8,11952,卖盘
1117,13:12:45,14.95,0.01,16,23920,买盘
1118,13:12:42,14.94,--,100,149400,卖盘
1119,13:12:39,14.94,--,3,4482,卖盘
1120,13:12:30,14.94,-0.01,2,2988,卖盘
1121,13:12:24,14.95,--,2,2990,买盘
1122,13:12:12,14.95,--,8,11960,买盘
1123,13:12:09,14.95,0.01,1,1495,买盘
1124,13:12:06,14.94,--,5,7470,卖盘
1125,13:11:48,14.94,-0.01,8,11952,卖盘
1126,13:11:45,14.95,--,22,32890,买盘
1127,13:11:42,14.95,--,29,43355,买盘
1128,13:11:39,14.95,--,5,7475,买盘
1129,13:11:36,14.95,--,7,10465,买盘
1130,13:11:24,14.95,--,2,2990,买盘
1131,13:11:18,14.95,0.01,10,14950,买盘
1132,13:11:12,14.94,-0.01,1,1494,卖盘
1133,13:11:09,14.95,--,2,2990,买盘
1134,13:11:03,14.95,--,3,4485,买盘
1135,13:11:00,14.95,--,9,13888,卖盘
1136,13:10:42,14.95,0.01,27,41426,买盘
1137,13:10:39,14.94,-0.01,9,13446,卖盘
1138,13:10:33,14.95,--,60,89700,买盘
1139,13:10:30,14.95,--,1,1495,买盘
1140,13:10:27,14.95,--,50,74750,买盘
1141,13:10:09,14.95,--,14,20930,买盘
1142,13:10:06,14.95,0.01,3,4485,买盘
1143,13:09:54,14.94,-0.01,1,1494,卖盘
1144,13:09:48,14.95,0.01,1,1495,买盘
1145,13:09:45,14.94,-0.01,6,8964,卖盘
1146,13:09:42,14.95,--,29,43355,买盘
1147,13:09:39,14.95,--,13,19435,买盘
1148,13:09:36,14.95,0.01,36,53820,买盘
1149,13:09:33,14.94,-0.01,5,7470,卖盘
1150,13:09:24,14.95,--,10,14950,买盘
1151,13:09:18,14.95,--,50,74750,买盘
1152,13:09:15,14.95,--,1,1495,买盘
1153,13:09:06,14.95,--,2,2990,买盘
1154,13:09:03,14.95,--,2,2990,买盘
1155,13:09:00,14.95,0.01,8,11960,买盘
1156,13:08:57,14.94,--,10,14940,卖盘
1157,13:08:54,14.94,-0.01,46,68724,卖盘
1158,13:08:51,14.95,--,2,2990,买盘
1159,13:08:48,14.95,0.01,85,127075,买盘
1160,13:08:45,14.94,--,14,20916,买盘
1161,13:08:42,14.94,--,1,1494,买盘
1162,13:08:39,14.94,--,12,17928,买盘
1163,13:08:33,14.94,0.02,5,7470,买盘
1164,13:08:30,14.92,-0.02,5,7460,卖盘
1165,13:08:27,14.94,--,14,20916,买盘
1166,13:08:24,14.94,--,1,1494,买盘
1167,13:08:21,14.94,--,68,101592,买盘
1168,13:08:18,14.94,--,4,5976,买盘
1169,13:08:12,14.94,--,21,31374,买盘
1170,13:08:09,14.94,--,2,2988,买盘
1171,13:08:03,14.94,--,6,8964,买盘
1172,13:08:00,14.94,--,5,7470,买盘
1173,13:07:57,14.94,--,38,56772,买盘
1174,13:07:54,14.94,0.02,2,2988,买盘
1175,13:07:51,14.92,-0.01,202,301384,卖盘
1176,13:07:48,14.93,-0.01,7,10451,卖盘
1177,13:07:42,14.94,0.01,2,2988,买盘
1178,13:07:39,14.93,-0.01,3,4479,卖盘
1179,13:07:36,14.94,--,12,17928,买盘
1180,13:07:30,14.94,0.01,17,25398,买盘
1181,13:07:24,14.93,-0.01,68,101524,卖盘
1182,13:07:21,14.94,--,2,2988,买盘
1183,13:07:15,14.94,0.01,5,7470,买盘
1184,13:07:12,14.93,--,6,8958,卖盘
1185,13:07:09,14.93,-0.01,12,17916,卖盘
1186,13:07:00,14.94,--,1,1494,买盘
1187,13:06:54,14.94,0.01,2,2988,买盘
1188,13:06:48,14.93,-0.01,4,5972,卖盘
1189,13:06:45,14.94,--,1,1494,买盘
1190,13:06:42,14.94,0.01,9,13446,买盘
1191,13:06:36,14.93,--,32,47776,卖盘
1192,13:06:24,14.93,-0.01,3,4479,卖盘
1193,13:06:18,14.94,--,6,8964,买盘
1194,13:06:12,14.94,--,30,44820,买盘
1195,13:06:03,14.94,--,4,5976,买盘
1196,13:06:00,14.94,--,2,2988,买盘
1197,13:05:54,14.94,--,10,14940,买盘
1198,13:05:42,14.94,--,1,1494,买盘
1199,13:05:36,14.94,0.01,1,1494,买盘
1200,13:05:33,14.93,-0.01,4,5972,卖盘
1201,13:05:06,14.94,--,1,1494,买盘
1202,13:04:54,14.94,--,3,4482,买盘
1203,13:04:51,14.94,0.01,5,7470,买盘
1204,13:04:45,14.93,-0.01,4,5972,卖盘
1205,13:04:30,14.94,--,2,2988,买盘
1206,13:04:24,14.94,--,18,26892,买盘
1207,13:04:21,14.94,--,4,5976,买盘
1208,13:04:18,14.94,--,2,2988,买盘
1209,13:04:12,14.94,--,14,20916,买盘
1210,13:04:00,14.94,--,2,2988,买盘
1211,13:03:57,14.94,--,2,2988,买盘
1212,13:03:54,14.94,--,2,2988,买盘
1213,13:03:51,14.94,--,4,5976,买盘
1214,13:03:48,14.94,--,18,26892,卖盘
1215,13:03:30,14.94,--,1,1494,卖盘
1216,13:03:27,14.94,-0.01,10,14940,卖盘
1217,13:03:24,14.95,--,3,4485,买盘
1218,13:03:21,14.95,0.01,2,2990,买盘
1219,13:03:18,14.94,-0.01,1,1494,卖盘
1220,13:03:15,14.95,--,10,14950,买盘
1221,13:03:06,14.95,--,2,2990,买盘
1222,13:02:51,14.95,--,3,4485,买盘
1223,13:02:48,14.95,--,2,2990,买盘
1224,13:02:45,14.95,--,10,14950,买盘
1225,13:02:42,14.95,0.02,30,44850,买盘
1226,13:02:39,14.93,-0.02,6,8958,卖盘
1227,13:02:15,14.95,--,1,1495,买盘
1228,13:02:12,14.95,0.02,5,7475,买盘
1229,13:01:48,14.93,-0.02,10,14930,卖盘
1230,13:01:45,14.95,--,1,1495,买盘
1231,13:01:39,14.95,0.01,2,2990,买盘
1232,13:01:36,14.94,-0.01,10,14940,卖盘
1233,13:01:30,14.95,0.01,6,8970,买盘
1234,13:01:27,14.94,--,8,11952,卖盘
1235,13:01:24,14.94,0.01,24,35856,中性盘
1236,13:01:00,14.93,--,2,2986,卖盘
1237,13:00:39,14.93,--,9,13437,卖盘
1238,13:00:18,14.93,-0.02,2,2986,卖盘
1239,13:00:09,14.95,0.02,26,38870,买盘
1240,13:00:06,14.93,--,16,23888,卖盘
1241,13:00:03,14.93,0.01,256,382208,买盘
1242,13:00:00,14.92,--,0,0,卖盘
1243,11:30:00,14.92,--,0,0,卖盘
1244,11:29:54,14.92,--,6,8952,买盘
1245,11:29:45,14.92,--,21,31332,买盘
1246,11:29:30,14.92,--,7,10444,买盘
1247,11:29:18,14.92,0.01,5,7460,买盘
1248,11:29:15,14.91,-0.01,11,16401,卖盘
1249,11:29:12,14.92,--,3,4476,买盘
1250,11:29:09,14.92,0.01,33,49236,买盘
1251,11:28:39,14.91,-0.01,4,5964,卖盘
1252,11:28:36,14.92,0.01,5,7460,买盘
1253,11:28:33,14.91,-0.01,10,14910,卖盘
1254,11:28:30,14.92,0.01,20,29840,买盘
1255,11:28:27,14.91,-0.01,2,2982,卖盘
1256,11:28:24,14.92,0.01,56,83552,买盘
1257,11:28:06,14.91,-0.01,3,4473,卖盘
1258,11:28:00,14.92,0.01,20,29840,买盘
1259,11:27:54,14.91,--,50,74550,卖盘
1260,11:27:36,14.91,--,2,2982,卖盘
1261,11:27:33,14.91,-0.01,1,1491,卖盘
1262,11:27:30,14.92,--,200,298400,买盘
1263,11:27:27,14.92,0.01,20,29840,买盘
1264,11:27:24,14.91,-0.01,10,14910,卖盘
1265,11:27:21,14.92,0.01,3,4476,买盘
1266,11:27:09,14.91,--,1,1491,卖盘
1267,11:27:06,14.91,--,3,4473,卖盘
1268,11:27:00,14.91,--,7,10437,卖盘
1269,11:26:48,14.91,-0.01,5,7455,卖盘
1270,11:26:45,14.92,--,1,1492,买盘
1271,11:26:39,14.92,--,40,59680,买盘
1272,11:26:36,14.92,--,1,1492,买盘
1273,11:26:33,14.92,--,12,17904,买盘
1274,11:26:30,14.92,0.01,2,2984,买盘
1275,11:26:15,14.91,-0.01,1,1491,卖盘
1276,11:26:12,14.92,--,22,32824,买盘
1277,11:26:06,14.92,--,5,7460,买盘
1278,11:25:54,14.92,0.01,5,7460,买盘
1279,11:25:51,14.91,-0.01,150,224291,卖盘
1280,11:25:45,14.92,0.01,24,35808,买盘
1281,11:25:36,14.91,--,8,11928,卖盘
1282,11:25:33,14.91,-0.01,2,2982,卖盘
1283,11:25:30,14.92,0.01,9,13428,买盘
1284,11:25:21,14.91,--,11,16609,卖盘
1285,11:25:12,14.91,--,4,5964,卖盘
1286,11:25:06,14.91,-0.01,2,2982,卖盘
1287,11:25:03,14.92,0.01,57,85044,买盘
1288,11:24:57,14.91,--,21,31311,卖盘
1289,11:24:45,14.91,--,1,1491,卖盘
1290,11:24:42,14.91,--,21,31311,卖盘
1291,11:24:36,14.91,--,4,5964,卖盘
1292,11:24:30,14.91,-0.01,4,5964,卖盘
1293,11:24:24,14.92,0.01,12,17904,买盘
1294,11:24:21,14.91,-0.01,1,1491,卖盘
1295,11:24:15,14.92,--,9,13428,卖盘
1296,11:23:54,14.92,0.01,14,20888,买盘
1297,11:23:42,14.91,-0.01,3,4473,卖盘
1298,11:23:39,14.92,0.01,7,10444,买盘
1299,11:23:36,14.91,--,13,19383,卖盘
1300,11:23:33,14.91,--,4,5964,卖盘
1301,11:23:30,14.91,-0.01,3,4473,卖盘
1302,11:23:24,14.92,--,10,14920,买盘
1303,11:23:15,14.92,0.01,7,10444,买盘
1304,11:23:12,14.91,--,1,1491,卖盘
1305,11:23:06,14.91,--,28,41748,卖盘
1306,11:22:48,14.91,-0.01,2,2982,卖盘
1307,11:22:42,14.92,0.01,99,147708,买盘
1308,11:22:36,14.91,-0.01,1,1491,卖盘
1309,11:22:15,14.92,--,92,137264,买盘
1310,11:22:12,14.92,0.01,2,2984,买盘
1311,11:22:03,14.91,--,1,1491,卖盘
1312,11:21:57,14.91,--,13,19383,卖盘
1313,11:21:51,14.91,--,1,1491,卖盘
1314,11:21:48,14.91,-0.01,2,2982,卖盘
1315,11:21:45,14.92,0.01,1,1492,买盘
1316,11:21:18,14.91,-0.01,32,47712,卖盘
1317,11:21:09,14.92,0.01,1,1492,买盘
1318,11:21:06,14.91,-0.01,10,14910,卖盘
1319,11:21:03,14.92,--,4,5968,买盘
1320,11:21:00,14.92,--,11,16412,买盘
1321,11:20:57,14.92,--,10,14920,买盘
1322,11:20:54,14.92,--,7,10444,买盘
1323,11:20:51,14.92,0.01,1,1492,买盘
1324,11:20:36,14.91,-0.01,2,2982,卖盘
1325,11:20:30,14.92,--,26,38792,买盘
1326,11:20:15,14.92,--,20,29840,买盘
1327,11:20:12,14.92,0.01,2,2984,买盘
1328,11:20:09,14.91,--,1,1491,卖盘
1329,11:20:06,14.91,-0.01,4,5964,卖盘
1330,11:20:03,14.92,--,27,40284,买盘
1331,11:19:51,14.92,--,3,4476,买盘
1332,11:19:48,14.92,0.01,1,1492,买盘
1333,11:19:39,14.91,--,1,1491,卖盘
1334,11:19:36,14.91,--,1,1491,卖盘
1335,11:19:33,14.91,-0.01,4,5964,卖盘
1336,11:19:21,14.92,--,2,2984,买盘
1337,11:19:18,14.92,--,29,43268,买盘
1338,11:19:15,14.92,0.01,1,1492,买盘
1339,11:19:09,14.91,-0.01,3,4473,卖盘
1340,11:19:06,14.92,0.01,2,2984,买盘
1341,11:19:03,14.91,-0.01,33,49203,卖盘
1342,11:18:51,14.92,0.01,4,5968,买盘
1343,11:18:45,14.91,-0.01,3,4473,卖盘
1344,11:18:42,14.92,--,2,2984,买盘
1345,11:18:33,14.92,0.01,1,1492,买盘
1346,11:18:30,14.91,--,1,1491,卖盘
1347,11:18:24,14.91,--,2,2982,卖盘
1348,11:18:21,14.91,--,10,14910,卖盘
1349,11:18:12,14.91,-0.01,10,14910,卖盘
1350,11:18:09,14.92,0.01,15,22380,买盘
1351,11:18:03,14.91,--,21,31311,卖盘
1352,11:17:57,14.91,-0.01,22,32802,卖盘
1353,11:17:54,14.92,0.01,29,43268,买盘
1354,11:17:51,14.91,--,20,29820,卖盘
1355,11:17:36,14.91,--,1,1491,卖盘
1356,11:17:33,14.91,--,2,2982,卖盘
1357,11:17:27,14.91,--,110,164188,卖盘
1358,11:17:15,14.91,--,2,2982,卖盘
1359,11:17:06,14.91,--,58,86478,卖盘
1360,11:17:03,14.91,--,5,7455,卖盘
1361,11:16:57,14.91,--,1,1491,卖盘
1362,11:16:51,14.91,--,101,150591,卖盘
1363,11:16:45,14.91,--,21,31311,卖盘
1364,11:16:36,14.91,--,3,4473,卖盘
1365,11:16:30,14.91,--,38,56658,卖盘
1366,11:16:27,14.91,--,4,5964,卖盘
1367,11:16:21,14.91,-0.01,50,74550,卖盘
1368,11:16:06,14.92,--,6,8952,买盘
1369,11:16:03,14.92,--,11,16412,买盘
1370,11:15:57,14.92,--,1,1492,卖盘
1371,11:15:48,14.92,-0.01,30,44760,卖盘
1372,11:15:42,14.93,0.01,2,2986,买盘
1373,11:15:36,14.92,--,2,2984,卖盘
1374,11:15:30,14.92,-0.01,10,14920,卖盘
1375,11:15:27,14.93,0.01,10,14930,买盘
1376,11:15:24,14.92,--,25,37300,卖盘
1377,11:15:15,14.92,--,22,32824,卖盘
1378,11:15:09,14.92,--,20,29840,卖盘
1379,11:15:06,14.92,-0.01,2,2984,卖盘
1380,11:15:03,14.93,0.01,1,1493,买盘
1381,11:15:00,14.92,0.01,1,1492,买盘
1382,11:14:57,14.91,--,1,1491,卖盘
1383,11:14:51,14.91,-0.01,30,44730,卖盘
1384,11:14:30,14.92,--,22,32824,卖盘
1385,11:14:27,14.92,--,1,1492,卖盘
1386,11:14:24,14.92,--,0,999,卖盘
1387,11:14:21,14.92,--,30,44760,卖盘
1388,11:14:18,14.92,--,6,8952,卖盘
1389,11:14:15,14.92,--,7,10444,卖盘
1390,11:14:03,14.92,--,14,20888,卖盘
1391,11:14:00,14.92,--,3,4476,卖盘
1392,11:13:54,14.92,--,1,1492,卖盘
1393,11:13:48,14.92,--,2,2984,卖盘
1394,11:13:45,14.92,0.01,5,7460,买盘
1395,11:13:36,14.91,--,1,1491,卖盘
1396,11:13:27,14.91,-0.02,6,8946,卖盘
1397,11:13:24,14.93,0.02,1,1493,买盘
1398,11:13:21,14.91,-0.01,12,17892,卖盘
1399,11:13:18,14.92,--,8,11936,卖盘
1400,11:13:03,14.92,--,10,14920,卖盘
1401,11:13:00,14.92,--,4,5968,卖盘
1402,11:12:54,14.92,--,1,1492,卖盘
1403,11:12:51,14.92,--,3,4476,卖盘
1404,11:12:48,14.92,--,3,4476,买盘
1405,11:12:42,14.92,0.01,1,1492,买盘
1406,11:12:39,14.91,--,1,1491,卖盘
1407,11:12:36,14.91,-0.01,16,23856,卖盘
1408,11:12:33,14.92,0.01,155,232229,买盘
1409,11:12:30,14.91,--,15,22365,卖盘
1410,11:12:24,14.91,--,1,1491,卖盘
1411,11:12:18,14.91,-0.01,50,74550,卖盘
1412,11:12:09,14.92,0.01,1,1492,买盘
1413,11:11:57,14.91,--,1,1491,卖盘
1414,11:11:54,14.91,--,21,31311,卖盘
1415,11:11:51,14.91,-0.01,14,20874,卖盘
1416,11:11:45,14.92,0.01,1,1492,买盘
1417,11:11:36,14.91,-0.01,1,1491,卖盘
1418,11:11:33,14.92,-0.01,29,43790,卖盘
1419,11:11:30,14.93,--,1,1493,买盘
1420,11:11:27,14.93,0.01,6,8958,买盘
1421,11:11:24,14.92,--,1,1492,卖盘
1422,11:11:18,14.92,--,3,4476,卖盘
1423,11:11:03,14.92,--,3,4476,卖盘
1424,11:11:00,14.92,--,27,40284,卖盘
1425,11:10:54,14.92,--,63,94965,买盘
1426,11:10:48,14.92,--,48,72138,卖盘
1427,11:10:45,14.92,--,5,7460,卖盘
1428,11:10:33,14.92,0.01,93,139725,买盘
1429,11:10:27,14.91,-0.01,5,7455,卖盘
1430,11:10:12,14.92,0.01,5,7460,买盘
1431,11:10:09,14.91,--,1,1491,卖盘
1432,11:10:06,14.91,-0.01,2,2982,卖盘
1433,11:10:03,14.92,0.01,1,1492,买盘
1434,11:10:00,14.91,--,120,178920,卖盘
1435,11:09:57,14.91,--,1,1491,卖盘
1436,11:09:54,14.91,--,9,13419,卖盘
1437,11:09:51,14.91,--,8,11928,卖盘
1438,11:09:45,14.91,--,89,132699,卖盘
1439,11:09:42,14.91,--,157,234087,卖盘
1440,11:09:36,14.91,--,21,31311,卖盘
1441,11:09:33,14.91,--,25,37275,卖盘
1442,11:09:30,14.91,--,1,1491,卖盘
1443,11:09:27,14.91,--,1,1491,卖盘
1444,11:09:21,14.91,--,25,37275,卖盘
1445,11:09:09,14.91,-0.01,139,207979,卖盘
1446,11:09:06,14.92,--,35,52980,买盘
1447,11:09:03,14.92,--,8,11936,买盘
1448,11:09:00,14.92,--,1,2223,卖盘
1449,11:08:57,14.92,--,20,29840,卖盘
1450,11:08:54,14.92,--,53,79076,卖盘
1451,11:08:48,14.92,--,22,32824,卖盘
1452,11:08:45,14.92,--,12,17904,卖盘
1453,11:08:42,14.92,--,77,114884,卖盘
1454,11:08:36,14.92,--,1,1492,卖盘
1455,11:08:27,14.92,--,244,364808,买盘
1456,11:08:24,14.92,0.01,6,8952,买盘
1457,11:08:21,14.91,-0.01,1,1491,卖盘
1458,11:08:18,14.92,--,18,27094,卖盘
1459,11:08:15,14.92,--,121,180532,卖盘
1460,11:08:12,14.92,--,249,371508,卖盘
1461,11:08:09,14.92,--,42,62664,卖盘
1462,11:08:03,14.92,--,19,28348,卖盘
1463,11:08:00,14.92,-0.01,29,43268,卖盘
1464,11:07:54,14.93,--,6,8958,买盘
1465,11:07:51,14.93,--,414,618953,卖盘
1466,11:07:48,14.93,-0.01,137,204541,卖盘
1467,11:07:45,14.94,0.01,7,10458,买盘
1468,11:07:42,14.93,--,31,46283,卖盘
1469,11:07:39,14.93,--,17,25381,卖盘
1470,11:07:33,14.93,--,31,46283,卖盘
1471,11:07:27,14.93,-0.01,21,31353,卖盘
1472,11:07:24,14.94,--,97,145411,卖盘
1473,11:07:21,14.94,--,40,59760,卖盘
1474,11:07:15,14.94,-0.01,1,1494,卖盘
1475,11:07:12,14.95,0.01,1,1495,买盘
1476,11:07:06,14.94,--,1,1494,卖盘
1477,11:06:51,14.94,--,1,1494,卖盘
1478,11:06:45,14.94,-0.01,7,10458,卖盘
1479,11:06:42,14.95,0.01,10,14950,买盘
1480,11:06:39,14.94,--,15,23410,卖盘
1481,11:06:36,14.94,-0.01,1,1494,卖盘
1482,11:06:27,14.95,0.01,2,2990,买盘
1483,11:06:24,14.94,--,5,7470,卖盘
1484,11:06:21,14.94,--,1,1494,卖盘
1485,11:06:18,14.94,-0.01,1,1494,卖盘
1486,11:06:12,14.95,--,31,46345,买盘
1487,11:06:06,14.95,--,6,8970,买盘
1488,11:06:03,14.95,0.01,271,405145,买盘
1489,11:05:54,14.94,--,6,8964,卖盘
1490,11:05:51,14.94,--,51,76194,卖盘
1491,11:05:45,14.94,--,2,2988,卖盘
1492,11:05:42,14.94,-0.01,10,14940,卖盘
1493,11:05:39,14.95,0.01,200,299000,买盘
1494,11:05:36,14.94,--,30,44820,卖盘
1495,11:05:33,14.94,--,11,16434,卖盘
1496,11:05:27,14.94,--,1,1494,卖盘
1497,11:05:24,14.94,--,3,4482,卖盘
1498,11:05:21,14.94,--,14,20916,卖盘
1499,11:05:09,14.94,-0.01,10,14940,卖盘
1500,11:05:03,14.95,0.01,1,1495,买盘
1501,11:05:00,14.94,--,87,129978,买盘
1502,11:04:57,14.94,--,60,89640,买盘
1503,11:04:51,14.94,0.01,110,164340,买盘
1504,11:04:39,14.93,--,43,64199,卖盘
1505,11:04:36,14.93,--,2,2986,卖盘
1506,11:04:33,14.93,--,22,32846,卖盘
1507,11:04:24,14.93,--,15,22395,卖盘
1508,11:04:18,14.93,-0.01,10,14930,卖盘
1509,11:04:12,14.94,0.01,75,112050,买盘
1510,11:04:09,14.93,-0.01,4,5972,卖盘
1511,11:04:06,14.94,--,21,31374,买盘
1512,11:04:00,14.94,0.01,21,31374,买盘
1513,11:03:57,14.93,-0.01,46,68678,卖盘
1514,11:03:54,14.94,--,134,200196,买盘
1515,11:03:51,14.94,--,33,49302,买盘
1516,11:03:48,14.94,--,14,20916,买盘
1517,11:03:42,14.94,--,3,4482,卖盘
1518,11:03:36,14.94,-0.01,1,1494,中性盘
1519,11:03:30,14.95,0.02,30,44850,买盘
1520,11:03:27,14.93,-0.01,1,1493,卖盘
1521,11:03:24,14.94,0.01,3,4482,买盘
1522,11:03:21,14.93,--,1,1493,卖盘
1523,11:03:09,14.93,-0.01,12,17916,卖盘
1524,11:03:06,14.94,0.01,10,14940,买盘
1525,11:02:51,14.93,--,1,1493,卖盘
1526,11:02:48,14.93,-0.01,6,8958,卖盘
1527,11:02:45,14.94,--,21,31374,买盘
1528,11:02:42,14.94,0.01,5,7470,买盘
1529,11:02:36,14.93,-0.01,1,1493,卖盘
1530,11:02:27,14.94,--,20,29880,买盘
1531,11:02:24,14.94,0.01,5,7470,买盘
1532,11:02:18,14.93,--,2,2986,卖盘
1533,11:02:12,14.93,--,30,44790,卖盘
1534,11:02:09,14.93,-0.01,2,2986,卖盘
1535,11:01:57,14.94,0.01,10,14940,买盘
1536,11:01:51,14.93,-0.01,1,1493,卖盘
1537,11:01:45,14.94,--,121,180774,买盘
1538,11:01:39,14.94,--,20,29880,买盘
1539,11:01:36,14.94,0.01,5,7470,买盘
1540,11:01:30,14.93,--,11,16423,卖盘
1541,11:01:27,14.93,--,5,7465,卖盘
1542,11:01:18,14.93,-0.01,1,1493,卖盘
1543,11:01:12,14.94,--,2,2988,买盘
1544,11:01:03,14.94,--,5,7470,买盘
1545,11:01:00,14.94,0.01,2,2988,买盘
1546,11:00:57,14.93,--,49,73157,卖盘
1547,11:00:51,14.93,-0.01,1,1493,卖盘
1548,11:00:45,14.94,0.01,100,149400,买盘
1549,11:00:36,14.93,-0.01,21,31353,卖盘
1550,11:00:30,14.94,--,1,1494,买盘
1551,11:00:24,14.94,0.01,50,74700,买盘
1552,11:00:18,14.93,--,4,5972,卖盘
1553,11:00:12,14.93,--,1,1493,卖盘
1554,11:00:09,14.93,-0.01,1,1493,卖盘
1555,11:00:03,14.94,--,1,1494,买盘
1556,11:00:00,14.94,0.01,50,74700,买盘
1557,10:59:54,14.93,--,6,8958,卖盘
1558,10:59:51,14.93,--,38,56734,卖盘
1559,10:59:48,14.93,-0.01,2,2986,卖盘
1560,10:59:42,14.94,0.01,5,7470,买盘
1561,10:59:39,14.93,--,15,22395,卖盘
1562,10:59:36,14.93,-0.01,2,2986,卖盘
1563,10:59:27,14.94,0.01,10,14940,买盘
1564,10:59:18,14.93,-0.01,1,1493,卖盘
1565,10:59:12,14.94,--,2,2988,买盘
1566,10:59:00,14.94,--,38,56772,买盘
1567,10:58:54,14.94,--,27,40338,卖盘
1568,10:58:48,14.94,--,1,1494,卖盘
1569,10:58:45,14.94,-0.01,7,10458,卖盘
1570,10:58:42,14.95,0.01,17,25415,买盘
1571,10:58:39,14.94,--,14,20916,卖盘
1572,10:58:33,14.94,--,5,7470,卖盘
1573,10:58:27,14.94,--,13,19422,买盘
1574,10:58:24,14.94,0.01,1,1494,买盘
1575,10:58:21,14.93,-0.01,1,1493,卖盘
1576,10:58:15,14.94,0.01,2,2988,买盘
1577,10:58:09,14.93,-0.01,75,111975,卖盘
1578,10:58:00,14.94,0.01,2,2988,买盘
1579,10:57:54,14.93,-0.01,6,8958,卖盘
1580,10:57:51,14.94,--,2,2988,买盘
1581,10:57:48,14.94,0.01,5,7470,买盘
1582,10:57:36,14.93,--,1,1493,卖盘
1583,10:57:24,14.93,--,25,37325,卖盘
1584,10:57:18,14.93,--,23,34339,卖盘
1585,10:57:15,14.93,-0.01,9,13437,卖盘
1586,10:57:12,14.94,--,10,14940,买盘
1587,10:57:09,14.94,0.01,1,1494,买盘
1588,10:57:06,14.93,-0.01,20,29860,卖盘
1589,10:56:48,14.94,-0.01,1,1494,卖盘
1590,10:56:45,14.95,--,25,37375,买盘
1591,10:56:42,14.95,0.01,40,59800,买盘
1592,10:56:36,14.94,--,10,14940,卖盘
1593,10:56:30,14.94,--,38,56772,买盘
1594,10:56:24,14.94,0.01,2,2988,中性盘
1595,10:56:15,14.93,--,1,1493,卖盘
1596,10:56:09,14.93,-0.01,159,238028,卖盘
1597,10:56:06,14.94,--,2,2988,买盘
1598,10:55:57,14.94,0.01,5,7470,买盘
1599,10:55:54,14.93,--,46,68678,卖盘
1600,10:55:51,14.93,-0.01,22,32846,卖盘
1601,10:55:48,14.94,0.01,5,7470,买盘
1602,10:55:36,14.93,--,1,1493,卖盘
1603,10:55:33,14.93,-0.02,39,59078,卖盘
1604,10:55:30,14.95,0.01,18,26910,买盘
1605,10:55:27,14.94,--,21,31374,卖盘
1606,10:55:24,14.94,-0.01,11,16434,卖盘
1607,10:55:21,14.95,0.01,37,55315,买盘
1608,10:55:18,14.94,-0.01,1,1494,卖盘
1609,10:55:12,14.95,--,36,53820,买盘
1610,10:55:03,14.95,0.01,7,10465,买盘
1611,10:54:54,14.94,0.01,63,94764,买盘
1612,10:54:45,14.93,-0.01,1,1493,卖盘
1613,10:54:39,14.94,--,20,29880,买盘
1614,10:54:36,14.94,--,1,1494,买盘
1615,10:54:30,14.94,0.01,30,44820,买盘
1616,10:54:27,14.93,--,1,1493,卖盘
1617,10:54:21,14.93,-0.01,1,1493,卖盘
1618,10:54:15,14.94,0.01,142,212148,买盘
1619,10:54:06,14.93,--,33,49269,卖盘
1620,10:54:03,14.93,--,2,2986,卖盘
1621,10:54:00,14.93,--,10,14930,卖盘
1622,10:53:57,14.93,-0.01,107,159751,卖盘
1623,10:53:54,14.94,--,9,13446,买盘
1624,10:53:48,14.94,0.01,15,22410,买盘
1625,10:53:45,14.93,--,6,8958,卖盘
1626,10:53:39,14.93,--,1,1493,卖盘
1627,10:53:36,14.93,-0.01,4,5972,卖盘
1628,10:53:24,14.94,0.01,1,1494,买盘
1629,10:53:15,14.93,--,5,7465,卖盘
1630,10:53:09,14.93,-0.01,6,8958,卖盘
1631,10:53:03,14.94,0.01,6,8964,买盘
1632,10:52:54,14.93,--,27,40311,卖盘
1633,10:52:51,14.93,--,30,44790,卖盘
1634,10:52:45,14.93,--,67,100031,卖盘
1635,10:52:39,14.93,--,4,5972,卖盘
1636,10:52:30,14.93,--,2,2986,卖盘
1637,10:52:24,14.93,--,28,41804,卖盘
1638,10:52:18,14.93,--,1,1493,卖盘
1639,10:52:12,14.93,--,1,1493,卖盘
1640,10:52:06,14.93,--,1,1493,卖盘
1641,10:52:03,14.93,--,1,1493,卖盘
1642,10:52:00,14.93,--,3,4479,卖盘
1643,10:51:57,14.93,--,19,28367,买盘
1644,10:51:48,14.93,-0.01,16,23888,卖盘
1645,10:51:45,14.94,0.01,2,2988,买盘
1646,10:51:42,14.93,0.01,1,1493,卖盘
1647,10:51:36,14.92,-0.02,5,7460,卖盘
1648,10:51:21,14.94,0.01,6,8964,买盘
1649,10:51:18,14.93,--,6,8958,卖盘
1650,10:51:12,14.93,--,1,1493,卖盘
1651,10:51:09,14.93,0.01,3,4479,买盘
1652,10:51:06,14.92,--,3,4476,卖盘
1653,10:51:03,14.92,--,4,5968,卖盘
1654,10:50:54,14.92,--,1,2491,卖盘
1655,10:50:48,14.92,--,100,149200,卖盘
1656,10:50:45,14.92,--,74,110408,卖盘
1657,10:50:42,14.92,--,25,37300,卖盘
1658,10:50:39,14.92,-0.01,261,389412,卖盘
1659,10:50:33,14.93,-0.01,26,39818,卖盘
1660,10:50:27,14.94,0.01,35,52290,买盘
1661,10:50:24,14.93,-0.01,21,31353,卖盘
1662,10:50:21,14.94,0.01,25,37350,买盘
1663,10:50:15,14.93,--,29,43297,卖盘
1664,10:50:12,14.93,--,23,34339,卖盘
1665,10:50:09,14.93,-0.01,130,194090,卖盘
1666,10:50:06,14.94,--,8,11952,买盘
1667,10:50:03,14.94,--,1,1494,买盘
1668,10:49:57,14.94,--,1,1494,买盘
1669,10:49:48,14.94,--,100,149400,买盘
1670,10:49:42,14.94,0.01,29,43326,买盘
1671,10:49:36,14.93,-0.01,22,32846,卖盘
1672,10:49:33,14.94,-0.01,155,231570,卖盘
1673,10:49:30,14.95,0.01,10,14950,买盘
1674,10:49:24,14.94,--,1,1494,卖盘
1675,10:49:21,14.94,--,4,5976,卖盘
1676,10:49:12,14.94,-0.01,1,1494,卖盘
1677,10:49:06,14.95,0.01,7,10465,买盘
1678,10:49:00,14.94,-0.01,1,1494,卖盘
1679,10:48:51,14.95,--,5,7475,买盘
1680,10:48:48,14.95,0.01,50,74750,买盘
1681,10:48:45,14.94,--,7,10458,卖盘
1682,10:48:42,14.94,--,18,26892,卖盘
1683,10:48:39,14.94,--,83,124002,卖盘
1684,10:48:36,14.94,-0.01,2,2988,卖盘
1685,10:48:24,14.95,--,3,4485,买盘
1686,10:48:21,14.95,0.01,5,7475,买盘
1687,10:48:15,14.94,-0.01,1,1494,卖盘
1688,10:48:12,14.95,--,9,13948,卖盘
1689,10:48:09,14.95,--,6,8970,卖盘
1690,10:48:00,14.95,--,51,76245,卖盘
1691,10:47:54,14.95,-0.01,1,1495,卖盘
1692,10:47:51,14.96,--,16,23936,买盘
1693,10:47:48,14.96,0.01,3,4488,买盘
1694,10:47:45,14.95,--,49,73255,卖盘
1695,10:47:39,14.95,--,12,18941,卖盘
1696,10:47:33,14.95,--,59,88205,卖盘
1697,10:47:27,14.95,--,26,38870,卖盘
1698,10:47:24,14.95,-0.01,20,29900,卖盘
1699,10:47:21,14.96,0.01,28,41888,买盘
1700,10:47:18,14.95,-0.01,2,2990,卖盘
1701,10:47:15,14.96,--,5,7480,买盘
1702,10:47:03,14.96,0.01,10,14960,买盘
1703,10:47:00,14.95,--,8,11960,卖盘
1704,10:46:57,14.95,-0.01,5,7475,卖盘
1705,10:46:48,14.96,--,28,41888,买盘
1706,10:46:45,14.96,--,1,1496,买盘
1707,10:46:42,14.96,0.01,19,28424,买盘
1708,10:46:36,14.95,-0.01,1,1495,卖盘
1709,10:46:30,14.96,--,17,25432,买盘
1710,10:46:27,14.96,0.01,5,7480,买盘
1711,10:46:24,14.95,--,10,14950,卖盘
1712,10:46:21,14.95,--,3,4485,卖盘
1713,10:46:09,14.95,--,1,1495,卖盘
1714,10:46:06,14.95,--,2,2990,卖盘
1715,10:46:03,14.95,0.01,4,5980,买盘
1716,10:45:54,14.94,--,4,5976,卖盘
1717,10:45:51,14.94,-0.01,13,19422,卖盘
1718,10:45:48,14.95,0.01,3,4485,买盘
1719,10:45:45,14.94,--,1,1494,卖盘
1720,10:45:39,14.94,0.01,10,14940,中性盘
1721,10:45:21,14.93,-0.03,11,16423,卖盘
1722,10:45:18,14.96,0.02,52,77792,买盘
1723,10:45:12,14.94,0.01,20,29880,买盘
1724,10:45:09,14.93,--,1,1493,卖盘
1725,10:45:03,14.93,--,7,11197,买盘
1726,10:45:00,14.93,--,16,23888,买盘
1727,10:44:57,14.93,--,30,44790,买盘
1728,10:44:54,14.93,--,20,29860,买盘
1729,10:44:45,14.93,--,228,341150,卖盘
1730,10:44:42,14.93,--,1,1493,卖盘
1731,10:44:39,14.93,--,25,37325,卖盘
1732,10:44:36,14.93,-0.01,7,10451,卖盘
1733,10:44:24,14.94,0.01,6,8964,买盘
1734,10:44:21,14.93,-0.01,6,8958,卖盘
1735,10:44:18,14.94,--,26,38844,买盘
1736,10:44:12,14.94,-0.01,125,187302,卖盘
1737,10:44:09,14.95,--,1,1495,卖盘
1738,10:44:06,14.95,--,55,83166,买盘
1739,10:44:00,14.95,--,10,14950,买盘
1740,10:43:48,14.95,0.01,100,149500,买盘
1741,10:43:45,14.94,-0.01,10,14940,卖盘
1742,10:43:42,14.95,0.01,11,16445,买盘
1743,10:43:39,14.94,--,2,2988,卖盘
1744,10:43:33,14.94,-0.01,8,11952,卖盘
1745,10:43:24,14.95,0.02,1,1495,买盘
1746,10:43:18,14.93,-0.01,14,20902,卖盘
1747,10:43:15,14.94,-0.01,1,1494,中性盘
1748,10:43:09,14.95,0.02,28,41860,买盘
1749,10:42:57,14.93,-0.01,120,179160,卖盘
1750,10:42:54,14.94,--,6,8964,卖盘
1751,10:42:51,14.94,0.01,145,216630,买盘
1752,10:42:45,14.93,--,64,95552,卖盘
1753,10:42:42,14.93,-0.01,24,35832,卖盘
1754,10:42:39,14.94,0.01,22,32868,买盘
1755,10:42:36,14.93,-0.01,2,2986,卖盘
1756,10:42:33,14.94,--,218,325692,买盘
1757,10:42:30,14.94,--,21,31374,买盘
1758,10:42:27,14.94,0.01,21,31374,买盘
1759,10:42:24,14.93,--,2,2986,卖盘
1760,10:42:18,14.93,--,1,1493,卖盘
1761,10:42:15,14.93,--,1,1493,卖盘
1762,10:42:12,14.93,--,1,1493,卖盘
1763,10:42:09,14.93,-0.01,27,40311,卖盘
1764,10:42:06,14.94,--,2,2988,买盘
1765,10:42:00,14.94,0.01,5,7470,买盘
1766,10:41:54,14.93,-0.01,47,70171,卖盘
1767,10:41:51,14.94,0.01,84,125496,买盘
1768,10:41:48,14.93,-0.01,80,119440,卖盘
1769,10:41:45,14.94,0.01,1,1494,买盘
1770,10:41:42,14.93,--,7,10451,卖盘
1771,10:41:39,14.93,--,34,50762,卖盘
1772,10:41:33,14.93,--,50,74650,卖盘
1773,10:41:30,14.93,--,4,5972,卖盘
1774,10:41:24,14.93,-0.01,1,1493,卖盘
1775,10:41:15,14.94,0.01,7,10458,买盘
1776,10:41:12,14.93,-0.01,8,11944,卖盘
1777,10:41:09,14.94,--,70,104580,买盘
1778,10:41:06,14.94,--,42,62748,卖盘
1779,10:41:03,14.94,-0.01,10,14940,卖盘
1780,10:41:00,14.95,0.01,5,7475,买盘
1781,10:40:57,14.94,--,20,29880,卖盘
1782,10:40:42,14.94,--,2,2988,卖盘
1783,10:40:36,14.94,0.01,66,98604,买盘
1784,10:40:30,14.93,-0.01,7,10451,卖盘
1785,10:40:27,14.94,-0.01,2,2988,卖盘
1786,10:40:21,14.95,0.01,105,156975,买盘
1787,10:40:06,14.94,-0.01,9,13446,卖盘
1788,10:40:03,14.95,--,35,52325,买盘
1789,10:40:00,14.95,0.01,55,82225,买盘
1790,10:39:57,14.94,-0.01,1,1494,中性盘
1791,10:39:48,14.95,0.01,13,19435,买盘
1792,10:39:42,14.94,--,6,8964,卖盘
1793,10:39:36,14.94,--,2,2988,卖盘
1794,10:39:33,14.94,-0.01,2,2988,卖盘
1795,10:39:30,14.95,0.01,10,14950,买盘
1796,10:39:27,14.94,-0.01,23,34362,卖盘
1797,10:39:21,14.95,--,34,50830,买盘
1798,10:39:12,14.95,0.01,19,28405,买盘
1799,10:39:09,14.94,--,60,89640,卖盘
1800,10:39:06,14.94,--,1,1494,卖盘
1801,10:39:03,14.94,--,3,4482,卖盘
1802,10:39:00,14.94,--,2,2988,卖盘
1803,10:38:57,14.94,--,3,4482,卖盘
1804,10:38:54,14.94,0.01,92,137448,买盘
1805,10:38:51,14.93,--,200,298600,卖盘
1806,10:38:45,14.93,-0.01,2,2986,卖盘
1807,10:38:42,14.94,0.01,19,28386,买盘
1808,10:38:36,14.93,--,1,1493,卖盘
1809,10:38:27,14.93,--,46,69424,买盘
1810,10:38:24,14.93,--,14,20902,买盘
1811,10:38:21,14.93,--,55,82115,买盘
1812,10:38:18,14.93,--,8,11944,买盘
1813,10:38:15,14.93,--,23,34339,买盘
1814,10:38:12,14.93,0.01,140,209020,买盘
1815,10:38:09,14.92,--,1,1492,卖盘
1816,10:38:06,14.92,-0.01,1,1492,卖盘
1817,10:38:03,14.93,--,14,20902,买盘
1818,10:38:00,14.93,--,5,7465,买盘
1819,10:37:51,14.93,--,19,28367,买盘
1820,10:37:48,14.93,--,149,223203,卖盘
1821,10:37:42,14.93,--,50,74650,卖盘
1822,10:37:36,14.93,--,2,2986,卖盘
1823,10:37:33,14.93,-0.01,6,8958,卖盘
1824,10:37:30,14.94,--,4,5976,中性盘
1825,10:37:27,14.94,0.01,45,67230,买盘
1826,10:37:09,14.93,--,1,1493,卖盘
1827,10:37:06,14.93,--,50,74650,卖盘
1828,10:37:03,14.93,--,3,4479,卖盘
1829,10:36:54,14.93,-0.02,21,31353,卖盘
1830,10:36:51,14.95,0.02,1,1495,买盘
1831,10:36:48,14.93,-0.02,1,1493,卖盘
1832,10:36:45,14.95,--,1,1495,买盘
1833,10:36:36,14.95,--,15,22993,卖盘
1834,10:36:33,14.95,--,40,59800,卖盘
1835,10:36:27,14.95,--,37,55315,卖盘
1836,10:36:24,14.95,--,9,13455,卖盘
1837,10:36:21,14.95,0.02,87,130991,买盘
1838,10:36:18,14.93,-0.02,1,1493,卖盘
1839,10:36:15,14.95,0.02,22,32890,买盘
1840,10:36:12,14.93,-0.02,747,1115271,卖盘
1841,10:35:54,14.95,0.01,10,14950,买盘
1842,10:35:51,14.94,--,1,1494,卖盘
1843,10:35:48,14.94,-0.01,127,190305,卖盘
1844,10:35:39,14.95,--,10,14950,卖盘
1845,10:35:36,14.95,--,2,3916,卖盘
1846,10:35:33,14.95,-0.01,9,13455,卖盘
1847,10:35:18,14.96,0.01,10,14960,买盘
1848,10:35:15,14.95,--,4,5980,买盘
1849,10:35:03,14.95,-0.01,1,1495,买盘
1850,10:34:57,14.96,--,84,125664,买盘
1851,10:34:48,14.96,0.01,33,49368,买盘
1852,10:34:42,14.95,--,20,29900,卖盘
1853,10:34:36,14.95,-0.01,9,13455,卖盘
1854,10:34:27,14.96,0.01,10,14960,买盘
1855,10:34:24,14.95,--,2,2990,卖盘
1856,10:34:21,14.95,--,5,7475,卖盘
1857,10:34:18,14.95,--,2,2990,卖盘
1858,10:34:12,14.95,-0.01,11,16445,卖盘
1859,10:34:09,14.96,0.01,4,5984,买盘
1860,10:34:06,14.95,--,8,11960,卖盘
1861,10:34:03,14.95,--,1,1495,卖盘
1862,10:34:00,14.95,-0.01,10,15249,卖盘
1863,10:33:54,14.96,--,12,19148,买盘
1864,10:33:51,14.96,0.02,4,5984,买盘
1865,10:33:36,14.94,-0.01,113,168822,卖盘
1866,10:33:27,14.95,--,15,22425,卖盘
1867,10:33:24,14.95,--,27,40365,卖盘
1868,10:33:18,14.95,-0.01,5,7475,卖盘
1869,10:33:15,14.96,0.01,100,149600,买盘
1870,10:33:09,14.95,--,10,14950,卖盘
1871,10:33:06,14.95,--,1,1495,卖盘
1872,10:33:03,14.95,-0.01,11,16445,卖盘
1873,10:33:00,14.96,0.01,10,14960,买盘
1874,10:32:57,14.95,-0.01,61,91195,卖盘
1875,10:32:51,14.96,0.01,8,11968,买盘
1876,10:32:48,14.95,-0.01,76,113620,卖盘
1877,10:32:42,14.96,0.01,10,14960,买盘
1878,10:32:39,14.95,--,56,83720,卖盘
1879,10:32:36,14.95,-0.01,51,76245,卖盘
1880,10:32:27,14.96,0.01,92,137632,买盘
1881,10:32:24,14.95,-0.01,20,29900,卖盘
1882,10:32:18,14.96,0.01,105,157080,买盘
1883,10:32:09,14.95,-0.01,12,17940,卖盘
1884,10:32:03,14.96,--,17,25432,买盘
1885,10:31:48,14.96,--,9,13464,买盘
1886,10:31:45,14.96,0.01,1,1496,买盘
1887,10:31:42,14.95,-0.01,8,11960,卖盘
1888,10:31:39,14.96,0.01,13,19448,买盘
1889,10:31:36,14.95,--,1,1495,卖盘
1890,10:31:30,14.95,--,7,10465,卖盘
1891,10:31:27,14.95,--,10,14950,卖盘
1892,10:31:21,14.95,--,10,14950,卖盘
1893,10:31:18,14.95,--,1,1495,卖盘
1894,10:31:09,14.95,0.01,5,7475,中性盘
1895,10:31:03,14.94,-0.01,100,149400,卖盘
1896,10:31:00,14.95,--,25,37375,买盘
1897,10:30:57,14.95,--,10,14950,买盘
1898,10:30:54,14.95,0.01,50,74750,买盘
1899,10:30:51,14.94,-0.01,171,255474,卖盘
1900,10:30:42,14.95,0.01,20,29900,买盘
1901,10:30:36,14.94,--,11,16434,卖盘
1902,10:30:33,14.94,-0.01,8,11952,卖盘
1903,10:30:27,14.95,0.01,4,5980,买盘
1904,10:30:21,14.94,-0.01,52,77688,卖盘
1905,10:30:18,14.95,--,12,17940,买盘
1906,10:30:15,14.95,--,16,23920,卖盘
1907,10:30:12,14.95,--,20,29900,卖盘
1908,10:30:09,14.95,-0.01,2,2990,卖盘
1909,10:30:03,14.96,0.01,1,1496,买盘
1910,10:29:57,14.95,--,52,77740,卖盘
1911,10:29:54,14.95,0.01,30,44850,买盘
1912,10:29:51,14.94,--,113,168822,卖盘
1913,10:29:48,14.94,-0.01,68,101592,卖盘
1914,10:29:45,14.95,0.01,6,8970,买盘
1915,10:29:42,14.94,--,50,74700,卖盘
1916,10:29:39,14.94,--,8,11952,卖盘
1917,10:29:36,14.94,--,1,1494,卖盘
1918,10:29:33,14.94,-0.01,25,37350,卖盘
1919,10:29:30,14.95,0.01,18,26910,买盘
1920,10:29:12,14.94,--,1,1494,卖盘
1921,10:29:09,14.94,--,5,7470,买盘
1922,10:29:06,14.94,0.01,48,71712,买盘
1923,10:28:57,14.93,-0.01,24,35832,卖盘
1924,10:28:54,14.94,--,102,152388,卖盘
1925,10:28:48,14.94,--,27,40338,卖盘
1926,10:28:42,14.94,--,19,28386,卖盘
1927,10:28:36,14.94,--,1,1494,卖盘
1928,10:28:33,14.94,-0.01,8,11952,卖盘
1929,10:28:30,14.95,-0.01,429,641355,卖盘
1930,10:28:24,14.96,--,1,1496,买盘
1931,10:28:12,14.96,--,370,554791,卖盘
1932,10:28:09,14.96,-0.01,1,1496,卖盘
1933,10:28:00,14.97,--,28,41916,买盘
1934,10:27:57,14.97,0.01,13,19461,买盘
1935,10:27:54,14.96,--,61,91256,卖盘
1936,10:27:51,14.96,--,79,118184,卖盘
1937,10:27:45,14.96,--,20,29920,卖盘
1938,10:27:42,14.96,--,24,35904,卖盘
1939,10:27:36,14.96,--,5,7480,卖盘
1940,10:27:33,14.96,--,8,11968,卖盘
1941,10:27:24,14.96,--,1,1496,卖盘
1942,10:27:21,14.96,-0.01,8,11968,卖盘
1943,10:27:09,14.97,--,18,26946,买盘
1944,10:27:03,14.97,0.01,26,38922,买盘
1945,10:27:00,14.96,-0.01,148,221408,卖盘
1946,10:26:57,14.97,--,22,33682,卖盘
1947,10:26:51,14.97,--,11,16467,卖盘
1948,10:26:48,14.97,--,15,22455,卖盘
1949,10:26:45,14.97,-0.01,17,25449,卖盘
1950,10:26:42,14.98,0.01,1,1498,买盘
1951,10:26:39,14.97,--,109,163173,卖盘
1952,10:26:36,14.97,-0.01,1,1497,卖盘
1953,10:26:33,14.98,--,2,2996,买盘
1954,10:26:24,14.98,0.01,1,1498,买盘
1955,10:26:21,14.97,--,1,1497,卖盘
1956,10:26:18,14.97,--,112,167664,卖盘
1957,10:26:06,14.97,-0.01,5,7485,卖盘
1958,10:26:03,14.98,--,10,14980,卖盘
1959,10:25:57,14.98,--,8,11984,买盘
1960,10:25:54,14.98,--,13,19474,买盘
1961,10:25:48,14.98,--,42,62916,买盘
1962,10:25:45,14.98,0.01,116,173768,买盘
1963,10:25:42,14.97,--,5,7485,卖盘
1964,10:25:39,14.97,-0.01,2,2994,卖盘
1965,10:25:36,14.98,0.01,9,13482,买盘
1966,10:25:33,14.97,--,30,44910,卖盘
1967,10:25:30,14.97,-0.01,30,44910,卖盘
1968,10:25:27,14.98,0.01,30,44940,买盘
1969,10:25:21,14.97,--,19,28443,卖盘
1970,10:25:18,14.97,--,2,2994,卖盘
1971,10:25:12,14.97,-0.01,50,74850,卖盘
1972,10:25:09,14.98,0.01,67,100366,买盘
1973,10:25:06,14.97,-0.01,4,5988,卖盘
1974,10:25:03,14.98,0.01,3,4494,买盘
1975,10:24:57,14.97,-0.01,1,1497,卖盘
1976,10:24:54,14.98,--,5,7490,买盘
1977,10:24:48,14.98,--,17,25466,买盘
1978,10:24:45,14.98,--,1,1498,买盘
1979,10:24:42,14.98,--,1,1498,买盘
1980,10:24:39,14.98,0.01,50,74900,买盘
1981,10:24:36,14.97,-0.01,1,1497,卖盘
1982,10:24:33,14.98,0.01,25,37450,买盘
1983,10:24:30,14.97,-0.01,14,20958,卖盘
1984,10:24:24,14.98,--,2,2996,买盘
1985,10:24:21,14.98,0.01,17,25466,买盘
1986,10:24:18,14.97,-0.01,25,37425,卖盘
1987,10:24:12,14.98,--,8,11984,买盘
1988,10:24:09,14.98,0.01,60,89880,买盘
1989,10:24:03,14.97,--,4,5988,卖盘
1990,10:24:00,14.97,--,6,8982,卖盘
1991,10:23:54,14.97,--,3,4491,卖盘
1992,10:23:51,14.97,0.01,29,44161,买盘
1993,10:23:48,14.96,-0.01,4,5984,卖盘
1994,10:23:45,14.97,--,7,10479,买盘
1995,10:23:30,14.97,--,12,17964,买盘
1996,10:23:24,14.97,--,1,1497,买盘
1997,10:23:21,14.97,--,222,332334,买盘
1998,10:23:09,14.97,--,55,82335,买盘
1999,10:23:06,14.97,0.01,24,35928,买盘
2000,10:23:03,14.96,--,20,29920,卖盘
2001,10:23:00,14.96,--,2,2992,卖盘
2002,10:22:57,14.96,-0.01,1,1496,卖盘
2003,10:22:48,14.97,0.01,3,4491,买盘
2004,10:22:36,14.96,-0.01,1,1496,卖盘
2005,10:22:33,14.97,0.01,50,74850,买盘
2006,10:22:24,14.96,--,118,176528,卖盘
2007,10:22:18,14.96,--,5,7480,卖盘
2008,10:22:12,14.96,-0.01,2,2992,卖盘
2009,10:22:03,14.97,0.01,18,26946,买盘
2010,10:22:00,14.96,--,154,230384,卖盘
2011,10:21:54,14.96,--,12,17952,卖盘
2012,10:21:51,14.96,--,2,2992,卖盘
2013,10:21:48,14.96,-0.01,20,29920,卖盘
2014,10:21:42,14.97,--,1,1497,买盘
2015,10:21:39,14.97,0.01,53,79341,买盘
2016,10:21:33,14.96,-0.01,48,71808,卖盘
2017,10:21:27,14.97,0.01,31,46407,买盘
2018,10:21:21,14.96,--,10,14960,卖盘
2019,10:21:18,14.96,--,22,32912,卖盘
2020,10:21:15,14.96,--,2,2992,卖盘
2021,10:21:12,14.96,--,1,1496,卖盘
2022,10:21:06,14.96,--,12,17952,卖盘
2023,10:21:03,14.96,-0.01,1,1496,卖盘
2024,10:20:57,14.97,--,25,37425,买盘
2025,10:20:51,14.97,--,6,8982,买盘
2026,10:20:42,14.97,0.01,2,2994,买盘
2027,10:20:39,14.96,--,20,29920,卖盘
2028,10:20:36,14.96,-0.01,1,1496,卖盘
2029,10:20:30,14.97,0.01,5,7485,买盘
2030,10:20:27,14.96,--,4,5984,卖盘
2031,10:20:21,14.96,--,2,2992,卖盘
2032,10:20:18,14.96,--,2,2992,卖盘
2033,10:20:15,14.96,--,1,1496,卖盘
2034,10:20:03,14.96,-0.01,15,22440,卖盘
2035,10:20:00,14.97,--,36,53892,买盘
2036,10:19:57,14.97,-0.01,11,16467,卖盘
2037,10:19:54,14.98,--,10,14980,买盘
2038,10:19:51,14.98,--,26,38948,买盘
2039,10:19:42,14.98,--,2,2996,买盘
2040,10:19:39,14.98,--,48,71904,卖盘
2041,10:19:36,14.98,--,3,4494,卖盘
2042,10:19:33,14.98,-0.01,8,11984,卖盘
2043,10:19:24,14.99,--,61,91439,买盘
2044,10:19:18,14.99,--,1,1499,买盘
2045,10:19:15,14.99,0.01,11,16489,买盘
2046,10:19:09,14.98,-0.01,10,14980,卖盘
2047,10:19:03,14.99,--,3,4497,买盘
2048,10:19:00,14.99,--,562,842438,买盘
2049,10:18:57,14.99,--,6,8994,买盘
2050,10:18:54,14.99,--,2,2998,卖盘
2051,10:18:51,14.99,--,116,173884,卖盘
2052,10:18:48,14.99,-0.01,2,2998,卖盘
2053,10:18:45,15.0,0.01,23,34500,买盘
2054,10:18:42,14.99,--,38,56962,卖盘
2055,10:18:39,14.99,--,65,97435,买盘
2056,10:18:36,14.99,--,20,29980,买盘
2057,10:18:27,14.99,--,70,104930,买盘
2058,10:18:24,14.99,--,1,1499,买盘
2059,10:18:18,14.99,0.01,5,7495,买盘
2060,10:18:15,14.98,--,28,41944,卖盘
2061,10:18:09,14.98,-0.01,28,41944,卖盘
2062,10:18:06,14.99,0.01,3,4497,买盘
2063,10:18:03,14.98,--,11,16478,卖盘
2064,10:17:57,14.98,-0.01,39,58422,卖盘
2065,10:17:51,14.99,-0.01,3,4497,中性盘
2066,10:17:45,15.0,0.01,55,82500,买盘
2067,10:17:39,14.99,-0.01,13,19487,卖盘
2068,10:17:36,15.0,--,13,19500,买盘
2069,10:17:33,15.0,--,10,16290,卖盘
2070,10:17:30,15.0,--,134,201000,卖盘
2071,10:17:27,15.0,-0.01,1,1500,卖盘
2072,10:17:24,15.01,--,160,240160,买盘
2073,10:17:18,15.01,0.01,108,162108,买盘
2074,10:17:12,15.0,--,86,129000,卖盘
2075,10:17:09,15.0,-0.01,42,63000,卖盘
2076,10:17:06,15.01,0.01,20,30020,买盘
2077,10:17:03,15.0,-0.01,35,52500,卖盘
2078,10:17:00,15.01,--,10,15010,买盘
2079,10:16:54,15.01,--,71,106571,买盘
2080,10:16:51,15.01,0.01,60,90060,买盘
2081,10:16:48,15.0,-0.01,6,9000,卖盘
2082,10:16:42,15.01,--,79,118579,买盘
2083,10:16:39,15.01,0.01,60,90060,买盘
2084,10:16:36,15.0,--,14,21000,卖盘
2085,10:16:33,15.0,--,21,31500,卖盘
2086,10:16:27,15.0,0.02,453,679710,买盘
2087,10:16:24,14.98,--,3,4494,买盘
2088,10:16:21,14.98,-0.01,331,496377,卖盘
2089,10:16:18,14.99,0.01,9,14450,买盘
2090,10:16:15,14.98,-0.01,81,121338,卖盘
2091,10:16:12,14.99,--,60,89940,买盘
2092,10:16:09,14.99,--,3,4497,买盘
2093,10:16:06,14.99,0.01,9,13491,买盘
2094,10:16:03,14.98,-0.01,21,31458,卖盘
2095,10:16:00,14.99,0.01,1,1499,买盘
2096,10:15:51,14.98,--,4,5992,卖盘
2097,10:15:48,14.98,--,22,32956,卖盘
2098,10:15:45,14.98,--,2,2996,卖盘
2099,10:15:42,14.98,--,61,91378,卖盘
2100,10:15:39,14.98,0.01,20,29960,买盘
2101,10:15:36,14.97,-0.01,8,11976,卖盘
2102,10:15:33,14.98,--,15,22470,卖盘
2103,10:15:27,14.98,--,2,2996,买盘
2104,10:15:24,14.98,--,7,10486,卖盘
2105,10:15:21,14.98,--,5,7490,卖盘
2106,10:15:18,14.98,-0.01,50,74900,卖盘
2107,10:15:15,14.99,--,7,10493,买盘
2108,10:15:12,14.99,--,2,2998,买盘
2109,10:15:09,14.99,--,6,8994,买盘
2110,10:15:06,14.99,--,2,2998,买盘
2111,10:15:03,14.99,--,101,151399,买盘
2112,10:15:00,14.99,--,15,23024,卖盘
2113,10:14:57,14.99,-0.01,7,10493,卖盘
2114,10:14:51,15.0,0.01,13,19500,买盘
2115,10:14:48,14.99,-0.01,10,14990,卖盘
2116,10:14:45,15.0,0.01,5,7500,买盘
2117,10:14:42,14.99,-0.01,13,19487,卖盘
2118,10:14:33,15.0,0.01,1,1500,买盘
2119,10:14:30,14.99,-0.01,26,38974,卖盘
2120,10:14:27,15.0,0.01,4,6960,买盘
2121,10:14:24,14.99,-0.01,10,14990,卖盘
2122,10:14:21,15.0,--,10,15000,买盘
2123,10:14:18,15.0,--,35,52500,买盘
2124,10:14:15,15.0,--,10,15000,买盘
2125,10:14:12,15.0,--,5,7500,买盘
2126,10:14:09,15.0,--,20,30000,买盘
2127,10:14:06,15.0,--,2,3000,买盘
2128,10:14:03,15.0,--,15,22500,卖盘
2129,10:13:57,15.0,--,136,204000,卖盘
2130,10:13:54,15.0,--,35,52500,卖盘
2131,10:13:51,15.0,--,37,55500,卖盘
2132,10:13:48,15.0,-0.01,71,106500,卖盘
2133,10:13:45,15.01,0.01,29,43529,买盘
2134,10:13:39,15.0,-0.01,2,3000,卖盘
2135,10:13:36,15.01,--,30,45030,买盘
2136,10:13:27,15.01,-0.01,159,239424,卖盘
2137,10:13:24,15.02,--,21,31542,买盘
2138,10:13:21,15.02,0.01,30,45060,买盘
2139,10:13:18,15.01,-0.01,60,90795,卖盘
2140,10:13:15,15.02,--,60,90120,买盘
2141,10:13:12,15.02,0.01,47,70594,买盘
2142,10:13:09,15.01,--,5,7505,卖盘
2143,10:13:06,15.01,-0.01,73,109573,卖盘
2144,10:13:03,15.02,--,15,22530,买盘
2145,10:13:00,15.02,0.01,191,286882,买盘
2146,10:12:57,15.01,-0.01,8,12008,卖盘
2147,10:12:54,15.02,0.01,11,16522,买盘
2148,10:12:51,15.01,-0.01,26,39026,卖盘
2149,10:12:48,15.02,0.01,8,12016,买盘
2150,10:12:39,15.01,-0.01,11,16511,卖盘
2151,10:12:36,15.02,--,35,52570,卖盘
2152,10:12:33,15.02,-0.01,42,63084,卖盘
2153,10:12:30,15.03,--,63,94689,买盘
2154,10:12:27,15.03,0.01,146,219438,买盘
2155,10:12:24,15.02,--,69,103638,卖盘
2156,10:12:21,15.02,--,30,45060,卖盘
2157,10:12:18,15.02,--,30,45060,卖盘
2158,10:12:15,15.02,--,55,82610,卖盘
2159,10:12:12,15.02,--,31,46562,卖盘
2160,10:12:09,15.02,--,91,136682,买盘
2161,10:12:06,15.02,--,61,91622,买盘
2162,10:12:03,15.02,--,13,19526,买盘
2163,10:11:57,15.02,0.01,59,88618,买盘
2164,10:11:54,15.01,-0.01,10,15010,卖盘
2165,10:11:51,15.02,0.01,64,96128,买盘
2166,10:11:48,15.01,--,44,66044,卖盘
2167,10:11:45,15.01,-0.01,40,60040,卖盘
2168,10:11:42,15.02,0.01,1,1502,买盘
2169,10:11:39,15.01,--,31,46531,买盘
2170,10:11:36,15.01,--,36,54036,买盘
2171,10:11:33,15.01,--,4,6004,买盘
2172,10:11:30,15.01,0.01,37,55537,买盘
2173,10:11:21,15.0,--,29,44655,买盘
2174,10:11:18,15.0,--,59,88500,买盘
2175,10:11:09,15.0,0.01,45,67500,买盘
2176,10:11:06,14.99,--,18,26982,卖盘
2177,10:11:00,14.99,--,11,16489,卖盘
2178,10:10:54,14.99,-0.01,55,82445,中性盘
2179,10:10:48,15.0,0.02,771,1156500,买盘
2180,10:10:45,14.98,-0.01,5,7490,卖盘
2181,10:10:42,14.99,0.01,60,89940,买盘
2182,10:10:39,14.98,--,61,91378,卖盘
2183,10:10:36,14.98,--,1,1498,卖盘
2184,10:10:33,14.98,--,11,16478,卖盘
2185,10:10:30,14.98,-0.01,20,29960,卖盘
2186,10:10:27,14.99,0.01,10,14990,买盘
2187,10:10:24,14.98,0.01,6,8988,卖盘
2188,10:10:21,14.97,-0.02,70,104790,卖盘
2189,10:10:18,14.99,--,25,37475,买盘
2190,10:10:15,14.99,0.01,11,16489,买盘
2191,10:10:09,14.98,--,26,38948,卖盘
2192,10:10:06,14.98,--,21,32746,买盘
2193,10:10:03,14.98,--,20,29960,买盘
2194,10:10:00,14.98,--,164,245672,买盘
2195,10:09:45,14.98,--,33,49434,买盘
2196,10:09:42,14.98,0.01,118,176764,买盘
2197,10:09:39,14.97,-0.01,27,40419,卖盘
2198,10:09:36,14.98,--,11,16478,买盘
2199,10:09:24,14.98,0.01,30,44940,买盘
2200,10:09:21,14.97,--,6,8982,卖盘
2201,10:09:18,14.97,--,5,7485,卖盘
2202,10:09:15,14.97,--,152,227978,买盘
2203,10:09:09,14.97,--,123,184131,买盘
2204,10:09:06,14.97,0.01,42,62874,买盘
2205,10:09:03,14.96,--,9,13464,卖盘
2206,10:09:00,14.96,-0.01,97,145112,卖盘
2207,10:08:57,14.97,0.01,103,154191,买盘
2208,10:08:54,14.96,-0.01,2,2992,卖盘
2209,10:08:51,14.97,0.01,21,31437,买盘
2210,10:08:48,14.96,--,47,70312,卖盘
2211,10:08:42,14.96,--,27,40392,买盘
2212,10:08:39,14.96,0.01,50,74800,买盘
2213,10:08:36,14.95,-0.01,7,10465,卖盘
2214,10:08:33,14.96,--,168,251328,买盘
2215,10:08:27,14.96,0.01,10,14960,买盘
2216,10:08:24,14.95,-0.01,6,8970,卖盘
2217,10:08:15,14.96,-0.01,19,28424,卖盘
2218,10:08:12,14.97,0.01,6,8982,买盘
2219,10:08:06,14.96,--,15,22440,卖盘
2220,10:08:00,14.96,--,57,85272,卖盘
2221,10:07:57,14.96,--,18,26928,卖盘
2222,10:07:54,14.96,0.01,4,5984,卖盘
2223,10:07:48,14.95,-0.02,30,44850,卖盘
2224,10:07:45,14.97,0.01,10,14970,买盘
2225,10:07:42,14.96,--,21,31416,买盘
2226,10:07:39,14.96,0.01,33,49368,买盘
2227,10:07:30,14.95,-0.01,8,11960,卖盘
2228,10:07:27,14.96,--,3,4488,买盘
2229,10:07:18,14.96,0.01,2,2992,卖盘
2230,10:07:15,14.95,--,2,2990,卖盘
2231,10:07:12,14.95,--,2,2990,卖盘
2232,10:07:00,14.95,-0.02,20,29900,卖盘
2233,10:06:57,14.97,0.02,21,31437,买盘
2234,10:06:51,14.95,-0.01,137,204815,卖盘
2235,10:06:45,14.96,--,3,4488,买盘
2236,10:06:42,14.96,--,7,10472,买盘
2237,10:06:39,14.96,0.01,21,31416,买盘
2238,10:06:36,14.95,-0.01,22,32890,卖盘
2239,10:06:33,14.96,--,41,61336,买盘
2240,10:06:30,14.96,0.01,7,10472,买盘
2241,10:06:27,14.95,-0.01,10,14950,卖盘
2242,10:06:18,14.96,--,28,41902,卖盘
2243,10:06:15,14.96,--,21,31416,卖盘
2244,10:06:12,14.96,-0.01,7,10472,卖盘
2245,10:06:09,14.97,0.01,22,32934,买盘
2246,10:06:03,14.96,-0.01,49,73304,卖盘
2247,10:06:00,14.97,0.01,30,44910,买盘
2248,10:05:57,14.96,--,20,29920,卖盘
2249,10:05:54,14.96,--,15,22440,卖盘
2250,10:05:45,14.96,--,69,103224,卖盘
2251,10:05:39,14.96,--,5,7480,卖盘
2252,10:05:33,14.96,--,99,149585,卖盘
2253,10:05:27,14.96,--,38,56848,卖盘
2254,10:05:24,14.96,--,23,34408,卖盘
2255,10:05:18,14.96,-0.01,3,4488,卖盘
2256,10:05:15,14.97,--,13,19461,买盘
2257,10:05:12,14.97,--,14,20958,买盘
2258,10:05:06,14.97,--,11,16467,买盘
2259,10:05:03,14.97,--,30,44910,买盘
2260,10:05:00,14.97,0.01,10,14970,买盘
2261,10:04:57,14.96,--,25,37400,卖盘
2262,10:04:54,14.96,-0.01,24,35904,卖盘
2263,10:04:51,14.97,--,24,36975,卖盘
2264,10:04:48,14.97,0.01,13,19910,买盘
2265,10:04:45,14.96,--,1,1496,卖盘
2266,10:04:42,14.96,--,83,124168,卖盘
2267,10:04:36,14.96,-0.01,4,5984,卖盘
2268,10:04:33,14.97,--,42,62874,买盘
2269,10:04:30,14.97,--,10,14970,买盘
2270,10:04:24,14.97,0.01,65,97305,买盘
2271,10:04:21,14.96,--,1,1496,卖盘
2272,10:04:18,14.96,--,5,7480,卖盘
2273,10:04:12,14.96,0.01,188,281248,买盘
2274,10:04:09,14.95,--,7,10465,卖盘
2275,10:04:06,14.95,-0.01,105,156975,卖盘
2276,10:04:00,14.96,0.01,115,172040,买盘
2277,10:03:57,14.95,--,10,14950,卖盘
2278,10:03:54,14.95,-0.01,34,50830,卖盘
2279,10:03:51,14.96,0.01,51,76296,买盘
2280,10:03:48,14.95,--,37,55315,卖盘
2281,10:03:27,14.95,--,5,7475,卖盘
2282,10:03:24,14.95,--,41,61295,买盘
2283,10:03:21,14.95,--,10,14950,买盘
2284,10:03:18,14.95,--,3,4485,买盘
2285,10:03:12,14.95,--,5,7475,买盘
2286,10:03:06,14.95,--,33,49335,买盘
2287,10:02:57,14.95,--,20,29900,买盘
2288,10:02:54,14.95,0.01,54,80730,买盘
2289,10:02:51,14.94,-0.01,55,82170,卖盘
2290,10:02:48,14.95,0.01,9,13455,买盘
2291,10:02:39,14.94,--,5,7470,卖盘
2292,10:02:36,14.94,-0.01,14,20916,卖盘
2293,10:02:33,14.95,0.01,16,23920,买盘
2294,10:02:30,14.94,--,100,149400,卖盘
2295,10:02:21,14.94,--,10,14940,卖盘
2296,10:02:18,14.94,--,4,5976,卖盘
2297,10:02:09,14.94,--,6,8964,卖盘
2298,10:02:06,14.94,--,21,31374,卖盘
2299,10:02:03,14.94,--,21,31374,卖盘
2300,10:02:00,14.94,-0.01,25,37350,卖盘
2301,10:01:48,14.95,-0.01,145,216775,卖盘
2302,10:01:45,14.96,-0.01,50,74800,卖盘
2303,10:01:42,14.97,0.01,14,20958,买盘
2304,10:01:36,14.96,--,9,13464,卖盘
2305,10:01:33,14.96,--,9,13464,卖盘
2306,10:01:27,14.96,--,6,8976,卖盘
2307,10:01:24,14.96,--,7,10472,卖盘
2308,10:01:21,14.96,--,1,1496,卖盘
2309,10:01:18,14.96,--,165,246840,卖盘
2310,10:01:15,14.96,--,78,116688,卖盘
2311,10:01:09,14.96,--,10,14960,卖盘
2312,10:01:06,14.96,--,3,4488,卖盘
2313,10:01:00,14.96,--,75,112200,买盘
2314,10:00:57,14.96,--,10,14960,买盘
2315,10:00:51,14.96,--,23,34408,买盘
2316,10:00:48,14.96,--,31,46376,买盘
2317,10:00:45,14.96,--,5,7480,买盘
2318,10:00:39,14.96,0.01,9,13464,买盘
2319,10:00:36,14.95,-0.02,3,4485,卖盘
2320,10:00:27,14.97,0.01,200,299400,买盘
2321,10:00:24,14.96,--,39,58852,卖盘
2322,10:00:21,14.96,--,27,40392,卖盘
2323,10:00:15,14.96,--,13,19448,卖盘
2324,10:00:12,14.96,--,4,5984,卖盘
2325,10:00:09,14.96,--,50,74800,卖盘
2326,10:00:06,14.96,-0.01,22,32912,卖盘
2327,10:00:03,14.97,--,9,13473,买盘
2328,10:00:00,14.97,0.01,23,34431,买盘
2329,09:59:57,14.96,--,13,19448,卖盘
2330,09:59:54,14.96,-0.01,26,38896,卖盘
2331,09:59:51,14.97,0.01,9,13473,买盘
2332,09:59:48,14.96,-0.01,69,103224,卖盘
2333,09:59:45,14.97,0.01,50,74850,买盘
2334,09:59:42,14.96,-0.01,128,191488,卖盘
2335,09:59:39,14.97,0.01,62,92814,买盘
2336,09:59:36,14.96,-0.01,5,7480,卖盘
2337,09:59:33,14.97,--,19,28443,买盘
2338,09:59:30,14.97,--,3,4491,买盘
2339,09:59:27,14.97,0.01,5,7485,买盘
2340,09:59:24,14.96,-0.01,16,23936,卖盘
2341,09:59:18,14.97,0.01,60,89820,买盘
2342,09:59:12,14.96,-0.01,1,1496,卖盘
2343,09:59:09,14.97,--,17,25449,买盘
2344,09:59:06,14.97,0.01,6,8982,买盘
2345,09:59:03,14.96,--,27,40392,卖盘
2346,09:59:00,14.96,--,21,31416,卖盘
2347,09:58:57,14.96,-0.01,21,31416,卖盘
2348,09:58:54,14.97,--,10,14970,买盘
2349,09:58:51,14.97,--,12,17964,买盘
2350,09:58:48,14.97,0.01,4,5988,买盘
2351,09:58:45,14.96,--,7,10472,卖盘
2352,09:58:39,14.96,--,2,2992,卖盘
2353,09:58:36,14.96,--,44,65824,卖盘
2354,09:58:33,14.96,--,1,1496,卖盘
2355,09:58:30,14.96,-0.01,69,103224,卖盘
2356,09:58:24,14.97,0.01,1,1497,买盘
2357,09:58:21,14.96,-0.01,31,46376,卖盘
2358,09:58:18,14.97,0.01,5,7485,买盘
2359,09:58:15,14.96,--,4,5984,卖盘
2360,09:58:12,14.96,-0.01,21,31416,卖盘
2361,09:58:09,14.97,0.01,9,13473,买盘
2362,09:58:06,14.96,--,6,8976,卖盘
2363,09:58:03,14.96,--,21,31416,卖盘
2364,09:57:57,14.96,--,50,74800,卖盘
2365,09:57:54,14.96,-0.01,16,23936,卖盘
2366,09:57:51,14.97,--,8,11976,买盘
2367,09:57:48,14.97,0.01,19,28443,买盘
2368,09:57:45,14.96,-0.01,40,59840,卖盘
2369,09:57:42,14.97,0.01,21,31437,买盘
2370,09:57:39,14.96,-0.01,24,35904,卖盘
2371,09:57:36,14.97,--,31,46407,买盘
2372,09:57:33,14.97,0.01,97,145209,买盘
2373,09:57:30,14.96,-0.01,7,10472,卖盘
2374,09:57:27,14.97,--,5,7485,买盘
2375,09:57:24,14.97,--,13,19461,买盘
2376,09:57:21,14.97,--,150,224550,卖盘
2377,09:57:18,14.97,--,20,29940,卖盘
2378,09:57:09,14.97,-0.01,25,37425,卖盘
2379,09:57:06,14.98,--,24,35952,买盘
2380,09:57:03,14.98,0.01,4,5992,买盘
2381,09:57:00,14.97,-0.01,35,52395,卖盘
2382,09:56:57,14.98,--,3,4494,买盘
2383,09:56:54,14.98,--,7,10486,买盘
2384,09:56:48,14.98,0.01,3,4494,买盘
2385,09:56:45,14.97,-0.02,67,100299,卖盘
2386,09:56:42,14.99,0.01,23,34477,买盘
2387,09:56:39,14.98,0.01,82,122836,买盘
2388,09:56:36,14.97,--,1,1497,卖盘
2389,09:56:33,14.97,-0.01,138,206586,卖盘
2390,09:56:30,14.98,--,70,104860,买盘
2391,09:56:27,14.98,0.01,5,7490,买盘
2392,09:56:24,14.97,--,52,77844,卖盘
2393,09:56:21,14.97,-0.01,71,106287,卖盘
2394,09:56:18,14.98,0.01,10,14980,买盘
2395,09:56:15,14.97,-0.01,21,31437,卖盘
2396,09:56:12,14.98,--,112,167776,买盘
2397,09:56:09,14.98,--,18,26964,买盘
2398,09:56:06,14.98,--,10,14980,买盘
2399,09:56:03,14.98,--,33,49434,买盘
2400,09:56:00,14.98,-0.01,108,161784,卖盘
2401,09:55:57,14.99,--,10,14990,买盘
2402,09:55:54,14.99,0.01,17,25483,买盘
2403,09:55:51,14.98,--,10,14980,买盘
2404,09:55:48,14.98,-0.01,95,142310,卖盘
2405,09:55:45,14.99,0.01,5,7495,买盘
2406,09:55:42,14.98,-0.01,1,1498,卖盘
2407,09:55:39,14.99,0.01,6,8994,买盘
2408,09:55:36,14.98,--,36,53928,买盘
2409,09:55:33,14.98,--,187,280126,买盘
2410,09:55:30,14.98,0.01,21,31458,买盘
2411,09:55:27,14.97,--,10,14970,卖盘
2412,09:55:24,14.97,-0.01,10,14970,卖盘
2413,09:55:18,14.98,--,42,62916,买盘
2414,09:55:15,14.98,0.01,5,7490,买盘
2415,09:55:12,14.97,-0.01,41,61377,中性盘
2416,09:55:09,14.98,0.02,1,1498,买盘
2417,09:55:06,14.96,-0.01,24,35904,卖盘
2418,09:55:03,14.97,0.01,2,2994,买盘
2419,09:55:00,14.96,--,4,5984,卖盘
2420,09:54:57,14.96,-0.01,40,59840,卖盘
2421,09:54:54,14.97,0.01,10,14970,买盘
2422,09:54:51,14.96,-0.01,23,34408,卖盘
2423,09:54:48,14.97,--,1,1497,卖盘
2424,09:54:45,14.97,0.01,105,158173,买盘
2425,09:54:42,14.96,-0.01,20,29920,卖盘
2426,09:54:39,14.97,--,30,44910,买盘
2427,09:54:36,14.97,0.01,19,28443,买盘
2428,09:54:33,14.96,-0.01,3,4488,卖盘
2429,09:54:30,14.97,0.01,59,88323,买盘
2430,09:54:27,14.96,--,8,11968,卖盘
2431,09:54:21,14.96,--,11,16456,卖盘
2432,09:54:18,14.96,--,21,31416,买盘
2433,09:54:15,14.96,--,54,80784,买盘
2434,09:54:12,14.96,--,21,31416,买盘
2435,09:54:09,14.96,-0.01,110,164560,卖盘
2436,09:54:06,14.97,0.01,2,2994,买盘
2437,09:54:03,14.96,-0.01,160,239360,卖盘
2438,09:54:00,14.97,--,133,199101,买盘
2439,09:53:57,14.97,--,18,26946,买盘
2440,09:53:54,14.97,--,5,7485,买盘
2441,09:53:51,14.97,--,55,82335,买盘
2442,09:53:48,14.97,--,10,14970,买盘
2443,09:53:45,14.97,--,26,38922,买盘
2444,09:53:42,14.97,--,25,37425,买盘
2445,09:53:39,14.97,-0.01,2,2994,卖盘
2446,09:53:36,14.98,--,46,68908,买盘
2447,09:53:33,14.98,--,71,106358,买盘
2448,09:53:30,14.98,0.01,43,64414,买盘
2449,09:53:27,14.97,-0.01,162,242514,中性盘
2450,09:53:24,14.98,0.02,217,325066,买盘
2451,09:53:21,14.96,--,93,139128,买盘
2452,09:53:18,14.96,--,50,74800,买盘
2453,09:53:15,14.96,--,8,11968,买盘
2454,09:53:12,14.96,--,1,1496,买盘
2455,09:53:06,14.96,0.01,1,1496,买盘
2456,09:53:03,14.95,-0.01,11,16445,卖盘
2457,09:52:48,14.96,-0.01,18,28020,卖盘
2458,09:52:42,14.97,0.01,74,110778,买盘
2459,09:52:39,14.96,--,5,7480,卖盘
2460,09:52:36,14.96,--,7,10472,卖盘
2461,09:52:33,14.96,--,35,52360,卖盘
2462,09:52:30,14.96,-0.01,11,16456,卖盘
2463,09:52:27,14.97,0.01,111,166167,买盘
2464,09:52:24,14.96,--,18,26928,卖盘
2465,09:52:21,14.96,--,90,134640,卖盘
2466,09:52:18,14.96,--,5,7480,卖盘
2467,09:52:15,14.96,--,2,2992,卖盘
2468,09:52:12,14.96,--,8,11968,卖盘
2469,09:52:09,14.96,--,32,47872,卖盘
2470,09:52:06,14.96,0.01,304,455187,买盘
2471,09:52:03,14.95,--,20,29900,卖盘
2472,09:52:00,14.95,-0.01,48,71760,卖盘
2473,09:51:57,14.96,--,36,53856,买盘
2474,09:51:54,14.96,0.01,54,80784,买盘
2475,09:51:51,14.95,-0.01,1,1495,卖盘
2476,09:51:48,14.96,--,14,20944,买盘
2477,09:51:45,14.96,--,104,155584,买盘
2478,09:51:42,14.96,0.01,12,17952,买盘
2479,09:51:39,14.95,-0.01,12,17940,卖盘
2480,09:51:36,14.96,0.01,66,98736,买盘
2481,09:51:30,14.95,--,64,95680,卖盘
2482,09:51:27,14.95,--,33,49335,卖盘
2483,09:51:24,14.95,--,3,4485,卖盘
2484,09:51:21,14.95,-0.01,12,17940,卖盘
2485,09:51:18,14.96,0.01,28,41888,买盘
2486,09:51:12,14.95,-0.01,14,20930,卖盘
2487,09:51:09,14.96,0.01,25,37400,买盘
2488,09:51:06,14.95,--,10,14950,买盘
2489,09:51:03,14.95,--,10,14950,买盘
2490,09:51:00,14.95,0.01,120,179400,买盘
2491,09:50:57,14.94,-0.01,12,17928,卖盘
2492,09:50:54,14.95,--,10,14950,买盘
2493,09:50:51,14.95,0.01,105,156975,买盘
2494,09:50:48,14.94,--,2,2988,卖盘
2495,09:50:45,14.94,--,8,11952,卖盘
2496,09:50:39,14.94,--,151,226834,买盘
2497,09:50:36,14.94,--,25,37350,买盘
2498,09:50:33,14.94,--,52,77688,买盘
2499,09:50:30,14.94,--,23,34362,买盘
2500,09:50:27,14.94,--,23,34362,买盘
2501,09:50:24,14.94,0.01,63,94122,买盘
2502,09:50:12,14.93,--,103,154525,买盘
2503,09:50:09,14.93,--,40,59720,买盘
2504,09:50:03,14.93,0.01,21,31353,买盘
2505,09:50:00,14.92,--,67,99964,买盘
2506,09:49:57,14.92,0.01,52,77584,买盘
2507,09:49:54,14.91,-0.01,40,59640,卖盘
2508,09:49:51,14.92,0.01,180,268560,买盘
2509,09:49:48,14.91,-0.01,31,46221,卖盘
2510,09:49:45,14.92,0.01,8,11936,买盘
2511,09:49:42,14.91,-0.01,2,2982,卖盘
2512,09:49:39,14.92,0.01,10,14920,买盘
2513,09:49:36,14.91,--,14,20874,卖盘
2514,09:49:33,14.91,-0.01,2,2982,卖盘
2515,09:49:30,14.92,0.01,15,22380,买盘
2516,09:49:27,14.91,--,42,62622,卖盘
2517,09:49:24,14.91,--,1,1491,卖盘
2518,09:49:21,14.91,--,6,8946,卖盘
2519,09:49:18,14.91,--,2,2982,卖盘
2520,09:49:15,14.91,0.01,88,132490,买盘
2521,09:49:12,14.9,-0.01,91,135590,卖盘
2522,09:49:09,14.91,--,57,84987,买盘
2523,09:49:06,14.91,--,22,32802,买盘
2524,09:49:03,14.91,--,14,20874,买盘
2525,09:49:00,14.91,--,14,20874,买盘
2526,09:48:57,14.91,0.01,18,26838,买盘
2527,09:48:54,14.9,-0.01,40,59600,卖盘
2528,09:48:51,14.91,--,15,22365,买盘
2529,09:48:48,14.91,--,411,612801,买盘
2530,09:48:45,14.91,0.01,20,29820,买盘
2531,09:48:42,14.9,--,74,110260,卖盘
2532,09:48:36,14.9,--,1,1490,卖盘
2533,09:48:33,14.9,--,3,4470,卖盘
2534,09:48:30,14.9,-0.01,9,13410,卖盘
2535,09:48:27,14.91,--,40,59640,买盘
2536,09:48:24,14.91,0.02,1,1491,买盘
2537,09:48:21,14.89,-0.01,227,338003,卖盘
2538,09:48:15,14.9,-0.01,79,117710,卖盘
2539,09:48:06,14.91,0.01,50,74550,买盘
2540,09:48:03,14.9,--,1,1490,卖盘
2541,09:47:54,14.9,--,27,40230,买盘
2542,09:47:51,14.9,0.01,100,149000,买盘
2543,09:47:48,14.89,-0.01,6,8934,卖盘
2544,09:47:45,14.9,0.01,2,2980,买盘
2545,09:47:36,14.89,--,14,20846,卖盘
2546,09:47:30,14.89,-0.01,1,1489,中性盘
2547,09:47:27,14.9,--,547,815030,买盘
2548,09:47:24,14.9,0.01,14,20860,买盘
2549,09:47:21,14.89,--,10,14890,买盘
2550,09:47:15,14.89,-0.01,12,17868,卖盘
2551,09:47:12,14.9,0.01,35,52150,买盘
2552,09:47:09,14.89,-0.01,118,175702,卖盘
2553,09:47:03,14.9,0.01,15,22350,买盘
2554,09:46:48,14.89,--,4,5956,买盘
2555,09:46:42,14.89,-0.01,186,276954,卖盘
2556,09:46:36,14.9,--,43,64070,买盘
2557,09:46:30,14.9,--,21,31290,买盘
2558,09:46:18,14.9,--,6,8940,买盘
2559,09:46:15,14.9,0.01,5,7450,买盘
2560,09:46:09,14.89,--,10,14890,卖盘
2561,09:46:06,14.89,--,11,16379,卖盘
2562,09:46:03,14.89,0.01,150,223350,买盘
2563,09:46:00,14.88,-0.01,20,29760,卖盘
2564,09:45:57,14.89,--,65,96785,买盘
2565,09:45:45,14.89,0.01,38,56582,卖盘
2566,09:45:39,14.88,0.01,31,46128,卖盘
2567,09:45:36,14.87,-0.02,46,68402,卖盘
2568,09:45:27,14.89,0.02,5,7445,买盘
2569,09:45:18,14.87,-0.02,17,25279,卖盘
2570,09:45:15,14.89,0.01,3,4467,买盘
2571,09:45:09,14.88,--,5,8079,买盘
2572,09:45:06,14.88,--,38,57392,卖盘
2573,09:45:03,14.88,-0.01,338,502944,卖盘
2574,09:44:57,14.89,--,10,14890,卖盘
2575,09:44:54,14.89,0.01,39,58071,买盘
2576,09:44:48,14.88,-0.01,57,84816,卖盘
2577,09:44:42,14.89,--,34,50626,卖盘
2578,09:44:39,14.89,--,3,4467,卖盘
2579,09:44:36,14.89,-0.01,1,1489,卖盘
2580,09:44:30,14.9,0.01,66,98340,买盘
2581,09:44:27,14.89,--,15,22335,卖盘
2582,09:44:24,14.89,-0.01,3,4467,卖盘
2583,09:44:21,14.9,--,13,19370,买盘
2584,09:44:18,14.9,--,15,22350,买盘
2585,09:44:03,14.9,0.02,60,89400,买盘
2586,09:44:00,14.88,--,6,8928,卖盘
2587,09:43:57,14.88,-0.02,20,29760,卖盘
2588,09:43:54,14.9,0.02,70,104300,买盘
2589,09:43:48,14.88,-0.02,149,221712,卖盘
2590,09:43:45,14.9,0.02,1,1490,买盘
2591,09:43:42,14.88,-0.02,21,31248,卖盘
2592,09:43:39,14.9,--,3,4470,买盘
2593,09:43:33,14.9,--,19,28310,卖盘
2594,09:43:30,14.9,0.01,1,1490,中性盘
2595,09:43:27,14.89,-0.02,130,193570,卖盘
2596,09:43:24,14.91,--,1,1491,买盘
2597,09:43:15,14.91,0.01,1,1491,买盘
2598,09:43:12,14.9,--,18,26820,卖盘
2599,09:43:09,14.9,--,33,49170,卖盘
2600,09:43:03,14.9,--,6,8940,卖盘
2601,09:43:00,14.9,0.01,3,4470,中性盘
2602,09:42:54,14.89,-0.01,221,329069,卖盘
2603,09:42:51,14.9,0.01,23,34910,买盘
2604,09:42:45,14.89,--,31,46159,卖盘
2605,09:42:42,14.89,-0.01,47,69983,卖盘
2606,09:42:39,14.9,--,40,59600,买盘
2607,09:42:36,14.9,0.01,21,31290,买盘
2608,09:42:27,14.89,--,20,29780,卖盘
2609,09:42:24,14.89,-0.01,37,55093,卖盘
2610,09:42:15,14.9,0.01,123,183270,买盘
2611,09:42:12,14.89,--,11,16379,卖盘
2612,09:42:09,14.89,-0.01,2,2978,卖盘
2613,09:42:06,14.9,0.01,1,1490,买盘
2614,09:42:03,14.89,-0.01,73,108697,卖盘
2615,09:42:00,14.9,0.01,33,49170,买盘
2616,09:41:57,14.89,-0.01,3,4467,卖盘
2617,09:41:54,14.9,--,6,8940,买盘
2618,09:41:51,14.9,--,10,14900,买盘
2619,09:41:48,14.9,--,29,44059,卖盘
2620,09:41:45,14.9,-0.01,19,28310,卖盘
2621,09:41:42,14.91,0.01,58,86478,买盘
2622,09:41:39,14.9,--,65,96850,卖盘
2623,09:41:36,14.9,-0.01,48,71520,卖盘
2624,09:41:33,14.91,0.01,2,2982,买盘
2625,09:41:30,14.9,-0.01,44,65560,卖盘
2626,09:41:27,14.91,0.01,80,119280,买盘
2627,09:41:24,14.9,--,24,35760,卖盘
2628,09:41:21,14.9,--,83,123670,卖盘
2629,09:41:18,14.9,--,138,205620,卖盘
2630,09:41:15,14.9,--,15,22990,卖盘
2631,09:41:09,14.9,-0.01,54,80460,卖盘
2632,09:41:06,14.91,0.01,282,420462,买盘
2633,09:41:03,14.9,--,27,40230,卖盘
2634,09:41:00,14.9,-0.01,1,1490,卖盘
2635,09:40:57,14.91,0.01,2,2982,买盘
2636,09:40:54,14.9,--,107,159430,卖盘
2637,09:40:51,14.9,-0.01,1,1490,卖盘
2638,09:40:48,14.91,--,1,1491,买盘
2639,09:40:45,14.91,--,3,4681,卖盘
2640,09:40:42,14.91,--,28,41748,卖盘
2641,09:40:39,14.91,--,105,156555,卖盘
2642,09:40:36,14.91,--,1,1491,卖盘
2643,09:40:33,14.91,--,30,44730,卖盘
2644,09:40:27,14.91,-0.01,23,34293,卖盘
2645,09:40:24,14.92,--,67,99964,买盘
2646,09:40:21,14.92,--,8,11936,卖盘
2647,09:40:18,14.92,--,5,7460,卖盘
2648,09:40:15,14.92,--,23,34316,卖盘
2649,09:40:12,14.92,0.01,1,1492,中性盘
2650,09:40:09,14.91,-0.01,227,338457,卖盘
2651,09:40:03,14.92,--,66,99755,买盘
2652,09:40:00,14.92,--,50,74600,买盘
2653,09:39:57,14.92,0.01,9,13428,买盘
2654,09:39:54,14.91,--,40,59640,卖盘
2655,09:39:51,14.91,--,115,171465,卖盘
2656,09:39:48,14.91,--,28,41748,卖盘
2657,09:39:45,14.91,--,39,58149,卖盘
2658,09:39:42,14.91,-0.01,32,47712,卖盘
2659,09:39:39,14.92,0.01,16,23872,买盘
2660,09:39:36,14.91,--,3,4473,卖盘
2661,09:39:33,14.91,-0.01,213,317583,卖盘
2662,09:39:27,14.92,0.01,61,91012,买盘
2663,09:39:24,14.91,--,37,55167,卖盘
2664,09:39:21,14.91,--,28,41748,卖盘
2665,09:39:18,14.91,-0.01,12,17892,卖盘
2666,09:39:15,14.92,0.01,7,10444,买盘
2667,09:39:12,14.91,-0.01,3,4473,卖盘
2668,09:39:09,14.92,--,8,12144,卖盘
2669,09:39:06,14.92,--,6,8952,卖盘
2670,09:39:03,14.92,--,25,37300,卖盘
2671,09:39:00,14.92,0.01,80,120643,买盘
2672,09:38:57,14.91,-0.01,60,90801,卖盘
2673,09:38:54,14.92,0.01,144,214848,买盘
2674,09:38:51,14.91,-0.01,50,74550,卖盘
2675,09:38:48,14.92,--,30,44760,买盘
2676,09:38:45,14.92,--,54,80568,买盘
2677,09:38:42,14.92,--,5,7460,买盘
2678,09:38:39,14.92,--,131,195452,买盘
2679,09:38:36,14.92,--,100,149200,买盘
2680,09:38:33,14.92,--,27,40284,买盘
2681,09:38:27,14.92,--,12,17904,买盘
2682,09:38:24,14.92,--,1,1492,买盘
2683,09:38:21,14.92,0.01,10,14920,买盘
2684,09:38:18,14.91,--,7,10437,卖盘
2685,09:38:12,14.91,--,23,34293,卖盘
2686,09:38:09,14.91,--,100,149249,买盘
2687,09:38:06,14.91,--,23,34293,买盘
2688,09:38:03,14.91,--,14,20874,买盘
2689,09:38:00,14.91,0.01,205,305655,买盘
2690,09:37:57,14.9,--,14,20860,卖盘
2691,09:37:54,14.9,--,6,8940,卖盘
2692,09:37:48,14.9,-0.01,141,210090,卖盘
2693,09:37:45,14.91,--,52,77532,买盘
2694,09:37:42,14.91,0.01,58,86478,买盘
2695,09:37:39,14.9,--,11,16390,卖盘
2696,09:37:36,14.9,-0.01,50,74500,卖盘
2697,09:37:33,14.91,0.01,5,7455,买盘
2698,09:37:30,14.9,--,1,1490,卖盘
2699,09:37:27,14.9,-0.01,25,37250,卖盘
2700,09:37:24,14.91,--,13,19383,买盘
2701,09:37:21,14.91,--,158,236919,卖盘
2702,09:37:18,14.91,-0.01,49,73059,卖盘
2703,09:37:15,14.92,--,170,253640,买盘
2704,09:37:12,14.92,--,56,83552,买盘
2705,09:37:09,14.92,--,36,53712,买盘
2706,09:37:06,14.92,--,6,8952,买盘
2707,09:37:03,14.92,-0.01,8,11936,买盘
2708,09:37:00,14.93,0.01,144,214992,买盘
2709,09:36:57,14.92,--,47,70124,买盘
2710,09:36:54,14.92,-0.01,189,281988,卖盘
2711,09:36:51,14.93,0.01,42,62706,买盘
2712,09:36:48,14.92,--,57,85044,卖盘
2713,09:36:45,14.92,-0.01,55,82060,卖盘
2714,09:36:42,14.93,0.01,1,1493,买盘
2715,09:36:39,14.92,--,18,26856,卖盘
2716,09:36:36,14.92,--,50,74600,买盘
2717,09:36:33,14.92,-0.01,116,173072,卖盘
2718,09:36:30,14.93,--,50,74650,买盘
2719,09:36:27,14.93,0.01,50,74650,买盘
2720,09:36:24,14.92,-0.01,15,22380,卖盘
2721,09:36:21,14.93,--,18,26993,卖盘
2722,09:36:18,14.93,--,3,4479,卖盘
2723,09:36:15,14.93,--,30,44790,卖盘
2724,09:36:12,14.93,0.01,90,135743,买盘
2725,09:36:09,14.92,-0.01,71,106051,卖盘
2726,09:36:06,14.93,--,50,74650,买盘
2727,09:36:03,14.93,--,6,8958,买盘
2728,09:36:00,14.93,0.01,77,116334,买盘
2729,09:35:57,14.92,-0.01,26,38792,卖盘
2730,09:35:54,14.93,0.01,45,67185,买盘
2731,09:35:51,14.92,--,26,38941,买盘
2732,09:35:48,14.92,--,12,17904,买盘
2733,09:35:45,14.92,-0.01,5,7460,中性盘
2734,09:35:42,14.93,0.01,12,17916,买盘
2735,09:35:39,14.92,--,70,104440,卖盘
2736,09:35:36,14.92,--,3,4476,卖盘
2737,09:35:30,14.92,0.01,265,395380,买盘
2738,09:35:27,14.91,--,4,5964,买盘
2739,09:35:24,14.91,--,66,98406,买盘
2740,09:35:21,14.91,--,81,120771,买盘
2741,09:35:15,14.91,--,106,158046,买盘
2742,09:35:12,14.91,-0.01,30,44730,卖盘
2743,09:35:09,14.92,0.01,11,16412,买盘
2744,09:35:06,14.91,--,18,26838,中性盘
2745,09:35:03,14.91,--,16,23856,卖盘
2746,09:35:00,14.91,--,35,52185,买盘
2747,09:34:57,14.91,-0.01,535,797685,卖盘
2748,09:34:54,14.92,0.01,35,52220,买盘
2749,09:34:51,14.91,-0.01,21,31311,卖盘
2750,09:34:48,14.92,--,124,185008,买盘
2751,09:34:45,14.92,0.01,171,255132,买盘
2752,09:34:42,14.91,--,141,210231,卖盘
2753,09:34:39,14.91,-0.01,74,110334,中性盘
2754,09:34:36,14.92,--,104,155168,买盘
2755,09:34:33,14.92,0.01,76,113392,买盘
2756,09:34:30,14.91,--,141,210231,卖盘
2757,09:34:27,14.91,-0.01,60,89460,卖盘
2758,09:34:24,14.92,0.01,120,179040,买盘
2759,09:34:21,14.91,-0.01,37,55167,卖盘
2760,09:34:18,14.92,--,59,88028,买盘
2761,09:34:15,14.92,0.01,140,208880,买盘
2762,09:34:12,14.91,--,52,77532,卖盘
2763,09:34:09,14.91,--,175,260925,卖盘
2764,09:34:03,14.91,-0.02,17,25347,卖盘
2765,09:34:00,14.93,0.02,54,80622,买盘
2766,09:33:57,14.91,--,1,1491,卖盘
2767,09:33:54,14.91,--,24,36827,买盘
2768,09:33:51,14.91,0.01,10,14910,买盘
2769,09:33:45,14.9,--,99,147510,买盘
2770,09:33:42,14.9,--,124,184760,买盘
2771,09:33:39,14.9,--,70,104300,买盘
2772,09:33:36,14.9,--,10,14900,买盘
2773,09:33:30,14.9,0.02,83,123670,买盘
2774,09:33:27,14.88,-0.01,7,10416,卖盘
2775,09:33:24,14.89,0.01,73,108697,买盘
2776,09:33:21,14.88,--,12,17856,卖盘
2777,09:33:18,14.88,--,10,14880,卖盘
2778,09:33:15,14.88,--,18,26784,卖盘
2779,09:33:09,14.88,0.01,82,122016,买盘
2780,09:33:06,14.87,-0.01,9,13383,卖盘
2781,09:33:03,14.88,0.01,60,89280,买盘
2782,09:33:00,14.87,-0.01,15,22305,卖盘
2783,09:32:57,14.88,--,34,50592,买盘
2784,09:32:54,14.88,0.01,20,29760,买盘
2785,09:32:51,14.87,-0.01,17,25279,卖盘
2786,09:32:48,14.88,0.01,44,65472,买盘
2787,09:32:45,14.87,--,108,160596,买盘
2788,09:32:42,14.87,-0.01,142,211154,卖盘
2789,09:32:39,14.88,0.01,111,165168,买盘
2790,09:32:36,14.87,-0.01,150,223050,买盘
2791,09:32:33,14.88,--,189,281232,买盘
2792,09:32:30,14.88,--,64,95232,买盘
2793,09:32:27,14.88,--,40,59520,买盘
2794,09:32:24,14.88,0.01,172,255936,买盘
2795,09:32:21,14.87,--,52,77324,买盘
2796,09:32:18,14.87,-0.01,107,159109,卖盘
2797,09:32:15,14.88,0.01,14,20832,买盘
2798,09:32:12,14.87,--,37,55019,卖盘
2799,09:32:09,14.87,--,64,95168,卖盘
2800,09:32:06,14.87,--,25,37175,买盘
2801,09:32:03,14.87,0.01,52,77324,买盘
2802,09:32:00,14.86,--,57,84702,卖盘
2803,09:31:57,14.86,-0.01,150,222900,卖盘
2804,09:31:54,14.87,--,8,11896,买盘
2805,09:31:51,14.87,--,242,359854,买盘
2806,09:31:48,14.87,--,2,2974,买盘
2807,09:31:45,14.87,--,27,40149,买盘
2808,09:31:42,14.87,--,47,69889,买盘
2809,09:31:39,14.87,--,30,44610,买盘
2810,09:31:36,14.87,--,11,16357,买盘
2811,09:31:33,14.87,--,8,11896,买盘
2812,09:31:30,14.87,--,4,5948,买盘
2813,09:31:27,14.87,0.01,3,4461,买盘
2814,09:31:24,14.86,-0.01,26,38636,卖盘
2815,09:31:21,14.87,--,20,29740,卖盘
2816,09:31:18,14.87,--,36,53532,买盘
2817,09:31:15,14.87,0.01,65,96655,中性盘
2818,09:31:12,14.86,--,10,14860,卖盘
2819,09:31:09,14.86,-0.02,30,44580,卖盘
2820,09:31:06,14.88,0.01,463,688944,买盘
2821,09:31:03,14.87,0.01,100,148700,买盘
2822,09:31:00,14.86,-0.01,8,11888,卖盘
2823,09:30:57,14.87,0.01,1,1487,中性盘
2824,09:30:54,14.86,-0.01,54,80244,卖盘
2825,09:30:51,14.87,--,56,83272,卖盘
2826,09:30:48,14.87,--,15,22305,卖盘
2827,09:30:45,14.87,-0.01,63,93681,卖盘
2828,09:30:42,14.88,--,45,66960,买盘
2829,09:30:39,14.88,0.01,3,4464,买盘
2830,09:30:36,14.87,--,4,5948,卖盘
2831,09:30:33,14.87,-0.01,50,74350,卖盘
2832,09:30:30,14.88,0.01,56,83328,买盘
2833,09:30:27,14.87,--,15,22305,卖盘
2834,09:30:24,14.87,--,21,31227,卖盘
2835,09:30:21,14.87,0.01,20,29740,买盘
2836,09:30:18,14.86,--,63,93618,卖盘
2837,09:30:15,14.86,-0.01,5,7430,卖盘
2838,09:30:12,14.87,0.01,8,11896,买盘
2839,09:30:09,14.86,--,23,34178,卖盘
2840,09:30:06,14.86,--,21,31206,卖盘
2841,09:30:03,14.86,0.02,268,399303,买盘
2842,09:30:00,14.84,--,0,0,卖盘
2843,09:25:03,14.84,14.84,297,440748,买盘
