,time,price,change,volume,amount,type
0,15:00:03,4.74,0.01,3405,1613970,买盘
1,14:57:00,4.73,--,0,0,买盘
2,14:56:57,4.73,--,4,1892,买盘
3,14:56:54,4.73,--,26,12298,买盘
4,14:56:51,4.73,0.01,25,11825,买盘
5,14:56:48,4.72,-0.01,16,7552,卖盘
6,14:56:45,4.73,--,15,7095,买盘
7,14:56:42,4.73,--,69,32637,买盘
8,14:56:39,4.73,--,136,64328,买盘
9,14:56:36,4.73,--,16,7568,买盘
10,14:56:33,4.73,--,519,245487,买盘
11,14:56:27,4.73,--,443,209539,买盘
12,14:56:21,4.73,--,124,58652,买盘
13,14:56:18,4.73,--,350,165550,买盘
14,14:56:15,4.73,--,26,12298,买盘
15,14:56:12,4.73,--,30,14190,买盘
16,14:56:09,4.73,--,82,38786,买盘
17,14:56:06,4.73,--,64,30272,买盘
18,14:56:00,4.73,--,410,193930,卖盘
19,14:55:51,4.73,--,6,2838,卖盘
20,14:55:48,4.73,--,59,27907,卖盘
21,14:55:45,4.73,0.01,2454,1160742,买盘
22,14:55:42,4.72,-0.01,12,5664,卖盘
23,14:55:39,4.73,--,107,50611,买盘
24,14:55:36,4.73,0.01,15,7095,买盘
25,14:55:27,4.72,-0.01,65,30680,卖盘
26,14:55:18,4.73,--,10,4730,买盘
27,14:55:09,4.73,0.01,163,77099,买盘
28,14:55:03,4.72,-0.01,28,13216,卖盘
29,14:54:45,4.73,0.01,2,946,买盘
30,14:54:27,4.72,--,2,944,卖盘
31,14:54:15,4.72,-0.01,100,47200,卖盘
32,14:54:12,4.73,--,10,4730,买盘
33,14:54:03,4.73,--,558,263934,买盘
34,14:53:57,4.73,--,3,1419,买盘
35,14:53:51,4.73,0.01,80,37840,买盘
36,14:53:39,4.72,--,250,118000,卖盘
37,14:53:36,4.72,--,2,944,卖盘
38,14:53:18,4.72,--,15,7080,卖盘
39,14:53:15,4.72,--,4,1888,卖盘
40,14:53:12,4.72,--,1,472,卖盘
41,14:53:06,4.72,--,78,36816,卖盘
42,14:52:48,4.72,--,36,16992,卖盘
43,14:52:39,4.72,-0.01,138,65136,卖盘
44,14:52:30,4.73,--,70,33110,买盘
45,14:52:27,4.73,--,17,8041,买盘
46,14:52:24,4.73,0.01,13,6149,买盘
47,14:52:21,4.72,--,1,472,卖盘
48,14:52:12,4.72,--,24,11328,卖盘
49,14:52:06,4.72,--,2,944,卖盘
50,14:52:03,4.72,-0.01,300,141600,卖盘
51,14:52:00,4.73,--,10,4730,买盘
52,14:51:57,4.73,--,6,2838,买盘
53,14:51:54,4.73,0.01,2,946,买盘
54,14:51:42,4.72,--,10,4720,卖盘
55,14:51:39,4.72,-0.01,1,472,卖盘
56,14:51:33,4.73,0.01,15,7095,买盘
57,14:51:27,4.72,--,32,15104,卖盘
58,14:51:09,4.72,--,79,37288,卖盘
59,14:51:03,4.72,--,33,15576,卖盘
60,14:51:00,4.72,--,43,20296,卖盘
61,14:50:54,4.72,--,20,9440,卖盘
62,14:50:51,4.72,--,60,28320,卖盘
63,14:50:48,4.72,--,15,7080,卖盘
64,14:50:42,4.72,--,2,944,卖盘
65,14:50:39,4.72,--,58,27376,卖盘
66,14:50:30,4.72,--,5,2360,卖盘
67,14:49:48,4.72,-0.01,15,7080,卖盘
68,14:49:42,4.73,0.01,12,5676,买盘
69,14:49:36,4.72,-0.01,67,31624,卖盘
70,14:49:27,4.73,0.01,56,26488,买盘
71,14:49:24,4.72,--,100,47200,卖盘
72,14:49:21,4.72,--,40,18880,卖盘
73,14:49:12,4.72,--,50,23600,卖盘
74,14:49:09,4.72,-0.01,600,283200,卖盘
75,14:48:57,4.73,--,113,53449,买盘
76,14:48:33,4.73,0.01,76,35948,买盘
77,14:48:30,4.72,-0.01,1,472,卖盘
78,14:48:24,4.73,0.01,6,2838,买盘
79,14:48:09,4.72,--,15,7080,卖盘
80,14:47:48,4.72,--,50,23600,卖盘
81,14:47:27,4.72,--,292,137824,卖盘
82,14:47:24,4.72,--,43,20296,卖盘
83,14:47:18,4.72,--,14,6608,卖盘
84,14:47:09,4.72,--,55,25960,卖盘
85,14:47:06,4.72,--,516,243552,卖盘
86,14:47:03,4.72,--,40,18880,卖盘
87,14:46:54,4.72,--,150,70800,卖盘
88,14:46:51,4.72,--,1,472,卖盘
89,14:46:36,4.72,--,3,1416,卖盘
90,14:46:24,4.72,--,1,472,卖盘
91,14:46:15,4.72,--,100,47200,卖盘
92,14:46:12,4.72,-0.01,45,21240,卖盘
93,14:46:06,4.73,--,3,1419,买盘
94,14:45:54,4.73,0.01,2,946,买盘
95,14:45:48,4.72,-0.01,3,1416,卖盘
96,14:45:42,4.73,0.01,94,44462,买盘
97,14:45:39,4.72,--,22,10384,卖盘
98,14:45:36,4.72,-0.01,18,8496,卖盘
99,14:45:09,4.73,--,40,18920,买盘
100,14:44:42,4.73,--,15,7095,买盘
101,14:44:33,4.73,0.01,25,11825,买盘
102,14:44:27,4.72,--,5,2360,卖盘
103,14:44:21,4.72,--,1,472,卖盘
104,14:44:06,4.72,--,1,472,卖盘
105,14:44:00,4.72,--,3,1416,卖盘
106,14:43:57,4.72,-0.01,51,24072,卖盘
107,14:43:15,4.73,0.01,100,47300,买盘
108,14:43:03,4.72,-0.01,8,3776,卖盘
109,14:42:51,4.73,--,39,18447,买盘
110,14:42:48,4.73,0.01,1,473,买盘
111,14:42:33,4.72,-0.01,4,1888,卖盘
112,14:42:06,4.73,0.01,154,72842,买盘
113,14:41:42,4.72,--,35,16520,卖盘
114,14:41:36,4.72,-0.01,100,47200,卖盘
115,14:41:33,4.73,0.01,100,47300,买盘
116,14:41:21,4.72,-0.01,4,1888,卖盘
117,14:41:18,4.73,0.01,2,946,买盘
118,14:41:06,4.72,-0.01,5,2360,卖盘
119,14:41:03,4.73,--,4,1892,买盘
120,14:40:45,4.73,0.01,19,8987,买盘
121,14:40:42,4.72,--,30,14160,卖盘
122,14:40:30,4.72,-0.01,130,61360,卖盘
123,14:40:27,4.73,--,1,473,买盘
124,14:40:21,4.73,--,4,1892,买盘
125,14:40:18,4.73,--,8,3784,卖盘
126,14:40:06,4.73,--,12,5676,买盘
127,14:40:00,4.73,--,11,5203,卖盘
128,14:39:57,4.73,--,44,20812,买盘
129,14:39:48,4.73,--,10,4730,买盘
130,14:39:42,4.73,--,10,4730,卖盘
131,14:39:33,4.73,--,35,16555,卖盘
132,14:39:21,4.73,-0.01,3,1419,卖盘
133,14:39:15,4.74,0.01,368,174432,买盘
134,14:39:03,4.73,--,10,4730,卖盘
135,14:39:00,4.73,--,15,7095,卖盘
136,14:38:51,4.73,--,7,3311,买盘
137,14:38:27,4.73,--,50,23650,买盘
138,14:38:24,4.73,0.01,31,14663,中性盘
139,14:38:21,4.72,-0.01,40,18880,卖盘
140,14:38:15,4.73,--,1,473,卖盘
141,14:38:12,4.73,0.01,11,5203,买盘
142,14:38:06,4.72,-0.01,17,8024,卖盘
143,14:38:03,4.73,--,21,9933,买盘
144,14:37:54,4.73,--,560,264880,买盘
145,14:37:51,4.73,0.01,14,6622,买盘
146,14:37:42,4.72,-0.01,26,12272,卖盘
147,14:37:30,4.73,--,30,14190,买盘
148,14:37:21,4.73,--,2,946,买盘
149,14:37:00,4.73,--,50,23650,买盘
150,14:36:48,4.73,--,315,148995,卖盘
151,14:36:39,4.73,--,30,14190,卖盘
152,14:36:36,4.73,--,30,14190,卖盘
153,14:36:30,4.73,--,117,55341,卖盘
154,14:36:27,4.73,-0.01,42,19866,卖盘
155,14:36:15,4.74,--,4,1896,买盘
156,14:35:51,4.74,0.01,2,948,买盘
157,14:35:39,4.73,--,17,8041,卖盘
158,14:35:30,4.73,--,2,946,卖盘
159,14:35:24,4.73,-0.01,8,3784,卖盘
160,14:35:21,4.74,0.01,40,18960,买盘
161,14:35:18,4.73,--,438,207174,卖盘
162,14:35:15,4.73,--,3,1419,卖盘
163,14:35:12,4.73,-0.01,29,13717,卖盘
164,14:35:03,4.74,0.01,11,5214,买盘
165,14:35:00,4.73,-0.01,26,12298,卖盘
166,14:34:51,4.74,--,89,42186,买盘
167,14:34:42,4.74,--,50,23700,买盘
168,14:34:36,4.74,--,5,2370,买盘
169,14:34:27,4.74,--,104,49296,买盘
170,14:34:09,4.74,--,60,28440,买盘
171,14:34:06,4.74,0.01,60,28440,买盘
172,14:33:54,4.73,-0.01,60,28380,卖盘
173,14:33:51,4.74,0.01,46,21804,买盘
174,14:33:48,4.73,--,37,17501,买盘
175,14:33:39,4.73,--,68,32164,卖盘
176,14:33:30,4.73,--,68,32499,买盘
177,14:33:24,4.73,--,100,47300,买盘
178,14:33:21,4.73,--,40,18920,买盘
179,14:33:18,4.73,--,500,236500,买盘
180,14:33:12,4.73,--,21,9933,买盘
181,14:33:03,4.73,--,706,333938,买盘
182,14:32:51,4.73,0.01,299,141427,买盘
183,14:32:27,4.72,-0.01,85,40120,卖盘
184,14:32:06,4.73,--,4,1892,买盘
185,14:32:00,4.73,--,57,26961,买盘
186,14:31:57,4.73,--,103,48719,买盘
187,14:31:51,4.73,--,11,5203,买盘
188,14:31:48,4.73,--,6,2838,买盘
189,14:31:36,4.73,--,10,4730,买盘
190,14:31:27,4.73,--,249,117777,买盘
191,14:31:03,4.73,--,1,473,买盘
192,14:30:48,4.73,0.01,10,4730,买盘
193,14:30:33,4.72,-0.01,50,23600,卖盘
194,14:30:30,4.73,--,10,4730,买盘
195,14:30:21,4.73,--,5,2365,买盘
196,14:29:39,4.73,0.01,9,4257,买盘
197,14:29:06,4.72,--,4,1888,卖盘
198,14:28:48,4.72,-0.01,50,23600,卖盘
199,14:28:39,4.73,0.01,5,2365,买盘
200,14:28:30,4.72,--,165,77880,卖盘
201,14:28:12,4.72,-0.01,165,77880,卖盘
202,14:28:06,4.73,--,300,141900,买盘
203,14:27:54,4.73,0.01,1,473,买盘
204,14:27:45,4.72,-0.01,1,472,卖盘
205,14:27:27,4.73,0.01,10,4730,买盘
206,14:27:09,4.72,-0.01,7,3304,卖盘
207,14:27:03,4.73,0.01,10,4730,买盘
208,14:26:54,4.72,--,5,2360,卖盘
209,14:26:42,4.72,-0.01,5,2360,卖盘
210,14:26:30,4.73,--,1,473,买盘
211,14:26:24,4.73,0.01,1,473,买盘
212,14:26:18,4.72,--,6,2832,卖盘
213,14:26:15,4.72,--,4,1888,卖盘
214,14:26:12,4.72,--,148,69856,买盘
215,14:26:06,4.72,--,5,2360,买盘
216,14:25:48,4.72,--,274,129328,卖盘
217,14:25:36,4.72,--,57,26904,卖盘
218,14:25:27,4.72,--,20,9440,卖盘
219,14:25:18,4.72,--,5,2360,卖盘
220,14:25:06,4.72,--,46,21712,卖盘
221,14:25:00,4.72,--,50,23600,卖盘
222,14:24:57,4.72,--,20,9440,卖盘
223,14:24:15,4.72,--,187,88264,买盘
224,14:24:06,4.72,--,1,472,买盘
225,14:23:54,4.72,--,95,44840,买盘
226,14:23:48,4.72,0.01,143,67496,买盘
227,14:23:33,4.71,-0.01,53,24963,卖盘
228,14:23:30,4.72,--,237,111864,买盘
229,14:23:24,4.72,--,30,14160,买盘
230,14:23:21,4.72,--,31,14632,买盘
231,14:23:12,4.72,--,80,37760,买盘
232,14:23:06,4.72,0.01,4,1888,买盘
233,14:23:03,4.71,-0.01,239,112569,卖盘
234,14:22:54,4.72,0.01,20,9440,买盘
235,14:22:48,4.71,-0.01,8,3768,卖盘
236,14:22:45,4.72,--,10,4720,买盘
237,14:22:42,4.72,0.01,166,78352,买盘
238,14:22:36,4.71,-0.01,15,7065,卖盘
239,14:22:30,4.72,--,105,49560,买盘
240,14:22:21,4.72,0.01,20,9440,买盘
241,14:22:12,4.71,--,23,10833,卖盘
242,14:21:51,4.71,--,40,18840,卖盘
243,14:21:45,4.71,--,50,23550,卖盘
244,14:21:24,4.71,--,182,85722,买盘
245,14:21:15,4.71,--,87,40977,买盘
246,14:21:09,4.71,--,69,32499,买盘
247,14:21:06,4.71,--,5,2355,买盘
248,14:21:03,4.71,--,28,13188,买盘
249,14:21:00,4.71,--,11,5181,买盘
250,14:20:57,4.71,--,100,47100,买盘
251,14:20:45,4.71,--,200,94200,买盘
252,14:20:42,4.71,--,308,145068,买盘
253,14:20:33,4.71,--,8,3768,买盘
254,14:20:24,4.71,--,15,7065,买盘
255,14:20:21,4.71,--,5,2355,买盘
256,14:20:15,4.71,--,28,13188,买盘
257,14:20:12,4.71,0.01,100,47100,中性盘
258,14:20:03,4.7,-0.01,67,31490,卖盘
259,14:20:00,4.71,--,1,471,卖盘
260,14:19:57,4.71,--,805,379155,买盘
261,14:19:51,4.71,--,18,8478,买盘
262,14:19:48,4.71,--,46,21666,买盘
263,14:19:45,4.71,--,38,17898,买盘
264,14:19:42,4.71,--,10,4710,买盘
265,14:19:39,4.71,0.01,2,942,买盘
266,14:19:36,4.7,-0.01,8,3760,卖盘
267,14:19:21,4.71,--,1,471,买盘
268,14:19:18,4.71,-0.01,480,226080,卖盘
269,14:19:15,4.72,0.01,60,28320,买盘
270,14:19:06,4.71,-0.01,7,3297,卖盘
271,14:18:21,4.72,--,5,2360,买盘
272,14:18:09,4.72,--,19,8968,买盘
273,14:18:06,4.72,--,136,64192,买盘
274,14:18:00,4.72,0.01,2,944,买盘
275,14:17:48,4.71,-0.01,1000,471000,卖盘
276,14:17:45,4.72,0.01,52,24544,买盘
277,14:17:39,4.71,--,5,2355,卖盘
278,14:16:48,4.71,-0.01,290,136590,卖盘
279,14:16:45,4.72,--,1,472,买盘
280,14:16:12,4.72,0.01,1,472,买盘
281,14:15:42,4.71,--,2,942,卖盘
282,14:15:36,4.71,-0.01,41,19311,卖盘
283,14:15:27,4.72,0.01,12,5664,买盘
284,14:15:18,4.71,--,24,11304,卖盘
285,14:15:12,4.71,--,63,29673,买盘
286,14:14:18,4.71,0.01,2,942,买盘
287,14:14:09,4.7,--,10,4700,卖盘
288,14:13:51,4.7,--,6,2820,卖盘
289,14:13:36,4.7,-0.01,53,24910,卖盘
290,14:13:30,4.71,0.01,100,47100,买盘
291,14:13:27,4.7,-0.01,268,125960,卖盘
292,14:13:21,4.71,0.01,198,93258,买盘
293,14:13:09,4.7,--,1,470,卖盘
294,14:13:00,4.7,-0.01,5,2350,卖盘
295,14:12:54,4.71,0.01,12,5652,买盘
296,14:12:51,4.7,-0.01,60,28200,卖盘
297,14:12:45,4.71,--,1,471,买盘
298,14:12:33,4.71,--,99,46629,卖盘
299,14:12:27,4.71,--,4,1884,卖盘
300,14:12:24,4.71,--,331,155901,卖盘
301,14:12:21,4.71,--,3,1413,卖盘
302,14:12:03,4.71,--,25,11775,卖盘
303,14:11:45,4.71,--,15,7065,卖盘
304,14:11:42,4.71,--,20,9420,卖盘
305,14:11:39,4.71,--,11,5181,卖盘
306,14:11:15,4.71,--,25,11775,卖盘
307,14:11:09,4.71,--,25,11775,卖盘
308,14:10:57,4.71,--,40,18840,卖盘
309,14:10:51,4.71,--,5,2355,卖盘
310,14:10:33,4.71,-0.01,91,42861,卖盘
311,14:10:21,4.72,0.01,105,49560,买盘
312,14:10:18,4.71,-0.01,100,47100,卖盘
313,14:10:15,4.72,0.01,35,16520,买盘
314,14:10:00,4.71,--,26,12246,卖盘
315,14:09:54,4.71,--,5,2355,卖盘
316,14:09:24,4.71,--,80,37680,卖盘
317,14:09:18,4.71,--,8,3768,卖盘
318,14:09:06,4.71,-0.01,3,1413,卖盘
319,14:08:48,4.72,--,20,9440,买盘
320,14:08:24,4.72,--,6,2832,买盘
321,14:08:18,4.72,--,13,6136,买盘
322,14:08:09,4.72,0.01,170,80240,买盘
323,14:08:06,4.71,-0.01,43,20253,卖盘
324,14:07:54,4.72,0.01,34,16048,买盘
325,14:07:42,4.71,--,88,41448,卖盘
326,14:06:45,4.71,--,16,7536,卖盘
327,14:06:24,4.71,--,445,209595,买盘
328,14:06:12,4.71,--,20,9420,买盘
329,14:06:00,4.71,--,170,80070,买盘
330,14:05:36,4.71,--,15,7065,买盘
331,14:05:00,4.71,0.01,191,89961,买盘
332,14:04:57,4.7,--,2,940,卖盘
333,14:04:54,4.7,--,20,9400,卖盘
334,14:04:36,4.7,-0.01,2,940,卖盘
335,14:04:27,4.71,--,8,3768,买盘
336,14:04:24,4.71,0.01,8,3768,买盘
337,14:04:21,4.7,-0.01,30,14100,卖盘
338,14:04:18,4.71,0.01,2,942,买盘
339,14:04:15,4.7,-0.01,10,4700,卖盘
340,14:03:57,4.71,--,100,47100,买盘
341,14:03:51,4.71,--,30,14130,买盘
342,14:03:30,4.71,0.01,10,4710,买盘
343,14:03:21,4.7,-0.01,5,2350,卖盘
344,14:03:18,4.71,0.01,35,16485,买盘
345,14:03:06,4.7,--,289,136229,买盘
346,14:02:45,4.7,--,20,9400,买盘
347,14:02:42,4.7,--,7,3290,买盘
348,14:02:36,4.7,--,11,5170,买盘
349,14:02:30,4.7,--,30,14100,买盘
350,14:02:24,4.7,--,28,13160,买盘
351,14:02:15,4.7,--,10,4700,买盘
352,14:02:12,4.7,--,50,23500,买盘
353,14:02:06,4.7,--,10,4700,买盘
354,14:02:03,4.7,--,303,142480,卖盘
355,14:01:51,4.7,--,29,13630,卖盘
356,14:01:48,4.7,--,439,206330,卖盘
357,14:01:45,4.7,--,92,43240,卖盘
358,14:01:42,4.7,--,6,2820,卖盘
359,14:01:36,4.7,--,1107,520290,卖盘
360,14:01:24,4.7,--,571,268370,卖盘
361,14:01:21,4.7,--,50,23500,卖盘
362,14:01:18,4.7,--,1,470,卖盘
363,14:01:15,4.7,--,5,2350,卖盘
364,14:01:03,4.7,--,3,1410,卖盘
365,14:00:57,4.7,--,8,3760,卖盘
366,14:00:54,4.7,--,46,21624,卖盘
367,14:00:45,4.7,--,2,940,卖盘
368,14:00:42,4.7,--,315,148050,卖盘
369,14:00:33,4.7,--,17,7990,卖盘
370,14:00:24,4.7,--,22,10340,卖盘
371,14:00:12,4.7,--,10,4700,卖盘
372,14:00:06,4.7,--,56,26714,卖盘
373,13:59:48,4.7,--,14,6580,卖盘
374,13:59:45,4.7,-0.01,32,15040,卖盘
375,13:59:18,4.71,--,60,28260,卖盘
376,13:59:15,4.71,--,300,141300,卖盘
377,13:59:06,4.71,--,120,56520,卖盘
378,13:59:03,4.71,--,50,23550,卖盘
379,13:59:00,4.71,-0.01,528,248688,卖盘
380,13:58:54,4.72,0.01,38,17936,买盘
381,13:58:42,4.71,--,38,17898,卖盘
382,13:57:51,4.71,-0.01,40,18840,卖盘
383,13:57:48,4.72,--,1,472,买盘
384,13:57:33,4.72,--,20,9440,买盘
385,13:57:24,4.72,--,10,4720,买盘
386,13:57:21,4.72,0.01,130,61360,买盘
387,13:57:18,4.71,-0.01,2,942,卖盘
388,13:56:15,4.72,0.01,41,19352,买盘
389,13:56:00,4.71,--,9,4239,卖盘
390,13:55:57,4.71,--,11,5181,卖盘
391,13:55:48,4.71,--,10,4710,卖盘
392,13:55:45,4.71,--,41,19311,卖盘
393,13:55:27,4.71,--,50,23550,卖盘
394,13:55:18,4.71,-0.01,1,471,卖盘
395,13:55:12,4.72,0.01,20,9440,买盘
396,13:55:09,4.71,-0.01,40,18840,卖盘
397,13:55:06,4.72,0.01,16,7552,买盘
398,13:54:39,4.71,--,43,20253,卖盘
399,13:54:36,4.71,--,18,8478,卖盘
400,13:54:24,4.71,--,500,235500,卖盘
401,13:54:12,4.71,--,3,1413,卖盘
402,13:53:57,4.71,--,1,471,卖盘
403,13:53:30,4.71,--,100,47100,卖盘
404,13:53:09,4.71,--,6,2826,卖盘
405,13:53:06,4.71,--,10,4710,卖盘
406,13:53:03,4.71,--,30,14130,卖盘
407,13:52:45,4.71,--,530,249630,卖盘
408,13:52:27,4.71,--,100,47100,卖盘
409,13:52:18,4.71,-0.01,40,18840,卖盘
410,13:52:00,4.72,0.01,1,472,买盘
411,13:51:42,4.71,--,1,471,卖盘
412,13:51:15,4.71,-0.01,138,64998,卖盘
413,13:51:06,4.72,0.01,4,1888,买盘
414,13:50:48,4.71,--,42,19782,卖盘
415,13:50:24,4.71,--,15,7065,买盘
416,13:50:21,4.71,-0.01,385,181335,卖盘
417,13:50:12,4.72,0.01,10,4720,买盘
418,13:50:06,4.71,-0.01,66,31086,卖盘
419,13:49:57,4.72,--,47,22184,买盘
420,13:49:51,4.72,0.01,10,4720,买盘
421,13:49:30,4.71,0.01,119,56049,买盘
422,13:49:27,4.7,-0.01,8,3760,卖盘
423,13:49:24,4.71,--,46,21666,买盘
424,13:49:21,4.71,--,30,14130,买盘
425,13:49:18,4.71,--,35,16485,买盘
426,13:49:15,4.71,--,12,5652,买盘
427,13:49:12,4.71,--,8,3768,买盘
428,13:49:09,4.71,--,142,66882,买盘
429,13:49:06,4.71,--,8,3768,买盘
430,13:49:03,4.71,--,9,4239,买盘
431,13:49:00,4.71,0.01,100,47100,买盘
432,13:48:57,4.7,-0.01,72,33840,卖盘
433,13:48:54,4.71,--,3,1413,买盘
434,13:48:51,4.71,--,1,471,买盘
435,13:48:48,4.71,--,30,14130,买盘
436,13:48:45,4.71,--,66,31086,买盘
437,13:48:42,4.71,--,14,6594,买盘
438,13:48:33,4.71,--,5,2355,买盘
439,13:48:30,4.71,--,10,4710,买盘
440,13:48:27,4.71,--,73,34383,买盘
441,13:48:21,4.71,--,10,4710,买盘
442,13:48:06,4.71,--,300,141300,买盘
443,13:47:57,4.71,0.01,56,26376,买盘
444,13:47:54,4.7,-0.01,3,1410,卖盘
445,13:47:51,4.71,0.01,15,7065,买盘
446,13:47:36,4.7,-0.01,6,2820,卖盘
447,13:47:21,4.71,0.01,50,23550,买盘
448,13:47:15,4.7,-0.01,50,23500,卖盘
449,13:46:57,4.71,-0.01,149,70179,卖盘
450,13:46:54,4.72,0.01,6,2832,买盘
451,13:46:30,4.71,--,171,80541,卖盘
452,13:46:18,4.71,-0.01,30,14130,卖盘
453,13:45:57,4.72,0.01,25,11800,买盘
454,13:45:51,4.71,-0.01,12,5652,卖盘
455,13:45:48,4.72,--,5,2360,买盘
456,13:45:45,4.72,0.01,5,2360,买盘
457,13:45:42,4.71,--,122,57462,卖盘
458,13:45:33,4.71,--,3,1413,卖盘
459,13:45:24,4.71,-0.01,40,18840,卖盘
460,13:45:18,4.72,0.01,22,10384,买盘
461,13:45:06,4.71,--,80,37680,卖盘
462,13:45:03,4.71,--,171,80541,卖盘
463,13:44:54,4.71,--,4,1884,卖盘
464,13:44:30,4.71,-0.01,22,10362,卖盘
465,13:44:24,4.72,--,20,9440,买盘
466,13:44:03,4.72,0.01,158,74576,买盘
467,13:44:00,4.71,--,41,19311,卖盘
468,13:43:39,4.71,--,14,6594,卖盘
469,13:43:36,4.71,-0.01,250,117750,卖盘
470,13:43:33,4.72,0.01,4,1888,买盘
471,13:43:30,4.71,--,30,14130,卖盘
472,13:43:21,4.71,-0.01,5,2355,卖盘
473,13:43:09,4.72,--,50,23600,买盘
474,13:43:00,4.72,0.01,59,27848,买盘
475,13:42:54,4.71,--,3,1413,卖盘
476,13:42:51,4.71,--,3,1413,卖盘
477,13:42:42,4.71,--,1,471,卖盘
478,13:42:39,4.71,--,2,942,卖盘
479,13:42:36,4.71,--,115,54165,买盘
480,13:42:33,4.71,--,36,16956,买盘
481,13:42:30,4.71,--,60,28260,买盘
482,13:42:24,4.71,--,114,53694,买盘
483,13:42:21,4.71,--,51,24021,买盘
484,13:42:18,4.71,--,50,23550,买盘
485,13:42:12,4.71,--,15,7065,买盘
486,13:42:09,4.71,--,2653,1249563,卖盘
487,13:42:06,4.71,-0.01,20,9420,卖盘
488,13:41:51,4.72,0.01,100,47200,买盘
489,13:41:30,4.71,-0.01,31,14601,卖盘
490,13:41:15,4.72,--,20,9440,买盘
491,13:41:06,4.72,--,50,23600,买盘
492,13:41:00,4.72,--,1158,546576,卖盘
493,13:40:54,4.72,-0.01,200,94400,卖盘
494,13:40:48,4.73,0.01,50,23650,买盘
495,13:40:45,4.72,--,500,236000,卖盘
496,13:40:42,4.72,--,100,47200,卖盘
497,13:40:39,4.72,--,5,2360,卖盘
498,13:40:33,4.72,--,267,126024,卖盘
499,13:40:30,4.72,--,30,14160,卖盘
500,13:40:09,4.72,--,7,3304,卖盘
501,13:40:00,4.72,--,55,25960,卖盘
502,13:39:57,4.72,--,20,9440,卖盘
503,13:39:39,4.72,--,21,9912,卖盘
504,13:39:33,4.72,--,20,9440,卖盘
505,13:39:30,4.72,--,200,94400,卖盘
506,13:39:27,4.72,--,20,9440,卖盘
507,13:39:21,4.72,-0.01,171,80712,卖盘
508,13:39:09,4.73,--,30,14190,买盘
509,13:38:54,4.73,--,548,259204,卖盘
510,13:38:51,4.73,--,98,46354,卖盘
511,13:38:39,4.73,--,171,80883,卖盘
512,13:38:33,4.73,--,100,47300,卖盘
513,13:38:24,4.73,--,40,18920,卖盘
514,13:38:15,4.73,--,40,18920,卖盘
515,13:38:12,4.73,--,5,2365,卖盘
516,13:37:18,4.73,--,50,23650,卖盘
517,13:37:09,4.73,--,20,9460,卖盘
518,13:36:57,4.73,--,20,9460,卖盘
519,13:36:39,4.73,-0.01,2,946,卖盘
520,13:36:27,4.74,0.01,10,4740,买盘
521,13:36:15,4.73,-0.01,23,10879,卖盘
522,13:36:12,4.74,0.01,100,47400,买盘
523,13:36:03,4.73,-0.01,320,151360,卖盘
524,13:35:54,4.74,0.01,20,9480,买盘
525,13:35:48,4.73,--,16,7568,卖盘
526,13:35:21,4.73,--,50,23650,卖盘
527,13:35:18,4.73,-0.01,40,18920,卖盘
528,13:35:15,4.74,0.01,4,1896,买盘
529,13:35:12,4.73,--,10,4730,卖盘
530,13:35:00,4.73,--,40,18920,卖盘
531,13:34:48,4.73,--,4,1892,卖盘
532,13:34:33,4.73,--,777,367521,卖盘
533,13:34:30,4.73,--,24,11352,卖盘
534,13:33:48,4.73,--,2,946,卖盘
535,13:33:45,4.73,--,275,130075,卖盘
536,13:33:33,4.73,--,4,1892,卖盘
537,13:33:15,4.73,-0.01,2,946,卖盘
538,13:33:03,4.74,0.01,74,35076,买盘
539,13:32:51,4.73,--,171,80883,卖盘
540,13:32:48,4.73,-0.01,27,12771,卖盘
541,13:32:39,4.74,--,11,5214,买盘
542,13:32:33,4.74,0.01,1,474,买盘
543,13:32:30,4.73,-0.01,20,9460,卖盘
544,13:32:27,4.74,0.01,7,3318,买盘
545,13:32:18,4.73,--,60,28380,卖盘
546,13:32:03,4.73,--,5,2365,卖盘
547,13:31:51,4.73,--,7,3311,卖盘
548,13:31:42,4.73,-0.01,2,946,卖盘
549,13:31:33,4.74,--,22,10428,买盘
550,13:31:18,4.74,0.01,50,23700,买盘
551,13:31:12,4.73,--,35,16555,卖盘
552,13:30:27,4.73,-0.01,22,10406,卖盘
553,13:30:24,4.74,0.01,2,948,买盘
554,13:30:09,4.73,--,50,23650,卖盘
555,13:29:54,4.73,-0.01,40,18920,卖盘
556,13:29:30,4.74,0.01,5,2370,买盘
557,13:28:36,4.73,--,10,4730,卖盘
558,13:28:09,4.73,--,30,14190,卖盘
559,13:27:45,4.73,-0.01,742,350966,卖盘
560,13:27:30,4.74,0.01,3,1422,买盘
561,13:26:39,4.73,--,30,14190,卖盘
562,13:26:30,4.73,--,40,18920,卖盘
563,13:26:27,4.73,--,26,12298,卖盘
564,13:26:24,4.73,--,22,10406,卖盘
565,13:25:54,4.73,--,1,473,卖盘
566,13:25:24,4.73,-0.01,30,14190,卖盘
567,13:25:09,4.74,--,27,12798,买盘
568,13:23:39,4.74,0.01,5,2370,买盘
569,13:23:36,4.73,-0.01,171,80883,卖盘
570,13:23:33,4.74,0.01,30,14220,买盘
571,13:23:27,4.73,-0.01,5,2365,卖盘
572,13:23:18,4.74,--,20,9480,买盘
573,13:22:42,4.74,--,21,9954,买盘
574,13:22:39,4.74,--,13,6162,买盘
575,13:22:36,4.74,--,50,23700,买盘
576,13:22:27,4.74,0.01,20,9480,买盘
577,13:22:12,4.73,-0.01,3,1419,卖盘
578,13:21:45,4.74,--,10,4740,买盘
579,13:21:33,4.74,--,713,337962,卖盘
580,13:21:27,4.74,--,1,474,卖盘
581,13:21:24,4.74,--,500,237000,卖盘
582,13:20:54,4.74,--,203,96222,买盘
583,13:20:42,4.74,--,29,13746,买盘
584,13:20:33,4.74,--,340,161160,买盘
585,13:20:21,4.74,--,50,23700,买盘
586,13:20:18,4.74,--,10,4740,买盘
587,13:20:12,4.74,--,147,69678,买盘
588,13:20:03,4.74,0.01,6,2844,买盘
589,13:20:00,4.73,--,5,2365,卖盘
590,13:19:45,4.73,-0.01,4,1892,卖盘
591,13:19:33,4.74,--,20,9480,买盘
592,13:19:24,4.74,--,1,474,买盘
593,13:18:51,4.74,0.01,23,10902,买盘
594,13:18:33,4.73,-0.01,1,473,卖盘
595,13:18:27,4.74,--,2,948,买盘
596,13:17:48,4.74,0.01,200,94800,买盘
597,13:17:42,4.73,--,10,4730,卖盘
598,13:17:06,4.73,-0.01,1,473,卖盘
599,13:16:33,4.74,--,182,86268,买盘
600,13:16:15,4.74,--,510,241740,卖盘
601,13:16:03,4.74,-0.01,200,94800,卖盘
602,13:15:54,4.75,--,30,14250,买盘
603,13:15:36,4.75,--,14,6650,买盘
604,13:15:00,4.75,0.01,16,7600,买盘
605,13:14:36,4.74,0.01,197,93378,买盘
606,13:14:18,4.73,-0.01,40,18920,卖盘
607,13:14:12,4.74,--,66,31284,买盘
608,13:13:54,4.74,0.01,17,8058,买盘
609,13:13:30,4.73,-0.01,2,946,卖盘
610,13:13:24,4.74,--,2,948,买盘
611,13:12:54,4.74,--,36,17064,买盘
612,13:12:48,4.74,0.01,2,948,买盘
613,13:12:42,4.73,-0.01,59,27907,卖盘
614,13:12:33,4.74,--,33,15642,买盘
615,13:12:27,4.74,--,1,474,买盘
616,13:12:24,4.74,0.01,14,6636,买盘
617,13:12:12,4.73,-0.01,1,473,卖盘
618,13:12:06,4.74,--,25,11850,买盘
619,13:12:03,4.74,0.01,22,10428,买盘
620,13:11:51,4.73,-0.01,77,36421,卖盘
621,13:11:36,4.74,0.01,1,474,买盘
622,13:11:33,4.73,-0.01,31,14663,卖盘
623,13:11:30,4.74,--,7,3318,买盘
624,13:11:27,4.74,--,73,34602,买盘
625,13:11:18,4.74,--,106,50244,买盘
626,13:11:09,4.74,0.01,50,23700,买盘
627,13:10:51,4.73,--,12,5676,卖盘
628,13:10:48,4.73,-0.01,4,1892,卖盘
629,13:10:33,4.74,0.01,100,47400,买盘
630,13:10:24,4.73,--,43,20339,卖盘
631,13:10:15,4.73,--,10,4730,卖盘
632,13:10:00,4.73,-0.01,1,473,卖盘
633,13:09:57,4.74,--,124,58776,买盘
634,13:09:54,4.74,--,10,4740,买盘
635,13:09:18,4.74,--,26,12324,买盘
636,13:09:09,4.74,0.01,100,47400,买盘
637,13:09:06,4.73,-0.01,72,34056,卖盘
638,13:09:00,4.74,--,6,2844,买盘
639,13:08:48,4.74,0.01,8,3792,买盘
640,13:08:36,4.73,-0.01,2,946,卖盘
641,13:08:00,4.74,--,100,47400,买盘
642,13:07:48,4.74,--,35,16590,买盘
643,13:07:33,4.74,0.01,2,948,买盘
644,13:07:30,4.73,-0.01,5,2365,卖盘
645,13:06:42,4.74,0.01,40,18960,买盘
646,13:06:36,4.73,-0.01,2,946,卖盘
647,13:06:30,4.74,0.01,81,38394,买盘
648,13:06:03,4.73,--,44,20812,卖盘
649,13:05:36,4.73,--,29,13717,卖盘
650,13:05:33,4.73,-0.01,60,28380,卖盘
651,13:05:15,4.74,0.01,11,5214,买盘
652,13:05:03,4.73,-0.01,2,946,卖盘
653,13:05:00,4.74,--,12,5688,买盘
654,13:04:54,4.74,--,3,1422,买盘
655,13:04:42,4.74,--,67,31758,买盘
656,13:04:30,4.74,--,20,9480,买盘
657,13:04:09,4.74,--,106,50244,买盘
658,13:03:39,4.74,--,98,46452,买盘
659,13:03:33,4.74,--,5,2370,买盘
660,13:03:15,4.74,--,25,11850,买盘
661,13:03:06,4.74,--,2,948,买盘
662,13:03:00,4.74,--,10,4740,买盘
663,13:02:27,4.74,--,128,60672,买盘
664,13:02:06,4.74,--,20,9480,买盘
665,13:01:57,4.74,--,20,9480,买盘
666,13:01:54,4.74,--,20,9480,买盘
667,13:01:51,4.74,0.01,181,85794,买盘
668,13:01:48,4.73,-0.01,31,14663,卖盘
669,13:01:33,4.74,--,60,28440,买盘
670,13:01:27,4.74,--,23,10902,买盘
671,13:01:24,4.74,0.01,30,14220,买盘
672,13:00:51,4.73,--,16,7568,卖盘
673,13:00:33,4.73,--,28,13244,卖盘
674,13:00:21,4.73,--,1,473,卖盘
675,13:00:09,4.73,--,3,1419,卖盘
676,13:00:06,4.73,--,9,4257,卖盘
677,13:00:03,4.73,--,758,358534,买盘
678,13:00:00,4.73,--,5,2365,买盘
679,11:30:00,4.73,--,1,473,买盘
680,11:29:57,4.73,--,32,15136,买盘
681,11:29:42,4.73,0.01,118,55814,买盘
682,11:29:39,4.72,-0.01,9,4248,卖盘
683,11:29:21,4.73,--,71,33583,买盘
684,11:29:06,4.73,--,107,50611,卖盘
685,11:28:42,4.73,--,40,18920,卖盘
686,11:28:33,4.73,--,36,17028,卖盘
687,11:28:30,4.73,--,38,17974,买盘
688,11:28:27,4.73,--,12,5676,买盘
689,11:28:24,4.73,--,70,33110,买盘
690,11:28:15,4.73,--,38,17974,买盘
691,11:28:09,4.73,--,1368,647064,卖盘
692,11:27:48,4.73,--,155,73315,卖盘
693,11:27:33,4.73,--,66,31218,卖盘
694,11:27:21,4.73,--,15,7095,卖盘
695,11:27:18,4.73,--,2,946,卖盘
696,11:26:51,4.73,-0.01,12,5676,卖盘
697,11:26:42,4.74,0.01,6,2844,买盘
698,11:26:39,4.73,-0.01,10,4730,卖盘
699,11:26:33,4.74,0.01,19,9006,买盘
700,11:26:09,4.73,--,21,9933,卖盘
701,11:25:45,4.73,--,20,9460,卖盘
702,11:25:39,4.73,--,52,24596,卖盘
703,11:25:18,4.73,--,50,23650,卖盘
704,11:25:12,4.73,--,50,23650,卖盘
705,11:25:06,4.73,-0.01,5,2365,卖盘
706,11:24:57,4.74,--,30,14220,买盘
707,11:24:54,4.74,0.01,59,27966,买盘
708,11:24:39,4.73,--,115,54395,卖盘
709,11:24:36,4.73,--,32,15136,卖盘
710,11:24:12,4.73,--,200,94600,卖盘
711,11:23:48,4.73,--,77,36421,卖盘
712,11:23:39,4.73,--,8,3784,卖盘
713,11:23:27,4.73,-0.01,5,2365,卖盘
714,11:23:12,4.74,--,21,9954,买盘
715,11:22:51,4.74,--,3,1422,买盘
716,11:22:33,4.74,--,10,4740,买盘
717,11:22:21,4.74,--,58,27492,买盘
718,11:22:12,4.74,0.01,60,28440,买盘
719,11:22:06,4.73,-0.01,60,28380,卖盘
720,11:22:03,4.74,0.01,50,23700,买盘
721,11:21:57,4.73,-0.01,152,71896,卖盘
722,11:21:48,4.74,0.01,24,11376,买盘
723,11:21:30,4.73,--,6,2838,卖盘
724,11:21:24,4.73,--,20,9460,卖盘
725,11:21:21,4.73,--,1,473,卖盘
726,11:21:15,4.73,--,71,33583,买盘
727,11:21:09,4.73,--,40,18920,买盘
728,11:21:06,4.73,--,257,121561,买盘
729,11:21:00,4.73,--,93,43989,买盘
730,11:20:54,4.73,--,500,236500,买盘
731,11:20:51,4.73,--,4,1892,买盘
732,11:20:48,4.73,--,50,23650,买盘
733,11:20:45,4.73,--,5,2365,买盘
734,11:20:39,4.73,--,61,28853,买盘
735,11:20:33,4.73,--,5,2365,买盘
736,11:20:27,4.73,0.01,64,30272,买盘
737,11:20:21,4.72,-0.01,40,18880,卖盘
738,11:20:15,4.73,--,36,17028,买盘
739,11:20:09,4.73,--,5,2365,买盘
740,11:20:03,4.73,0.01,2,946,买盘
741,11:20:00,4.72,-0.01,22,10384,卖盘
742,11:19:39,4.73,--,100,47300,买盘
743,11:19:33,4.73,--,5,2365,买盘
744,11:19:27,4.73,0.01,10,4730,买盘
745,11:19:06,4.72,-0.01,28,13216,卖盘
746,11:19:00,4.73,0.01,5,2365,买盘
747,11:18:57,4.72,-0.01,35,16520,卖盘
748,11:18:39,4.73,--,150,70950,买盘
749,11:18:33,4.73,--,5,2365,买盘
750,11:18:30,4.73,--,40,18920,买盘
751,11:18:00,4.73,0.01,10,4730,买盘
752,11:17:54,4.72,-0.01,150,70800,卖盘
753,11:17:42,4.73,--,132,62436,买盘
754,11:17:30,4.73,--,40,18920,买盘
755,11:17:27,4.73,--,10,4730,买盘
756,11:17:09,4.73,--,100,47300,买盘
757,11:17:03,4.73,0.01,10,4730,买盘
758,11:17:00,4.72,-0.01,50,23600,卖盘
759,11:16:42,4.73,--,28,13244,买盘
760,11:16:36,4.73,--,5,2365,买盘
761,11:16:27,4.73,--,12,5676,买盘
762,11:16:03,4.73,--,9,4257,买盘
763,11:16:00,4.73,0.01,5,2365,买盘
764,11:15:54,4.72,-0.01,6,2832,卖盘
765,11:15:42,4.73,--,45,21285,买盘
766,11:15:39,4.73,--,47,22231,买盘
767,11:15:33,4.73,--,36,17028,买盘
768,11:15:27,4.73,--,13,6149,买盘
769,11:15:24,4.73,--,5,2365,买盘
770,11:15:21,4.73,--,60,28380,买盘
771,11:15:12,4.73,--,10,4730,买盘
772,11:14:57,4.73,--,18,8514,买盘
773,11:14:54,4.73,--,20,9460,买盘
774,11:14:51,4.73,--,100,47300,买盘
775,11:14:45,4.73,0.01,150,70950,买盘
776,11:14:42,4.72,-0.01,100,47200,卖盘
777,11:14:39,4.73,--,56,26488,买盘
778,11:14:24,4.73,--,18,8514,买盘
779,11:14:21,4.73,--,20,9460,买盘
780,11:14:18,4.73,--,48,22704,买盘
781,11:14:09,4.73,--,50,23650,买盘
782,11:14:06,4.73,--,2,946,买盘
783,11:14:00,4.73,--,15,7095,买盘
784,11:13:36,4.73,--,20,9460,买盘
785,11:13:33,4.73,--,20,9460,买盘
786,11:13:30,4.73,0.01,6,2838,买盘
787,11:13:15,4.72,-0.01,26,12272,卖盘
788,11:13:12,4.73,--,10,4730,买盘
789,11:13:06,4.73,--,21,9933,买盘
790,11:13:03,4.73,--,60,28380,买盘
791,11:12:54,4.73,0.01,157,74261,买盘
792,11:12:42,4.72,-0.01,5,2360,卖盘
793,11:12:36,4.73,--,10,4730,买盘
794,11:12:33,4.73,0.01,300,141900,买盘
795,11:12:30,4.72,-0.01,21,9912,卖盘
796,11:12:24,4.73,--,30,14190,买盘
797,11:12:21,4.73,--,300,141900,买盘
798,11:12:18,4.73,--,10,4730,买盘
799,11:12:09,4.73,--,5,2365,买盘
800,11:11:57,4.73,--,50,23650,买盘
801,11:11:48,4.73,--,18,8514,买盘
802,11:11:45,4.73,--,49,23177,买盘
803,11:11:42,4.73,--,30,14190,买盘
804,11:11:39,4.73,--,50,23650,买盘
805,11:11:33,4.73,--,82,38786,卖盘
806,11:11:27,4.73,--,77,36421,买盘
807,11:11:24,4.73,--,22,10406,买盘
808,11:11:18,4.73,--,7,3311,买盘
809,11:11:09,4.73,--,98,46354,买盘
810,11:10:45,4.73,--,360,170280,买盘
811,11:10:42,4.73,--,8,3784,买盘
812,11:10:36,4.73,--,20,9460,买盘
813,11:10:33,4.73,--,25,11825,买盘
814,11:10:30,4.73,--,20,9460,买盘
815,11:10:27,4.73,--,41,19393,买盘
816,11:10:15,4.73,--,4,1892,买盘
817,11:10:12,4.73,--,127,60071,买盘
818,11:10:06,4.73,--,2360,1116280,卖盘
819,11:09:57,4.73,--,50,23650,卖盘
820,11:09:54,4.73,-0.01,50,23650,卖盘
821,11:09:42,4.74,0.01,5,2370,买盘
822,11:09:39,4.73,--,3,1419,卖盘
823,11:09:33,4.73,--,4,1892,卖盘
824,11:09:21,4.73,--,50,23650,卖盘
825,11:09:18,4.73,--,10,4730,卖盘
826,11:09:15,4.73,--,95,44935,卖盘
827,11:09:12,4.73,--,15,7095,卖盘
828,11:09:09,4.73,--,120,56760,卖盘
829,11:09:06,4.73,--,4,1892,卖盘
830,11:09:00,4.73,--,296,140008,卖盘
831,11:08:54,4.73,-0.01,25,11825,卖盘
832,11:08:33,4.74,--,3518,1667532,卖盘
833,11:08:24,4.74,-0.01,30,14220,卖盘
834,11:07:39,4.75,--,300,142500,买盘
835,11:07:36,4.75,--,2234,1061150,卖盘
836,11:07:30,4.75,--,21,9975,卖盘
837,11:07:27,4.75,--,40,19000,卖盘
838,11:07:21,4.75,--,2,950,卖盘
839,11:06:42,4.75,-0.01,5,2375,卖盘
840,11:06:39,4.76,0.01,52,24752,买盘
841,11:06:33,4.75,--,147,69825,卖盘
842,11:06:06,4.75,-0.01,23,10925,卖盘
843,11:05:33,4.76,0.01,59,28084,买盘
844,11:05:30,4.75,-0.01,6,2850,卖盘
845,11:05:27,4.76,--,6,2856,买盘
846,11:05:12,4.76,--,8,3808,买盘
847,11:04:45,4.76,0.01,15,7140,买盘
848,11:03:48,4.75,--,209,99275,买盘
849,11:03:33,4.75,--,1236,587100,买盘
850,11:03:27,4.75,--,30,14250,买盘
851,11:03:24,4.75,0.01,47,22325,买盘
852,11:02:54,4.74,--,4,1896,卖盘
853,11:02:48,4.74,--,50,23700,卖盘
854,11:02:36,4.74,--,60,28440,卖盘
855,11:02:30,4.74,-0.01,2,948,卖盘
856,11:02:27,4.75,0.01,5,2375,买盘
857,11:02:21,4.74,--,100,47400,卖盘
858,11:02:18,4.74,-0.01,130,61620,卖盘
859,11:01:48,4.75,--,6,2850,买盘
860,11:01:24,4.75,--,5,2375,买盘
861,11:01:21,4.75,--,3,1425,买盘
862,11:01:06,4.75,--,5,2375,买盘
863,11:01:00,4.75,--,30,14250,买盘
864,11:00:51,4.75,--,5,2375,买盘
865,11:00:48,4.75,--,54,25650,买盘
866,11:00:30,4.75,--,1,475,买盘
867,11:00:24,4.75,--,106,50350,买盘
868,11:00:06,4.75,--,25,11875,买盘
869,10:59:48,4.75,--,344,163400,买盘
870,10:59:39,4.75,--,10,4750,买盘
871,10:59:27,4.75,--,107,50825,买盘
872,10:59:03,4.75,--,3,1425,买盘
873,10:59:00,4.75,0.01,3,1425,买盘
874,10:58:24,4.74,-0.01,80,37920,卖盘
875,10:58:18,4.75,--,300,142500,买盘
876,10:57:57,4.75,--,10,4750,买盘
877,10:57:48,4.75,0.01,19,9025,买盘
878,10:57:27,4.74,-0.01,54,25596,卖盘
879,10:56:45,4.75,--,15,7125,卖盘
880,10:56:30,4.75,--,191,90725,买盘
881,10:56:24,4.75,0.01,300,142500,买盘
882,10:56:21,4.74,-0.01,73,34602,卖盘
883,10:56:06,4.75,--,32,15200,买盘
884,10:56:00,4.75,--,21,9975,买盘
885,10:55:54,4.75,-0.01,32,15200,卖盘
886,10:55:51,4.76,0.01,1,476,买盘
887,10:55:27,4.75,--,25,11875,买盘
888,10:55:12,4.75,-0.01,1315,624625,卖盘
889,10:55:06,4.76,--,9,4284,买盘
890,10:54:51,4.76,--,50,23800,买盘
891,10:54:24,4.76,--,2,952,买盘
892,10:53:54,4.76,--,4,1904,买盘
893,10:53:39,4.76,0.01,50,23800,买盘
894,10:53:30,4.75,--,1,475,卖盘
895,10:53:27,4.75,--,237,112575,卖盘
896,10:53:21,4.75,--,10,4750,卖盘
897,10:53:18,4.75,--,5,2375,卖盘
898,10:53:03,4.75,--,37,17575,卖盘
899,10:52:33,4.75,-0.01,10,4750,卖盘
900,10:52:21,4.76,0.01,22,10472,买盘
901,10:52:15,4.75,--,10,4750,卖盘
902,10:52:06,4.75,--,10,4750,卖盘
903,10:51:57,4.75,--,27,12825,卖盘
904,10:51:45,4.75,--,29,13775,卖盘
905,10:51:33,4.75,--,14,6650,卖盘
906,10:51:24,4.75,--,1,475,卖盘
907,10:51:18,4.75,-0.01,10,4750,卖盘
908,10:51:15,4.76,--,4,1904,买盘
909,10:50:54,4.76,--,50,23800,买盘
910,10:50:39,4.76,0.01,5,2380,买盘
911,10:50:33,4.75,-0.01,383,181925,卖盘
912,10:50:00,4.76,--,30,14280,买盘
913,10:49:57,4.76,--,80,38080,买盘
914,10:49:45,4.76,0.01,1,476,买盘
915,10:49:42,4.75,-0.01,50,23750,卖盘
916,10:49:30,4.76,--,34,16184,买盘
917,10:49:15,4.76,--,1,476,买盘
918,10:49:12,4.76,--,20,9520,买盘
919,10:48:57,4.76,--,50,23800,买盘
920,10:48:27,4.76,0.01,22,10472,买盘
921,10:48:18,4.75,--,1,475,卖盘
922,10:48:12,4.75,--,1,475,卖盘
923,10:48:09,4.75,--,20,9500,卖盘
924,10:47:54,4.75,--,84,39900,卖盘
925,10:47:51,4.75,-0.01,1,475,卖盘
926,10:47:33,4.76,--,77,36652,买盘
927,10:47:27,4.76,--,2915,1387778,卖盘
928,10:47:24,4.76,-0.01,21,9996,卖盘
929,10:47:15,4.77,0.01,13,6200,买盘
930,10:47:03,4.76,-0.01,1,476,卖盘
931,10:46:57,4.77,0.01,10,4770,买盘
932,10:46:48,4.76,--,2,952,卖盘
933,10:46:15,4.76,--,2,952,卖盘
934,10:45:57,4.76,-0.01,20,9520,卖盘
935,10:45:45,4.77,0.01,3,1430,买盘
936,10:45:33,4.76,--,9,4284,卖盘
937,10:45:27,4.76,--,6,2856,卖盘
938,10:45:24,4.76,--,14,6664,卖盘
939,10:45:21,4.76,-0.01,5,2380,卖盘
940,10:45:09,4.77,--,4,1907,买盘
941,10:44:54,4.77,--,32,15263,买盘
942,10:44:42,4.77,0.01,10,4770,买盘
943,10:44:33,4.76,--,13,6188,卖盘
944,10:44:24,4.76,-0.01,10,4760,卖盘
945,10:43:33,4.77,0.01,47,22418,买盘
946,10:43:21,4.76,--,50,23800,卖盘
947,10:43:06,4.76,-0.01,18,8568,卖盘
948,10:43:03,4.77,0.01,91,43406,买盘
949,10:42:48,4.76,-0.01,50,23800,卖盘
950,10:42:45,4.77,--,10,4770,买盘
951,10:42:30,4.77,0.01,4,1907,买盘
952,10:42:24,4.76,--,4,1904,卖盘
953,10:42:21,4.76,--,100,47600,卖盘
954,10:42:15,4.76,--,10,4760,卖盘
955,10:42:12,4.76,--,35,16660,卖盘
956,10:42:09,4.76,--,17,8330,买盘
957,10:41:45,4.76,--,23,11186,卖盘
958,10:41:36,4.76,--,10,4760,卖盘
959,10:41:30,4.76,--,50,23800,卖盘
960,10:41:18,4.76,--,1,476,卖盘
961,10:41:15,4.76,-0.01,4,1904,卖盘
962,10:41:12,4.77,0.01,245,116864,买盘
963,10:41:09,4.76,--,52,24752,卖盘
964,10:41:03,4.76,-0.01,49,23324,卖盘
965,10:41:00,4.77,0.01,9,4293,买盘
966,10:40:51,4.76,-0.01,10,4760,卖盘
967,10:40:18,4.77,0.01,10,4770,买盘
968,10:40:00,4.76,--,4,1904,卖盘
969,10:39:48,4.76,--,3,1428,卖盘
970,10:39:33,4.76,--,34,16184,卖盘
971,10:39:18,4.76,--,100,47600,卖盘
972,10:39:12,4.76,--,40,19040,卖盘
973,10:38:54,4.76,--,5,2380,卖盘
974,10:38:42,4.76,0.01,27,13090,买盘
975,10:38:27,4.75,-0.01,184,87637,卖盘
976,10:38:18,4.76,--,50,23800,卖盘
977,10:38:15,4.76,--,43,20468,卖盘
978,10:38:09,4.76,-0.01,279,132804,卖盘
979,10:38:03,4.77,--,1,476,买盘
980,10:37:21,4.77,0.01,100,47699,买盘
981,10:37:12,4.76,--,5,2380,卖盘
982,10:37:00,4.76,--,220,104720,卖盘
983,10:36:24,4.76,--,20,9520,卖盘
984,10:36:12,4.76,--,10,4760,卖盘
985,10:35:39,4.76,--,25,11900,卖盘
986,10:35:33,4.76,--,80,38080,卖盘
987,10:35:27,4.76,-0.01,100,47600,卖盘
988,10:35:24,4.77,0.01,1,476,买盘
989,10:35:18,4.76,--,20,9520,卖盘
990,10:35:06,4.76,-0.01,76,36176,卖盘
991,10:34:54,4.77,0.01,77,36729,买盘
992,10:34:45,4.76,--,26,12376,卖盘
993,10:34:15,4.76,--,2,952,卖盘
994,10:34:09,4.76,-0.01,160,76160,卖盘
995,10:33:27,4.77,0.01,26,12401,买盘
996,10:33:24,4.76,--,1,476,卖盘
997,10:33:12,4.76,--,5,2618,买盘
998,10:33:09,4.76,--,42,19992,买盘
999,10:33:03,4.76,--,164,78064,买盘
1000,10:32:57,4.76,--,65,30940,买盘
1001,10:32:48,4.76,--,15,7140,买盘
1002,10:32:42,4.76,--,20,9520,买盘
1003,10:32:27,4.76,0.01,10,4760,买盘
1004,10:32:21,4.75,-0.01,10,4750,卖盘
1005,10:32:18,4.76,--,246,117096,买盘
1006,10:32:15,4.76,--,20,9520,买盘
1007,10:32:12,4.76,--,10,4760,买盘
1008,10:32:03,4.76,--,27,12852,买盘
1009,10:31:57,4.76,--,10,4760,买盘
1010,10:31:42,4.76,--,1,476,买盘
1011,10:31:12,4.76,--,54,25704,买盘
1012,10:31:09,4.76,--,337,160650,卖盘
1013,10:30:54,4.76,--,44,20944,卖盘
1014,10:30:48,4.76,-0.01,100,47600,卖盘
1015,10:30:42,4.77,0.01,30,14309,买盘
1016,10:30:39,4.76,-0.01,10,4760,卖盘
1017,10:30:09,4.77,--,2,953,买盘
1018,10:29:48,4.77,--,15,7154,买盘
1019,10:29:42,4.77,0.01,50,23849,买盘
1020,10:29:36,4.76,--,138,65688,卖盘
1021,10:29:15,4.76,-0.01,21,9996,卖盘
1022,10:29:00,4.77,--,145,69165,买盘
1023,10:28:54,4.77,--,10,4770,买盘
1024,10:28:51,4.77,0.01,231,110186,买盘
1025,10:28:45,4.76,-0.01,1,476,卖盘
1026,10:28:39,4.77,0.01,50,23849,买盘
1027,10:28:27,4.76,--,5,2380,卖盘
1028,10:28:09,4.76,--,36,17374,买盘
1029,10:27:45,4.76,--,3,1666,卖盘
1030,10:27:42,4.76,--,78,37128,卖盘
1031,10:27:36,4.76,--,4,1904,卖盘
1032,10:27:30,4.76,-0.01,81,38794,卖盘
1033,10:27:21,4.77,0.01,2,953,买盘
1034,10:27:15,4.76,-0.01,40,19040,卖盘
1035,10:27:00,4.77,0.01,4,1907,买盘
1036,10:26:39,4.76,-0.01,6,2856,卖盘
1037,10:26:33,4.77,0.01,1108,528516,买盘
1038,10:26:21,4.76,--,80,38080,卖盘
1039,10:25:48,4.76,--,2,952,卖盘
1040,10:25:45,4.76,-0.01,5,2380,卖盘
1041,10:25:42,4.77,0.01,14,6677,买盘
1042,10:25:30,4.76,--,82,39032,卖盘
1043,10:25:12,4.76,--,5,2380,卖盘
1044,10:24:54,4.76,-0.01,200,95200,卖盘
1045,10:24:30,4.77,0.01,210,100169,买盘
1046,10:24:21,4.76,--,200,95200,卖盘
1047,10:24:15,4.76,--,27,12852,买盘
1048,10:24:12,4.76,0.01,20,9520,买盘
1049,10:24:09,4.75,-0.01,178,84550,卖盘
1050,10:24:06,4.76,--,3,1428,买盘
1051,10:24:00,4.76,--,20,9520,买盘
1052,10:23:51,4.76,--,43,20468,买盘
1053,10:23:45,4.76,--,100,47600,卖盘
1054,10:23:42,4.76,--,337,160412,卖盘
1055,10:23:24,4.76,--,490,233240,买盘
1056,10:23:21,4.76,0.01,30,14280,买盘
1057,10:23:15,4.75,--,7,3325,卖盘
1058,10:23:12,4.75,--,118,56050,卖盘
1059,10:22:57,4.75,--,2,950,卖盘
1060,10:22:51,4.75,--,271,128725,卖盘
1061,10:22:45,4.75,-0.01,5,2375,卖盘
1062,10:22:42,4.76,--,35,16660,买盘
1063,10:22:24,4.76,--,10,4760,买盘
1064,10:22:21,4.76,--,1,476,买盘
1065,10:22:12,4.76,--,5,2380,买盘
1066,10:22:06,4.76,--,20,9520,买盘
1067,10:21:54,4.76,--,10,4760,买盘
1068,10:21:51,4.76,0.01,10,4760,买盘
1069,10:21:48,4.75,-0.01,83,39425,卖盘
1070,10:21:36,4.76,0.01,42,19992,买盘
1071,10:21:00,4.75,-0.01,5,2375,卖盘
1072,10:20:42,4.76,0.01,2,952,买盘
1073,10:20:39,4.75,--,12,5700,买盘
1074,10:20:36,4.75,--,108,51300,买盘
1075,10:20:30,4.75,--,2,950,买盘
1076,10:20:21,4.75,-0.01,2878,1367050,卖盘
1077,10:20:18,4.76,0.01,10,4760,买盘
1078,10:20:00,4.75,-0.01,30,14250,卖盘
1079,10:19:51,4.76,--,20,9520,买盘
1080,10:19:48,4.76,--,11,5236,买盘
1081,10:19:45,4.76,--,98,46648,卖盘
1082,10:19:33,4.76,--,25,11900,卖盘
1083,10:19:30,4.76,-0.01,40,19040,卖盘
1084,10:19:15,4.77,0.01,100,47699,买盘
1085,10:19:12,4.76,-0.01,1000,476000,卖盘
1086,10:19:09,4.77,--,100,47699,买盘
1087,10:18:48,4.77,0.01,15,7154,买盘
1088,10:18:45,4.76,--,43,20468,卖盘
1089,10:18:33,4.76,-0.01,4,1904,卖盘
1090,10:18:18,4.77,--,90,42929,买盘
1091,10:18:03,4.77,0.01,19,9063,中性盘
1092,10:17:51,4.76,-0.01,162,77112,卖盘
1093,10:17:42,4.77,-0.01,25,11924,卖盘
1094,10:17:36,4.78,0.01,1,478,买盘
1095,10:17:18,4.77,--,6,2861,买盘
1096,10:17:15,4.77,--,30,14309,买盘
1097,10:17:09,4.77,--,1,476,买盘
1098,10:17:06,4.77,--,324,154548,买盘
1099,10:17:00,4.77,--,100,47699,买盘
1100,10:16:51,4.77,--,21,10017,买盘
1101,10:16:27,4.77,--,109,51992,买盘
1102,10:16:24,4.77,--,45,21464,买盘
1103,10:16:21,4.77,-0.01,419,199862,卖盘
1104,10:16:18,4.78,--,224,107072,买盘
1105,10:16:15,4.78,--,11,5258,买盘
1106,10:16:12,4.78,--,11,5258,买盘
1107,10:16:09,4.78,--,17,8126,买盘
1108,10:16:06,4.78,--,1,478,买盘
1109,10:15:54,4.78,0.01,300,143400,买盘
1110,10:15:48,4.77,-0.01,5,2385,卖盘
1111,10:15:39,4.78,--,615,293970,买盘
1112,10:15:33,4.78,--,4,1912,买盘
1113,10:15:30,4.78,--,3,1434,买盘
1114,10:15:24,4.78,--,86,41108,买盘
1115,10:15:21,4.78,0.01,25,11950,买盘
1116,10:15:18,4.77,--,27,12878,卖盘
1117,10:15:12,4.77,--,12,5723,卖盘
1118,10:15:00,4.77,-0.01,50,23849,卖盘
1119,10:14:57,4.78,0.01,26,12428,买盘
1120,10:14:51,4.77,-0.01,9,4293,卖盘
1121,10:14:48,4.78,--,1,478,买盘
1122,10:14:45,4.78,--,1,478,买盘
1123,10:14:33,4.78,0.01,1,478,买盘
1124,10:14:30,4.77,--,40,19080,卖盘
1125,10:14:27,4.77,-0.01,4,1907,卖盘
1126,10:14:24,4.78,--,1,478,买盘
1127,10:14:21,4.78,--,24,11472,买盘
1128,10:14:03,4.78,--,324,154872,买盘
1129,10:13:57,4.78,0.01,10,4780,买盘
1130,10:13:54,4.77,-0.01,63,30050,卖盘
1131,10:13:51,4.78,--,34,16252,买盘
1132,10:13:39,4.78,--,11,5258,买盘
1133,10:13:36,4.78,--,1,478,买盘
1134,10:13:21,4.78,--,500,239000,买盘
1135,10:13:18,4.78,0.01,63,30114,买盘
1136,10:13:12,4.77,-0.01,30,14309,卖盘
1137,10:13:00,4.78,0.01,34,16252,买盘
1138,10:12:57,4.77,-0.01,1,476,卖盘
1139,10:12:45,4.78,--,139,66442,卖盘
1140,10:12:27,4.78,-0.01,4,1912,卖盘
1141,10:12:09,4.79,0.01,272,130288,买盘
1142,10:11:57,4.78,--,1,478,卖盘
1143,10:11:54,4.78,--,882,421596,买盘
1144,10:11:51,4.78,0.01,15,7170,买盘
1145,10:11:39,4.77,--,89,42452,卖盘
1146,10:11:27,4.77,--,108,51515,买盘
1147,10:11:24,4.77,--,10,4770,买盘
1148,10:11:15,4.77,--,1857,885788,买盘
1149,10:11:00,4.77,--,13,6200,买盘
1150,10:10:57,4.77,--,189,90152,买盘
1151,10:10:51,4.77,--,5,2385,买盘
1152,10:10:45,4.77,0.01,5,2385,买盘
1153,10:10:33,4.76,-0.01,3,1428,卖盘
1154,10:10:24,4.77,0.01,200,95399,买盘
1155,10:10:21,4.76,--,1,476,卖盘
1156,10:10:15,4.76,--,4,1904,卖盘
1157,10:10:06,4.76,--,50,23800,买盘
1158,10:10:00,4.76,--,10,4760,买盘
1159,10:09:57,4.76,--,5,2380,买盘
1160,10:09:54,4.76,--,20,9520,买盘
1161,10:09:51,4.76,--,74,35224,买盘
1162,10:09:48,4.76,--,36,17136,买盘
1163,10:09:45,4.76,--,807,384132,卖盘
1164,10:09:21,4.76,-0.01,2,952,卖盘
1165,10:09:15,4.77,--,3,1430,买盘
1166,10:09:12,4.77,0.01,52,24803,买盘
1167,10:09:06,4.76,-0.01,30,14280,卖盘
1168,10:08:57,4.77,--,6,2861,买盘
1169,10:08:42,4.77,0.01,10,4770,买盘
1170,10:08:15,4.76,--,100,47600,卖盘
1171,10:07:57,4.76,--,100,47600,卖盘
1172,10:07:45,4.76,--,10,4760,卖盘
1173,10:07:39,4.76,--,10,4760,卖盘
1174,10:07:27,4.76,--,10,4760,卖盘
1175,10:07:18,4.76,--,40,19040,卖盘
1176,10:07:00,4.76,--,2,952,卖盘
1177,10:06:48,4.76,--,10,4760,卖盘
1178,10:06:45,4.76,0.01,267,127092,买盘
1179,10:06:42,4.75,-0.01,4,1900,卖盘
1180,10:06:30,4.76,--,303,144228,买盘
1181,10:06:27,4.76,0.01,50,23800,买盘
1182,10:06:09,4.75,--,22,10450,卖盘
1183,10:05:51,4.75,-0.01,1,475,卖盘
1184,10:05:48,4.76,0.01,689,327964,买盘
1185,10:05:36,4.75,-0.01,1,475,卖盘
1186,10:05:27,4.76,--,210,99960,买盘
1187,10:05:09,4.76,-0.01,648,308448,卖盘
1188,10:05:06,4.77,0.01,42,20034,买盘
1189,10:05:03,4.76,--,625,297500,卖盘
1190,10:04:48,4.76,--,7,3332,卖盘
1191,10:04:45,4.76,--,10,4760,卖盘
1192,10:04:27,4.76,--,5,2380,卖盘
1193,10:04:15,4.76,-0.01,50,23800,卖盘
1194,10:04:09,4.77,--,18,8586,买盘
1195,10:04:03,4.77,0.01,5,2385,买盘
1196,10:04:00,4.76,-0.01,23,10948,卖盘
1197,10:03:51,4.77,--,60,28619,买盘
1198,10:03:45,4.77,--,1,476,买盘
1199,10:03:42,4.77,--,2,953,买盘
1200,10:03:24,4.77,--,239,114002,买盘
1201,10:03:18,4.77,--,80,38160,买盘
1202,10:03:15,4.77,--,1,476,买盘
1203,10:03:09,4.77,--,122,58193,卖盘
1204,10:03:00,4.77,--,3,1430,卖盘
1205,10:02:45,4.77,--,20,9540,卖盘
1206,10:02:42,4.77,--,224,106847,买盘
1207,10:02:30,4.77,--,42,20034,卖盘
1208,10:02:27,4.77,--,2,953,卖盘
1209,10:02:21,4.77,--,7,3338,卖盘
1210,10:02:09,4.77,--,123,58670,买盘
1211,10:02:06,4.77,--,13,6200,买盘
1212,10:02:00,4.77,--,170,81090,买盘
1213,10:01:57,4.77,--,29,13832,买盘
1214,10:01:54,4.77,--,52,24803,卖盘
1215,10:01:51,4.77,--,10,4770,卖盘
1216,10:01:48,4.77,-0.01,3,1430,卖盘
1217,10:01:45,4.78,0.01,50,23900,买盘
1218,10:01:42,4.77,-0.01,5,2385,卖盘
1219,10:01:39,4.78,0.01,40,19120,买盘
1220,10:01:36,4.77,--,65,31004,卖盘
1221,10:01:24,4.77,--,5,2385,卖盘
1222,10:01:21,4.77,--,40,19080,买盘
1223,10:01:18,4.77,-0.01,919,438362,卖盘
1224,10:01:09,4.78,0.01,11,5258,买盘
1225,10:01:06,4.77,--,1,476,卖盘
1226,10:00:54,4.77,--,6,2861,卖盘
1227,10:00:48,4.77,-0.01,60,28619,卖盘
1228,10:00:39,4.78,0.01,40,19120,买盘
1229,10:00:33,4.77,-0.01,90,42929,卖盘
1230,10:00:27,4.78,0.01,800,382400,买盘
1231,10:00:24,4.77,-0.01,10,4770,卖盘
1232,10:00:18,4.78,0.01,37,17686,买盘
1233,10:00:12,4.77,--,182,86813,卖盘
1234,10:00:09,4.77,--,87,41498,卖盘
1235,10:00:03,4.77,-0.01,70,33390,卖盘
1236,09:59:48,4.78,--,8,3824,买盘
1237,09:59:42,4.78,--,5,2390,买盘
1238,09:59:30,4.78,--,100,47800,买盘
1239,09:59:27,4.78,0.01,20,9560,买盘
1240,09:59:12,4.77,0.01,39,18603,买盘
1241,09:59:03,4.76,--,1,476,卖盘
1242,09:59:00,4.76,-0.02,10,4760,卖盘
1243,09:58:54,4.78,0.01,584,279152,买盘
1244,09:58:48,4.77,-0.01,156,74412,卖盘
1245,09:58:42,4.78,0.01,53,25334,买盘
1246,09:58:39,4.77,-0.01,19,9063,卖盘
1247,09:58:36,4.78,0.01,11,5258,买盘
1248,09:58:33,4.77,--,70,33390,卖盘
1249,09:58:27,4.77,-0.01,20,9540,卖盘
1250,09:58:21,4.78,--,4,1912,买盘
1251,09:58:15,4.78,-0.01,724,346072,卖盘
1252,09:58:12,4.79,--,2,958,买盘
1253,09:58:09,4.79,0.01,164,78556,买盘
1254,09:58:06,4.78,--,10,4780,卖盘
1255,09:58:03,4.78,-0.01,165,78870,卖盘
1256,09:58:00,4.79,--,70,33530,买盘
1257,09:57:57,4.79,--,60,28740,买盘
1258,09:57:54,4.79,--,35,16765,买盘
1259,09:57:51,4.79,--,8,3832,买盘
1260,09:57:48,4.79,--,51,24429,买盘
1261,09:57:45,4.79,--,311,148969,卖盘
1262,09:57:42,4.79,--,138,66102,卖盘
1263,09:57:39,4.79,--,164,78556,卖盘
1264,09:57:36,4.79,--,166,79514,卖盘
1265,09:57:33,4.79,--,1614,773106,买盘
1266,09:57:21,4.79,0.01,142,68018,买盘
1267,09:57:18,4.78,--,51,24378,卖盘
1268,09:57:15,4.78,--,75,35850,卖盘
1269,09:57:12,4.78,--,216,103248,卖盘
1270,09:57:09,4.78,--,879,420162,买盘
1271,09:57:06,4.78,0.01,35,16730,买盘
1272,09:57:03,4.77,-0.01,100,47699,卖盘
1273,09:57:00,4.78,--,34,16252,买盘
1274,09:56:57,4.78,--,27,12906,买盘
1275,09:56:51,4.78,0.01,20,9560,买盘
1276,09:56:48,4.77,--,9,4293,卖盘
1277,09:56:39,4.77,--,305,145485,买盘
1278,09:56:36,4.77,0.01,50,23849,买盘
1279,09:56:33,4.76,-0.01,100,47600,卖盘
1280,09:56:30,4.77,--,171,81566,买盘
1281,09:56:27,4.77,--,22,10493,买盘
1282,09:56:24,4.77,--,87,41498,买盘
1283,09:56:18,4.77,0.01,30,14309,买盘
1284,09:56:15,4.76,--,121,57596,卖盘
1285,09:56:06,4.76,0.01,1781,847756,买盘
1286,09:56:03,4.75,-0.01,154,73150,卖盘
1287,09:55:33,4.76,0.01,54,25704,买盘
1288,09:55:30,4.75,--,100,47500,卖盘
1289,09:55:27,4.75,-0.01,1002,475950,卖盘
1290,09:55:21,4.76,--,20,9520,买盘
1291,09:55:18,4.76,--,50,23800,买盘
1292,09:55:06,4.76,0.01,69,32844,买盘
1293,09:54:57,4.75,--,20,9500,卖盘
1294,09:54:48,4.75,--,457,217075,买盘
1295,09:54:45,4.75,--,20,9500,买盘
1296,09:54:42,4.75,--,137,65075,买盘
1297,09:54:36,4.75,--,78,37050,买盘
1298,09:54:33,4.75,--,96,45600,买盘
1299,09:54:30,4.75,--,45,21375,买盘
1300,09:54:21,4.75,--,964,457900,买盘
1301,09:54:12,4.75,--,1,475,买盘
1302,09:54:09,4.75,--,30,14250,买盘
1303,09:54:00,4.75,0.01,10,4750,买盘
1304,09:53:54,4.74,-0.01,10,4740,卖盘
1305,09:53:51,4.75,--,297,141075,买盘
1306,09:53:39,4.75,--,10,4750,买盘
1307,09:53:33,4.75,--,20,9500,买盘
1308,09:53:30,4.75,--,3,1425,买盘
1309,09:53:27,4.75,--,21,9975,买盘
1310,09:53:21,4.75,-0.01,140,66500,卖盘
1311,09:53:12,4.76,--,39,18564,买盘
1312,09:53:09,4.76,0.01,50,23800,买盘
1313,09:53:06,4.75,--,4,1900,卖盘
1314,09:53:03,4.75,--,15,7125,卖盘
1315,09:53:00,4.75,--,35,16625,买盘
1316,09:52:57,4.75,-0.01,20,9500,卖盘
1317,09:52:54,4.76,0.01,2,952,买盘
1318,09:52:48,4.75,0.01,2,950,中性盘
1319,09:52:45,4.74,-0.01,57,27018,卖盘
1320,09:52:42,4.75,--,5,2375,买盘
1321,09:52:36,4.75,--,15,7125,卖盘
1322,09:52:30,4.75,-0.01,32,15200,卖盘
1323,09:52:21,4.76,0.02,25,11900,买盘
1324,09:52:18,4.74,-0.01,300,142200,卖盘
1325,09:52:03,4.75,--,125,59375,买盘
1326,09:52:00,4.75,--,5,2375,买盘
1327,09:51:57,4.75,--,23,10925,买盘
1328,09:51:54,4.75,0.01,8,3800,买盘
1329,09:51:51,4.74,-0.01,300,142200,卖盘
1330,09:51:48,4.75,--,89,42275,买盘
1331,09:51:42,4.75,--,20,9500,买盘
1332,09:51:33,4.75,0.01,5,2375,买盘
1333,09:51:27,4.74,--,17,8058,卖盘
1334,09:51:24,4.74,-0.01,300,142200,卖盘
1335,09:51:21,4.75,--,1,475,买盘
1336,09:51:18,4.75,0.01,30,14250,买盘
1337,09:51:15,4.74,-0.01,699,331326,卖盘
1338,09:51:12,4.75,--,500,237500,买盘
1339,09:51:09,4.75,--,5,2375,买盘
1340,09:51:06,4.75,--,50,23750,买盘
1341,09:51:03,4.75,--,30,14250,买盘
1342,09:50:57,4.75,--,10,4750,买盘
1343,09:50:54,4.75,--,18,8550,买盘
1344,09:50:51,4.75,--,27,12825,买盘
1345,09:50:48,4.75,--,50,23750,买盘
1346,09:50:45,4.75,0.01,210,99750,买盘
1347,09:50:42,4.74,-0.01,225,106650,卖盘
1348,09:50:39,4.75,0.01,566,268850,买盘
1349,09:50:30,4.74,-0.01,105,49770,卖盘
1350,09:50:21,4.75,--,27,12825,买盘
1351,09:50:18,4.75,--,122,57950,买盘
1352,09:50:15,4.75,--,49,23275,买盘
1353,09:50:12,4.75,--,2,950,买盘
1354,09:50:03,4.75,--,20,9500,买盘
1355,09:49:57,4.75,--,60,28500,买盘
1356,09:49:48,4.75,--,10,4750,买盘
1357,09:49:39,4.75,--,51,24225,买盘
1358,09:49:33,4.75,--,6,2850,买盘
1359,09:49:30,4.75,--,30,14250,中性盘
1360,09:49:24,4.75,0.01,5,2375,中性盘
1361,09:49:21,4.74,-0.01,284,134616,卖盘
1362,09:49:18,4.75,--,559,265525,买盘
1363,09:49:15,4.75,--,4,1900,买盘
1364,09:49:06,4.75,--,89,42275,买盘
1365,09:48:57,4.75,--,165,78375,买盘
1366,09:48:54,4.75,--,5,2375,买盘
1367,09:48:51,4.75,0.01,20,9500,买盘
1368,09:48:48,4.74,--,100,47400,卖盘
1369,09:48:45,4.74,-0.01,2,948,卖盘
1370,09:48:33,4.75,--,300,142500,买盘
1371,09:48:30,4.75,0.01,26,12350,买盘
1372,09:48:24,4.74,--,195,92430,买盘
1373,09:48:21,4.74,--,81,38394,买盘
1374,09:48:18,4.74,--,165,78210,买盘
1375,09:48:15,4.74,--,262,124188,买盘
1376,09:48:09,4.74,--,260,123240,买盘
1377,09:48:03,4.74,--,10,4740,买盘
1378,09:47:57,4.74,--,724,343176,买盘
1379,09:47:51,4.74,--,3,1422,买盘
1380,09:47:48,4.74,--,84,39816,买盘
1381,09:47:42,4.74,0.01,2,948,买盘
1382,09:47:39,4.73,-0.01,390,184470,卖盘
1383,09:47:15,4.74,--,10,4740,买盘
1384,09:47:09,4.74,--,11,5214,买盘
1385,09:47:06,4.74,0.01,100,47400,买盘
1386,09:46:45,4.73,-0.01,26,12298,卖盘
1387,09:46:39,4.74,0.01,73,34602,买盘
1388,09:46:33,4.73,--,38,17974,卖盘
1389,09:46:27,4.73,--,40,18920,卖盘
1390,09:46:21,4.73,-0.01,178,84194,卖盘
1391,09:46:18,4.74,--,40,18960,买盘
1392,09:46:03,4.74,0.01,8,3792,买盘
1393,09:45:45,4.73,-0.01,9,4257,卖盘
1394,09:45:39,4.74,0.01,200,94800,买盘
1395,09:45:27,4.73,-0.01,506,239338,卖盘
1396,09:45:18,4.74,0.01,23,10902,买盘
1397,09:45:15,4.73,--,1,473,卖盘
1398,09:44:54,4.73,--,20,9460,卖盘
1399,09:44:51,4.73,-0.01,1,473,卖盘
1400,09:44:45,4.74,0.01,5,2370,买盘
1401,09:44:42,4.73,-0.01,2,946,卖盘
1402,09:44:30,4.74,--,5,2370,买盘
1403,09:44:15,4.74,--,4,1896,买盘
1404,09:44:12,4.74,0.01,4,1896,买盘
1405,09:44:06,4.73,-0.01,33,15609,卖盘
1406,09:44:00,4.74,--,3,1422,买盘
1407,09:43:45,4.74,0.01,5,2370,买盘
1408,09:43:36,4.73,-0.01,10,4730,卖盘
1409,09:43:24,4.74,0.01,40,18960,买盘
1410,09:43:00,4.73,--,55,26015,卖盘
1411,09:42:57,4.73,--,152,71896,卖盘
1412,09:42:51,4.73,-0.01,116,54868,卖盘
1413,09:42:42,4.74,--,5,2370,买盘
1414,09:42:30,4.74,--,100,47400,买盘
1415,09:42:12,4.74,--,10,4740,买盘
1416,09:42:09,4.74,0.01,10,4740,买盘
1417,09:42:06,4.73,-0.01,40,18920,卖盘
1418,09:42:03,4.74,--,1386,656964,买盘
1419,09:41:45,4.74,--,5,2370,买盘
1420,09:41:42,4.74,--,25,11850,买盘
1421,09:41:12,4.74,--,25,11850,买盘
1422,09:41:09,4.74,--,5,2370,买盘
1423,09:41:00,4.74,--,32,15168,买盘
1424,09:40:54,4.74,0.01,30,14220,买盘
1425,09:40:51,4.73,-0.01,8,3784,卖盘
1426,09:40:21,4.74,--,5,2370,买盘
1427,09:40:18,4.74,0.01,33,15642,买盘
1428,09:40:12,4.73,-0.01,80,37840,卖盘
1429,09:40:09,4.74,0.01,44,20856,买盘
1430,09:40:03,4.73,--,320,151360,卖盘
1431,09:39:51,4.73,-0.01,3,1419,卖盘
1432,09:39:45,4.74,0.01,100,47400,买盘
1433,09:39:36,4.73,--,354,167442,卖盘
1434,09:39:33,4.73,-0.01,11,5203,卖盘
1435,09:39:30,4.74,--,505,239370,买盘
1436,09:39:27,4.74,--,80,37920,买盘
1437,09:39:21,4.74,0.01,62,29388,买盘
1438,09:39:18,4.73,--,51,24123,卖盘
1439,09:39:15,4.73,-0.01,29,13717,卖盘
1440,09:39:12,4.74,--,24,11376,买盘
1441,09:39:09,4.74,--,125,59250,买盘
1442,09:38:54,4.74,--,127,60198,卖盘
1443,09:38:51,4.74,--,40,18960,卖盘
1444,09:38:45,4.74,0.01,78,36972,买盘
1445,09:38:39,4.73,-0.01,25,11825,卖盘
1446,09:38:36,4.74,--,80,37920,买盘
1447,09:38:27,4.74,--,11,5214,买盘
1448,09:38:24,4.74,--,50,23700,买盘
1449,09:38:15,4.74,--,26,12324,买盘
1450,09:38:12,4.74,--,51,24174,买盘
1451,09:38:03,4.74,--,52,24648,买盘
1452,09:37:57,4.74,-0.01,102,48348,卖盘
1453,09:37:48,4.75,0.01,44,20900,买盘
1454,09:37:39,4.74,--,272,128928,买盘
1455,09:37:27,4.74,--,1,474,买盘
1456,09:37:24,4.74,--,69,32706,买盘
1457,09:37:21,4.74,--,8,3792,买盘
1458,09:37:12,4.74,--,144,68256,卖盘
1459,09:37:09,4.74,-0.01,8,3792,卖盘
1460,09:37:06,4.75,--,10,4750,买盘
1461,09:37:03,4.75,--,100,47500,买盘
1462,09:37:00,4.75,0.01,20,9500,买盘
1463,09:36:57,4.74,--,79,37446,卖盘
1464,09:36:54,4.74,--,9,4266,卖盘
1465,09:36:48,4.74,--,70,33180,卖盘
1466,09:36:45,4.74,--,20,9480,卖盘
1467,09:36:42,4.74,--,142,67308,买盘
1468,09:36:39,4.74,--,10,4740,买盘
1469,09:36:36,4.74,0.01,2,948,买盘
1470,09:36:30,4.73,-0.01,41,19393,卖盘
1471,09:36:27,4.74,--,10,4740,买盘
1472,09:36:21,4.74,0.01,35,16590,买盘
1473,09:36:15,4.73,-0.01,62,29326,卖盘
1474,09:36:12,4.74,--,67,31758,买盘
1475,09:36:09,4.74,--,85,40290,买盘
1476,09:36:06,4.74,--,23,10902,买盘
1477,09:35:57,4.74,--,97,45978,买盘
1478,09:35:54,4.74,--,3,1422,买盘
1479,09:35:51,4.74,-0.01,12,5688,卖盘
1480,09:35:48,4.75,0.01,55,26125,买盘
1481,09:35:45,4.74,-0.01,300,142200,卖盘
1482,09:35:39,4.75,0.01,22,10450,买盘
1483,09:35:33,4.74,-0.01,5,2370,卖盘
1484,09:35:24,4.75,--,1,475,买盘
1485,09:35:21,4.75,0.01,7,3325,买盘
1486,09:35:18,4.74,--,1000,474000,卖盘
1487,09:35:12,4.74,-0.01,10,4740,卖盘
1488,09:35:09,4.75,--,1000,475000,买盘
1489,09:35:06,4.75,--,13,6175,买盘
1490,09:35:03,4.75,--,33,15675,买盘
1491,09:34:42,4.75,--,27,12825,买盘
1492,09:34:36,4.75,0.01,61,28975,买盘
1493,09:34:33,4.74,0.01,14,6636,中性盘
1494,09:34:27,4.73,-0.01,402,190146,卖盘
1495,09:34:15,4.74,--,28,13272,卖盘
1496,09:34:12,4.74,0.01,91,43134,买盘
1497,09:34:09,4.73,-0.01,92,43516,卖盘
1498,09:34:06,4.74,0.01,79,37446,买盘
1499,09:34:03,4.73,-0.01,118,55814,卖盘
1500,09:34:00,4.74,--,40,18960,买盘
1501,09:33:57,4.74,--,98,46452,买盘
1502,09:33:54,4.74,--,100,47400,买盘
1503,09:33:51,4.74,0.01,859,407166,买盘
1504,09:33:45,4.73,-0.01,101,47773,卖盘
1505,09:33:42,4.74,--,37,17538,买盘
1506,09:33:36,4.74,0.01,40,18960,买盘
1507,09:33:30,4.73,-0.01,130,61490,卖盘
1508,09:33:24,4.74,--,104,49296,买盘
1509,09:33:18,4.74,0.01,6,2844,买盘
1510,09:33:15,4.73,-0.01,106,50138,卖盘
1511,09:33:06,4.74,--,63,29862,买盘
1512,09:33:03,4.74,--,3,1422,买盘
1513,09:33:00,4.74,0.01,20,9480,买盘
1514,09:32:57,4.73,--,36,17028,卖盘
1515,09:32:54,4.73,-0.01,53,25069,卖盘
1516,09:32:51,4.74,0.01,6,2844,买盘
1517,09:32:45,4.73,--,30,14190,卖盘
1518,09:32:42,4.73,--,49,23177,卖盘
1519,09:32:36,4.73,-0.01,5,2365,卖盘
1520,09:32:33,4.74,0.01,2021,957954,买盘
1521,09:32:30,4.73,-0.01,6,2838,卖盘
1522,09:32:24,4.74,0.01,2,948,买盘
1523,09:32:15,4.73,-0.01,5,2365,卖盘
1524,09:32:12,4.74,0.01,21,9954,买盘
1525,09:32:00,4.73,-0.01,116,54868,卖盘
1526,09:31:51,4.74,--,85,40290,买盘
1527,09:31:48,4.74,--,169,80106,买盘
1528,09:31:42,4.74,--,5,2370,买盘
1529,09:31:33,4.74,--,267,126558,买盘
1530,09:31:27,4.74,0.01,560,265440,买盘
1531,09:31:12,4.73,--,327,154671,卖盘
1532,09:31:09,4.73,-0.01,165,78045,卖盘
1533,09:31:06,4.74,--,21,9954,买盘
1534,09:31:03,4.74,--,122,57828,买盘
1535,09:31:00,4.74,0.01,284,134616,买盘
1536,09:30:57,4.73,-0.01,8,3784,卖盘
1537,09:30:54,4.74,--,30,14220,买盘
1538,09:30:51,4.74,0.01,600,284400,卖盘
1539,09:30:45,4.73,--,66,31218,卖盘
1540,09:30:42,4.73,--,20,9460,卖盘
1541,09:30:39,4.73,--,300,141900,卖盘
1542,09:30:36,4.73,--,180,85140,卖盘
1543,09:30:27,4.73,-0.01,80,37840,卖盘
1544,09:30:24,4.74,--,15,7110,买盘
1545,09:30:15,4.74,--,9,4266,买盘
1546,09:30:09,4.74,--,22,10428,买盘
1547,09:30:06,4.74,-0.01,151,71574,卖盘
1548,09:30:03,4.75,0.01,2507,1190825,买盘
1549,09:30:00,4.74,--,0,0,卖盘
1550,09:25:03,4.74,4.74,2935,1391190,买盘
