,time,price,change,volume,amount,type
0,15:00:00,9.64,--,0,0,卖盘
1,15:00:00,9.64,--,40,38560,卖盘
2,14:59:58,9.64,--,15,14460,卖盘
3,14:59:53,9.64,-0.01,61,58804,卖盘
4,14:59:48,9.65,0.01,2,1930,买盘
5,14:59:43,9.64,--,12,11568,卖盘
6,14:59:38,9.64,--,277,267028,卖盘
7,14:59:33,9.64,--,100,96400,卖盘
8,14:59:28,9.64,--,29,27956,卖盘
9,14:59:08,9.64,--,6,5784,卖盘
10,14:59:03,9.64,--,87,83868,买盘
11,14:58:53,9.64,--,43,41452,卖盘
12,14:58:43,9.64,-0.01,24,23136,卖盘
13,14:58:38,9.65,--,7,6755,买盘
14,14:58:28,9.65,--,3,2895,买盘
15,14:58:23,9.65,--,5,4825,买盘
16,14:58:18,9.65,--,10,9650,买盘
17,14:58:13,9.65,--,8,7720,买盘
18,14:58:08,9.65,--,5,4825,买盘
19,14:58:03,9.65,--,4,3860,卖盘
20,14:57:58,9.65,--,15,14475,卖盘
21,14:57:28,9.65,-0.01,1,965,卖盘
22,14:57:07,9.66,--,36,34776,卖盘
23,14:56:57,9.66,--,100,96600,卖盘
24,14:56:48,9.66,--,18,17388,卖盘
25,14:56:42,9.66,--,5,4830,卖盘
26,14:56:33,9.66,0.01,66,63756,买盘
27,14:56:27,9.65,--,40,38600,卖盘
28,14:56:23,9.65,--,1,965,卖盘
29,14:56:18,9.65,-0.01,100,96500,卖盘
30,14:56:07,9.66,0.01,21,20286,买盘
31,14:56:03,9.65,--,1,965,买盘
32,14:55:57,9.65,--,10,9650,买盘
33,14:55:53,9.65,--,38,36670,买盘
34,14:55:37,9.65,--,14,13510,买盘
35,14:55:27,9.65,0.01,30,28950,买盘
36,14:55:22,9.64,--,15,14460,卖盘
37,14:55:12,9.64,--,132,127248,买盘
38,14:55:08,9.64,--,20,19280,买盘
39,14:55:02,9.64,--,25,24100,买盘
40,14:54:52,9.64,--,13,12532,买盘
41,14:54:47,9.64,--,28,26992,买盘
42,14:54:42,9.64,--,20,19280,买盘
43,14:54:37,9.64,0.01,28,26992,买盘
44,14:54:32,9.63,-0.01,15,14445,卖盘
45,14:54:12,9.64,0.01,20,19280,买盘
46,14:53:47,9.63,--,12,11556,卖盘
47,14:53:42,9.63,--,107,103041,买盘
48,14:53:37,9.63,--,30,28890,买盘
49,14:53:32,9.63,--,51,49113,买盘
50,14:53:22,9.63,--,1,963,买盘
51,14:53:17,9.63,--,41,39483,买盘
52,14:53:02,9.63,--,14,13482,买盘
53,14:52:47,9.63,--,10,9630,卖盘
54,14:52:37,9.63,--,64,61632,卖盘
55,14:52:22,9.63,0.01,60,57780,买盘
56,14:52:17,9.62,-0.01,35,33670,卖盘
57,14:52:07,9.63,--,31,29853,买盘
58,14:52:02,9.63,--,45,43566,卖盘
59,14:51:57,9.63,--,5,4815,卖盘
60,14:51:47,9.63,--,108,104004,卖盘
61,14:51:37,9.63,--,36,34668,卖盘
62,14:51:32,9.63,--,44,42372,卖盘
63,14:51:22,9.63,-0.01,30,28890,卖盘
64,14:51:17,9.64,0.01,12,11568,买盘
65,14:51:12,9.63,--,23,22149,卖盘
66,14:50:47,9.63,--,2,1926,卖盘
67,14:50:42,9.63,0.01,59,57548,买盘
68,14:50:37,9.62,-0.01,5,4810,卖盘
69,14:50:32,9.63,--,14,13482,买盘
70,14:50:27,9.63,--,8,7704,买盘
71,14:50:22,9.63,0.01,30,28890,买盘
72,14:50:17,9.62,-0.01,50,48099,卖盘
73,14:50:12,9.63,--,44,42372,买盘
74,14:50:02,9.63,--,63,60669,买盘
75,14:49:52,9.63,0.01,10,9630,买盘
76,14:49:47,9.62,-0.01,80,76960,卖盘
77,14:49:31,9.63,--,53,51039,买盘
78,14:49:22,9.63,--,161,155274,卖盘
79,14:49:17,9.63,-0.01,13,12519,卖盘
80,14:49:07,9.64,--,211,203404,买盘
81,14:49:01,9.64,0.01,48,46272,买盘
82,14:48:42,9.63,--,72,69336,卖盘
83,14:48:36,9.63,--,25,24075,卖盘
84,14:48:31,9.63,-0.01,58,55854,卖盘
85,14:48:27,9.64,--,10,9640,买盘
86,14:48:21,9.64,0.01,10,9640,买盘
87,14:48:16,9.63,-0.01,15,14445,卖盘
88,14:48:11,9.64,--,64,61696,买盘
89,14:48:01,9.64,0.01,52,50128,买盘
90,14:47:51,9.63,--,18,17334,卖盘
91,14:47:46,9.63,-0.01,23,22149,卖盘
92,14:47:41,9.64,0.01,33,31812,买盘
93,14:47:36,9.63,-0.01,10,9630,卖盘
94,14:47:31,9.64,--,1,964,买盘
95,14:47:26,9.64,0.01,30,28920,买盘
96,14:47:21,9.63,--,50,48150,卖盘
97,14:47:16,9.63,--,40,38520,卖盘
98,14:46:56,9.63,-0.01,20,19260,卖盘
99,14:46:41,9.64,0.01,20,19280,买盘
100,14:46:36,9.63,-0.01,164,158586,卖盘
101,14:46:31,9.64,--,10,9640,卖盘
102,14:46:16,9.64,--,50,48200,卖盘
103,14:46:11,9.64,--,3,2892,卖盘
104,14:46:01,9.64,--,4,3856,买盘
105,14:45:56,9.64,0.01,61,58804,买盘
106,14:45:51,9.63,-0.01,90,86670,卖盘
107,14:45:46,9.64,--,25,24100,买盘
108,14:45:31,9.64,--,35,33740,卖盘
109,14:45:26,9.64,-0.01,20,19280,卖盘
110,14:45:11,9.65,0.02,1,965,买盘
111,14:45:06,9.63,-0.01,139,133857,卖盘
112,14:45:01,9.64,--,16,15424,卖盘
113,14:44:56,9.64,--,0,0,卖盘
114,14:43:55,9.64,--,12,11645,买盘
115,14:43:51,9.64,--,35,33740,买盘
116,14:43:41,9.64,--,15,14460,买盘
117,14:43:31,9.64,-0.01,437,422154,卖盘
118,14:43:26,9.65,--,36,34817,买盘
119,14:43:16,9.65,--,5,4825,买盘
120,14:43:11,9.65,--,31,29915,买盘
121,14:42:56,9.65,-0.01,92,89667,卖盘
122,14:42:46,9.66,--,6,5796,买盘
123,14:42:41,9.66,0.01,1,966,买盘
124,14:42:31,9.65,-0.01,7,6755,卖盘
125,14:42:26,9.66,0.01,29,28014,买盘
126,14:42:01,9.65,--,16,15517,买盘
127,14:41:51,9.65,--,223,216082,卖盘
128,14:41:26,9.65,-0.01,11,10615,卖盘
129,14:41:16,9.66,0.01,3,2898,买盘
130,14:41:11,9.65,-0.01,41,39565,卖盘
131,14:40:35,9.66,--,36,34776,卖盘
132,14:40:25,9.66,--,1,966,卖盘
133,14:40:10,9.66,0.01,8,7728,买盘
134,14:40:01,9.65,--,10,9650,卖盘
135,14:39:55,9.65,--,100,96500,卖盘
136,14:39:50,9.65,--,10,9727,买盘
137,14:39:35,9.65,--,2,1930,买盘
138,14:39:30,9.65,--,7,7642,卖盘
139,14:39:25,9.65,--,12,11657,买盘
140,14:39:20,9.65,-0.01,27,26942,卖盘
141,14:39:15,9.66,--,20,19320,买盘
142,14:39:10,9.66,0.01,25,24150,买盘
143,14:39:04,9.65,--,122,117730,卖盘
144,14:38:50,9.65,-0.01,31,29915,卖盘
145,14:38:35,9.66,--,29,28014,买盘
146,14:38:25,9.66,0.01,5,4830,买盘
147,14:38:10,9.65,--,196,189140,卖盘
148,14:38:05,9.65,--,19,18335,卖盘
149,14:38:00,9.65,--,30,28950,卖盘
150,14:37:55,9.65,--,30,28950,卖盘
151,14:37:35,9.65,--,18,17370,卖盘
152,14:37:20,9.65,--,7,6755,卖盘
153,14:37:05,9.65,--,28,27020,卖盘
154,14:37:00,9.65,--,20,19300,卖盘
155,14:36:55,9.65,-0.01,6,5790,卖盘
156,14:36:45,9.66,0.01,21,20286,买盘
157,14:36:40,9.65,-0.01,30,28950,卖盘
158,14:36:20,9.66,--,431,416346,卖盘
159,14:36:05,9.66,-0.01,6,5796,卖盘
160,14:35:55,9.67,0.01,5,4835,买盘
161,14:35:49,9.66,-0.01,149,143934,卖盘
162,14:35:40,9.67,--,20,19340,卖盘
163,14:35:34,9.67,-0.01,2,1934,卖盘
164,14:35:30,9.68,0.01,32,30976,买盘
165,14:35:25,9.67,-0.01,31,29977,卖盘
166,14:34:55,9.68,0.01,21,20328,买盘
167,14:34:25,9.67,--,32,30944,卖盘
168,14:34:10,9.67,--,50,48350,卖盘
169,14:34:05,9.67,--,10,9670,卖盘
170,14:33:50,9.67,-0.01,11,10637,卖盘
171,14:33:40,9.68,0.01,12,11616,买盘
172,14:33:35,9.67,-0.01,40,38680,卖盘
173,14:33:14,9.68,0.01,47,45496,买盘
174,14:33:10,9.67,--,21,20307,卖盘
175,14:33:05,9.67,--,20,19340,卖盘
176,14:32:50,9.67,--,20,19340,卖盘
177,14:32:43,9.67,--,40,38680,卖盘
178,14:32:39,9.67,--,30,29010,卖盘
179,14:31:54,9.67,--,5,4835,卖盘
180,14:31:49,9.67,-0.01,37,35779,卖盘
181,14:31:34,9.68,0.01,7,6776,买盘
182,14:30:58,9.67,--,15,14505,卖盘
183,14:30:49,9.67,-0.01,35,33845,卖盘
184,14:30:44,9.68,--,19,18392,卖盘
185,14:30:34,9.68,--,20,19360,买盘
186,14:30:14,9.68,--,0,0,中性盘
187,14:30:04,9.68,-0.01,67,64856,卖盘
188,14:29:58,9.69,--,20,19380,买盘
189,14:29:44,9.69,--,87,84303,买盘
190,14:28:39,9.69,--,2,1938,买盘
191,14:28:34,9.69,--,145,140505,卖盘
192,14:28:28,9.69,-0.01,5,4845,卖盘
193,14:28:24,9.7,0.01,30,29099,买盘
194,14:28:19,9.69,--,85,82365,卖盘
195,14:27:58,9.69,--,1,969,卖盘
196,14:27:43,9.69,--,8,7752,卖盘
197,14:27:39,9.69,--,7,6783,卖盘
198,14:27:28,9.69,--,21,20349,卖盘
199,14:27:24,9.69,--,1,969,卖盘
200,14:27:19,9.69,-0.01,21,20349,卖盘
201,14:27:09,9.7,0.01,22,21340,买盘
202,14:26:59,9.69,-0.01,55,53295,卖盘
203,14:26:44,9.7,--,42,40740,买盘
204,14:26:34,9.7,0.01,6,5820,买盘
205,14:26:13,9.69,-0.01,49,47481,卖盘
206,14:25:58,9.7,0.01,13,12609,买盘
207,14:25:52,9.69,--,12,11628,卖盘
208,14:25:49,9.69,--,27,26163,卖盘
209,14:25:23,9.69,-0.01,2,1938,卖盘
210,14:25:04,9.7,--,80,77600,买盘
211,14:24:59,9.7,0.01,14,13579,买盘
212,14:24:53,9.69,-0.01,157,152133,卖盘
213,14:24:43,9.7,--,11,10670,买盘
214,14:24:22,9.7,0.01,6,5820,买盘
215,14:24:07,9.69,-0.01,5,4845,卖盘
216,14:23:58,9.7,--,54,52379,买盘
217,14:23:33,9.7,--,50,48500,买盘
218,14:23:18,9.7,--,1,969,买盘
219,14:23:13,9.7,--,10,9700,买盘
220,14:22:58,9.7,--,2,1939,买盘
221,14:22:37,9.7,--,27,26189,买盘
222,14:22:22,9.7,--,53,51409,买盘
223,14:21:52,9.7,0.01,10,9700,买盘
224,14:21:07,9.69,--,33,31977,买盘
225,14:20:52,9.69,--,11,10659,买盘
226,14:20:37,9.69,--,5,4845,买盘
227,14:20:13,9.69,--,2,1938,买盘
228,14:20:07,9.69,--,158,153102,卖盘
229,14:19:43,9.69,-0.01,13,12597,卖盘
230,14:19:37,9.7,--,21,20370,买盘
231,14:19:22,9.7,--,7,6789,买盘
232,14:19:18,9.7,--,50,48500,买盘
233,14:19:13,9.7,--,21,20370,买盘
234,14:18:58,9.7,0.01,53,51409,买盘
235,14:18:52,9.69,--,72,69768,卖盘
236,14:17:58,9.69,-0.01,11,10659,卖盘
237,14:17:52,9.7,0.01,50,48500,买盘
238,14:17:43,9.69,--,31,30039,卖盘
239,14:17:37,9.69,--,41,39729,卖盘
240,14:17:31,9.69,--,8,7752,卖盘
241,14:17:27,9.69,--,20,19380,卖盘
242,14:16:37,9.69,--,14,13566,卖盘
243,14:16:31,9.69,--,20,19380,卖盘
244,14:16:12,9.69,--,8,7752,卖盘
245,14:15:57,9.69,--,22,21318,卖盘
246,14:15:37,9.69,--,20,19380,卖盘
247,14:15:22,9.69,--,15,14535,卖盘
248,14:15:07,9.69,--,114,110466,卖盘
249,14:14:57,9.69,--,12,11628,卖盘
250,14:14:37,9.69,--,23,22287,卖盘
251,14:14:31,9.69,--,10,9690,卖盘
252,14:14:07,9.69,--,30,29070,买盘
253,14:13:57,9.69,0.01,1,969,买盘
254,14:13:46,9.68,-0.02,1,968,卖盘
255,14:13:42,9.7,0.02,420,407399,买盘
256,14:13:22,9.68,-0.01,2,1936,卖盘
257,14:13:16,9.69,--,1,969,买盘
258,14:13:12,9.69,--,2,1938,卖盘
259,14:13:01,9.69,--,40,38760,卖盘
260,14:12:52,9.69,--,39,37791,买盘
261,14:12:46,9.69,-0.01,43,41667,卖盘
262,14:12:37,9.7,--,1,969,买盘
263,14:12:27,9.7,0.01,303,293910,买盘
264,14:12:22,9.69,--,30,29070,卖盘
265,14:12:16,9.69,-0.01,60,58140,卖盘
266,14:12:07,9.7,0.01,17,16490,买盘
267,14:12:01,9.69,-0.01,353,342057,卖盘
268,14:11:37,9.7,--,2,1939,买盘
269,14:11:25,9.7,--,2,1939,买盘
270,14:11:22,9.7,--,5,4850,买盘
271,14:11:01,9.7,0.01,20,19400,买盘
272,14:10:51,9.69,-0.01,20,19380,卖盘
273,14:10:46,9.7,--,3,2910,买盘
274,14:10:01,9.7,0.01,5,4850,买盘
275,14:09:40,9.69,0.01,66,63954,买盘
276,14:09:37,9.68,-0.01,56,54208,卖盘
277,14:09:31,9.69,--,121,117249,买盘
278,14:09:16,9.69,--,8,7752,买盘
279,14:08:51,9.69,--,20,19380,买盘
280,14:08:36,9.69,0.01,81,78489,买盘
281,14:08:21,9.68,--,10,9680,卖盘
282,14:08:16,9.68,--,2,1936,卖盘
283,14:08:01,9.68,--,10,9680,卖盘
284,14:07:51,9.68,-0.01,10,9680,卖盘
285,14:07:40,9.69,0.01,25,24225,买盘
286,14:07:31,9.68,--,58,56144,卖盘
287,14:06:54,9.68,-0.01,100,96800,卖盘
288,14:06:51,9.69,--,20,19380,买盘
289,14:06:36,9.69,--,53,51357,买盘
290,14:06:21,9.69,--,5,4845,买盘
291,14:06:06,9.69,--,3,2907,买盘
292,14:06:01,9.69,--,20,19380,买盘
293,14:05:45,9.69,--,60,58140,买盘
294,14:05:40,9.69,-0.01,23,22287,卖盘
295,14:05:25,9.7,0.01,41,39770,买盘
296,14:05:10,9.69,--,31,30039,买盘
297,14:04:45,9.69,-0.01,19,18411,卖盘
298,14:04:40,9.7,--,8,7759,买盘
299,14:04:15,9.7,--,1,969,买盘
300,14:04:10,9.7,0.02,180,174600,买盘
301,14:04:04,9.68,--,11,10648,买盘
302,14:04:01,9.68,-0.02,189,182952,卖盘
303,14:03:48,9.7,--,5,4850,买盘
304,14:03:45,9.7,--,20,19400,买盘
305,14:03:25,9.7,0.01,2,1939,买盘
306,14:03:15,9.69,-0.01,101,97869,卖盘
307,14:03:00,9.7,--,10,9700,买盘
308,14:02:55,9.7,0.01,10,9700,买盘
309,14:02:40,9.69,-0.01,2,1938,卖盘
310,14:02:31,9.7,--,60,58199,买盘
311,14:02:25,9.7,--,5,4850,买盘
312,14:02:19,9.7,--,23,22310,买盘
313,14:02:15,9.7,--,25,24250,买盘
314,14:02:10,9.7,--,1,969,买盘
315,14:02:00,9.7,-0.01,59,58190,卖盘
316,14:01:55,9.71,0.01,10,9710,买盘
317,14:01:49,9.7,--,3,2910,卖盘
318,14:01:40,9.7,--,20,19409,买盘
319,14:01:30,9.7,--,20,19400,买盘
320,14:01:10,9.7,0.01,11,10670,买盘
321,14:01:04,9.69,-0.01,11,10659,卖盘
322,14:01:00,9.7,0.01,500,484999,买盘
323,14:00:34,9.69,--,87,84303,买盘
324,14:00:30,9.69,--,50,48450,买盘
325,14:00:25,9.69,--,41,39729,买盘
326,14:00:10,9.69,--,3,2907,买盘
327,14:00:00,9.69,0.01,59,57171,买盘
328,13:59:45,9.68,--,53,51304,买盘
329,13:59:40,9.68,--,12,11616,买盘
330,13:59:34,9.68,--,10,9680,买盘
331,13:59:30,9.68,--,49,47432,买盘
332,13:59:19,9.68,--,1,968,买盘
333,13:59:10,9.68,--,2,1936,买盘
334,13:59:00,9.68,--,18,17424,买盘
335,13:58:55,9.68,--,40,38720,买盘
336,13:58:49,9.68,--,35,33880,买盘
337,13:58:40,9.68,--,2,1936,买盘
338,13:58:34,9.68,--,8,7744,卖盘
339,13:58:25,9.68,--,10,9680,卖盘
340,13:58:15,9.68,-0.01,85,82280,卖盘
341,13:58:10,9.69,0.01,23,22287,买盘
342,13:57:39,9.68,--,22,21296,买盘
343,13:57:24,9.68,--,6,5808,买盘
344,13:57:15,9.68,--,1,968,买盘
345,13:57:09,9.68,0.01,20,19360,买盘
346,13:55:58,9.67,--,15,14505,卖盘
347,13:55:43,9.67,--,50,48350,卖盘
348,13:55:34,9.67,-0.01,9,8703,卖盘
349,13:54:54,9.68,--,46,44528,买盘
350,13:54:24,9.68,--,20,19360,买盘
351,13:54:13,9.68,0.01,20,19360,买盘
352,13:53:09,9.67,-0.01,16,15472,卖盘
353,13:52:57,9.68,0.01,11,10648,买盘
354,13:52:54,9.67,--,20,19340,卖盘
355,13:52:34,9.67,-0.01,8,7736,卖盘
356,13:52:09,9.68,-0.01,333,322363,卖盘
357,13:52:04,9.69,0.01,1,969,买盘
358,13:51:54,9.68,-0.01,21,20328,卖盘
359,13:51:39,9.69,0.01,15,14535,买盘
360,13:51:27,9.68,--,6,5808,卖盘
361,13:51:18,9.68,-0.01,10,9680,卖盘
362,13:51:09,9.69,--,100,96900,买盘
363,13:50:49,9.69,--,6,5814,买盘
364,13:50:19,9.69,0.01,5,4845,买盘
365,13:50:09,9.68,-0.01,10,9680,卖盘
366,13:50:04,9.69,--,14,13566,买盘
367,13:49:57,9.69,0.01,5,4845,买盘
368,13:49:49,9.68,--,10,9680,卖盘
369,13:49:43,9.68,-0.01,46,45476,卖盘
370,13:49:09,9.69,--,10,9690,买盘
371,13:48:48,9.69,--,20,19380,买盘
372,13:48:33,9.69,--,2,1938,买盘
373,13:48:22,9.69,--,26,25194,买盘
374,13:48:13,9.69,-0.01,26,25194,卖盘
375,13:48:03,9.7,0.02,100,97000,买盘
376,13:47:28,9.68,-0.01,380,367840,卖盘
377,13:47:18,9.69,0.01,1,969,买盘
378,13:46:43,9.68,-0.01,20,19360,卖盘
379,13:46:28,9.69,0.01,20,19380,买盘
380,13:46:03,9.68,--,1,968,卖盘
381,13:45:57,9.68,-0.01,10,9680,卖盘
382,13:45:37,9.69,--,1,969,买盘
383,13:45:33,9.69,0.01,1,969,买盘
384,13:45:28,9.68,--,4,3872,卖盘
385,13:44:52,9.68,0.01,206,199408,买盘
386,13:44:18,9.67,--,30,29010,卖盘
387,13:43:57,9.67,--,43,41581,卖盘
388,13:43:37,9.67,-0.01,20,19340,卖盘
389,13:43:22,9.68,--,10,9680,买盘
390,13:43:03,9.68,0.01,20,19360,买盘
391,13:42:57,9.67,-0.01,1,967,卖盘
392,13:42:27,9.68,--,11,10648,买盘
393,13:42:03,9.68,0.01,1,968,买盘
394,13:41:52,9.67,--,8,7736,卖盘
395,13:41:32,9.67,--,24,23208,卖盘
396,13:40:33,9.67,--,6,5802,卖盘
397,13:40:12,9.67,--,53,51251,卖盘
398,13:39:57,9.67,--,4,3868,卖盘
399,13:39:51,9.67,--,10,9670,卖盘
400,13:39:36,9.67,--,1,967,卖盘
401,13:38:51,9.67,--,20,19340,卖盘
402,13:38:42,9.67,-0.01,2,1934,卖盘
403,13:38:30,9.68,--,10,9680,买盘
404,13:38:12,9.68,0.01,10,9680,买盘
405,13:37:46,9.67,--,10,9670,卖盘
406,13:37:36,9.67,--,50,48350,卖盘
407,13:36:27,9.67,-0.01,11,10637,卖盘
408,13:36:12,9.68,--,20,19360,买盘
409,13:35:21,9.68,--,48,46464,买盘
410,13:35:15,9.68,--,12,11616,买盘
411,13:35:01,9.68,0.01,21,20328,买盘
412,13:34:51,9.67,-0.01,100,96700,卖盘
413,13:34:27,9.68,--,2,1936,买盘
414,13:34:22,9.68,--,10,9680,买盘
415,13:34:00,9.68,0.01,10,9680,买盘
416,13:33:57,9.67,--,2,1934,卖盘
417,13:33:27,9.67,--,51,49317,买盘
418,13:33:15,9.67,0.01,50,48350,买盘
419,13:33:06,9.66,--,12,11592,卖盘
420,13:32:56,9.66,--,19,18354,卖盘
421,13:32:51,9.66,--,15,14490,卖盘
422,13:32:25,9.66,--,18,17388,卖盘
423,13:32:15,9.66,--,5,4830,卖盘
424,13:32:11,9.66,-0.01,4,3864,卖盘
425,13:32:00,9.67,0.01,20,19340,买盘
426,13:31:51,9.66,-0.01,5,4830,卖盘
427,13:31:26,9.67,--,4,3868,卖盘
428,13:31:21,9.67,--,46,44482,买盘
429,13:31:00,9.67,--,30,29010,买盘
430,13:30:51,9.67,--,107,103469,买盘
431,13:30:45,9.67,--,13,12571,买盘
432,13:30:30,9.67,--,108,104436,卖盘
433,13:30:06,9.67,--,52,50284,买盘
434,13:29:51,9.67,--,1,967,买盘
435,13:29:36,9.67,--,40,38680,买盘
436,13:29:30,9.67,--,11,10637,买盘
437,13:29:15,9.67,--,21,20307,买盘
438,13:28:24,9.67,--,20,19340,买盘
439,13:28:21,9.67,0.01,15,14505,买盘
440,13:28:00,9.66,--,70,67620,卖盘
441,13:27:21,9.66,--,4,3864,卖盘
442,13:27:00,9.66,--,12,12258,买盘
443,13:26:54,9.66,--,25,24150,买盘
444,13:26:51,9.66,--,3,2898,买盘
445,13:26:21,9.66,0.01,3,2898,买盘
446,13:26:15,9.65,-0.01,11,10615,卖盘
447,13:25:54,9.66,--,16,15755,卖盘
448,13:25:50,9.66,--,5,4830,卖盘
449,13:25:24,9.66,-0.01,70,67620,卖盘
450,13:25:20,9.67,0.01,5,4835,买盘
451,13:25:00,9.66,--,2,2598,卖盘
452,13:24:45,9.66,--,10,9660,卖盘
453,13:24:20,9.66,--,44,42504,买盘
454,13:24:00,9.66,0.01,5,4830,买盘
455,13:23:54,9.65,--,5,4825,卖盘
456,13:23:45,9.65,-0.01,1,965,卖盘
457,13:23:30,9.66,--,20,19320,卖盘
458,13:23:15,9.66,-0.01,65,62790,卖盘
459,13:23:05,9.67,--,10,9670,买盘
460,13:23:00,9.67,0.01,11,10637,买盘
461,13:22:45,9.66,--,20,19320,卖盘
462,13:22:39,9.66,--,20,19320,卖盘
463,13:22:24,9.66,--,1,966,卖盘
464,13:22:09,9.66,--,36,34776,卖盘
465,13:22:03,9.66,--,2,1932,卖盘
466,13:22:00,9.66,-0.01,10,9660,卖盘
467,13:21:54,9.67,0.01,10,9670,买盘
468,13:21:39,9.66,--,10,9660,卖盘
469,13:21:24,9.66,--,3,2898,卖盘
470,13:20:48,9.66,-0.01,125,120750,卖盘
471,13:20:15,9.67,0.01,22,21274,买盘
472,13:20:09,9.66,-0.01,34,32844,卖盘
473,13:19:39,9.67,0.01,10,9670,买盘
474,13:19:03,9.66,-0.01,3,2898,卖盘
475,13:17:39,9.67,0.01,1,967,买盘
476,13:17:29,9.66,--,12,11592,卖盘
477,13:16:39,9.66,--,10,9660,卖盘
478,13:16:29,9.66,-0.01,8,7728,卖盘
479,13:16:09,9.67,--,1,967,买盘
480,13:15:59,9.67,--,55,53185,买盘
481,13:14:59,9.67,--,5,4835,买盘
482,13:14:44,9.67,--,37,35779,买盘
483,13:14:18,9.67,--,10,9670,买盘
484,13:13:09,9.67,0.01,20,19340,买盘
485,13:13:03,9.66,--,2,1932,卖盘
486,13:12:24,9.66,--,88,85008,卖盘
487,13:11:57,9.66,--,60,57960,卖盘
488,13:11:42,9.66,--,1,966,卖盘
489,13:11:03,9.66,--,1,966,卖盘
490,13:10:17,9.66,--,6,5796,卖盘
491,13:09:57,9.66,--,13,12799,买盘
492,13:09:38,9.66,--,6,6520,卖盘
493,13:09:18,9.66,--,10,9660,卖盘
494,13:09:02,9.66,--,128,123648,卖盘
495,13:08:42,9.66,--,21,20769,卖盘
496,13:08:33,9.66,-0.01,22,21976,卖盘
497,13:08:23,9.67,--,1,967,买盘
498,13:08:18,9.67,--,11,10637,买盘
499,13:08:03,9.67,--,13,12571,买盘
500,13:07:48,9.67,--,30,29010,买盘
501,13:07:03,9.67,--,10,9670,买盘
502,13:06:53,9.67,0.01,15,14505,买盘
503,13:06:33,9.66,-0.01,30,28980,卖盘
504,13:05:33,9.67,--,3,2901,卖盘
505,13:05:27,9.67,--,1,967,买盘
506,13:05:11,9.67,--,2,1934,卖盘
507,13:05:06,9.67,--,5,4835,卖盘
508,13:04:42,9.67,--,84,81228,卖盘
509,13:03:42,9.67,-0.01,10,9670,卖盘
510,13:03:27,9.68,--,4,3872,买盘
511,13:00:47,9.68,--,19,18392,卖盘
512,13:00:12,9.68,--,12,11616,卖盘
513,13:00:06,9.68,--,16,15488,中性盘
514,11:30:00,9.68,--,0,0,中性盘
515,11:30:00,9.68,--,0,0,中性盘
516,11:29:49,9.68,--,0,0,卖盘
517,11:29:28,9.68,--,6,5808,买盘
518,11:29:19,9.68,--,64,61952,买盘
519,11:29:03,9.68,--,13,12584,买盘
520,11:28:22,9.68,--,15,14520,买盘
521,11:27:58,9.68,--,1,968,买盘
522,11:27:48,9.68,0.01,1,968,买盘
523,11:27:13,9.67,--,10,9670,卖盘
524,11:26:51,9.67,--,30,29010,卖盘
525,11:26:37,9.67,0.01,67,64789,买盘
526,11:26:28,9.66,-0.01,50,48300,卖盘
527,11:25:58,9.67,--,6,5802,买盘
528,11:25:48,9.67,--,35,33845,卖盘
529,11:25:43,9.67,-0.01,20,19340,卖盘
530,11:25:07,9.68,--,42,40656,卖盘
531,11:24:52,9.68,--,17,16456,买盘
532,11:24:22,9.68,--,0,0,买盘
533,11:24:12,9.68,0.02,15,14520,买盘
534,11:24:07,9.66,--,100,96600,卖盘
535,11:23:57,9.66,-0.02,8,7728,卖盘
536,11:23:42,9.68,0.01,40,38720,买盘
537,11:22:27,9.67,--,3,2901,买盘
538,11:22:22,9.67,-0.01,23,22241,卖盘
539,11:22:16,9.68,0.01,2,1936,买盘
540,11:21:57,9.67,0.01,13,12571,买盘
541,11:21:52,9.66,-0.01,50,48300,卖盘
542,11:21:42,9.67,--,16,15472,买盘
543,11:21:36,9.67,--,6,5802,买盘
544,11:20:45,9.67,--,36,34812,买盘
545,11:20:15,9.67,0.01,2,1934,买盘
546,11:19:27,9.66,--,12,11592,买盘
547,11:19:12,9.66,--,14,13524,卖盘
548,11:19:07,9.66,--,25,24150,买盘
549,11:18:52,9.66,0.01,20,19320,买盘
550,11:18:37,9.65,-0.01,10,9650,卖盘
551,11:18:31,9.66,--,10,9660,买盘
552,11:18:16,9.66,--,13,12558,买盘
553,11:18:12,9.66,--,42,40572,卖盘
554,11:17:46,9.66,--,20,19320,卖盘
555,11:17:37,9.66,--,8,7728,买盘
556,11:17:31,9.66,--,2,1932,卖盘
557,11:17:22,9.66,--,14,13524,买盘
558,11:17:12,9.66,-0.01,1,966,买盘
559,11:17:06,9.67,0.01,244,235948,买盘
560,11:16:40,9.66,--,0,299,卖盘
561,11:16:36,9.66,--,61,58926,卖盘
562,11:16:21,9.66,--,10,9660,卖盘
563,11:16:16,9.66,--,38,36708,卖盘
564,11:16:10,9.66,-0.01,100,96600,卖盘
565,11:15:36,9.67,--,66,64121,卖盘
566,11:15:25,9.67,--,40,38680,卖盘
567,11:15:16,9.67,--,30,29010,卖盘
568,11:15:06,9.67,--,0,0,卖盘
569,11:14:21,9.67,--,10,9670,卖盘
570,11:14:01,9.67,--,0,0,卖盘
571,11:13:55,9.67,--,4,3868,卖盘
572,11:13:36,9.67,-0.03,5,4835,卖盘
573,11:13:24,9.7,0.03,83,80510,买盘
574,11:13:15,9.67,--,2,2601,卖盘
575,11:12:54,9.67,-0.03,35,33845,卖盘
576,11:12:51,9.7,--,2,1939,买盘
577,11:12:36,9.7,--,4,3879,买盘
578,11:12:01,9.7,0.03,40,38800,买盘
579,11:11:51,9.67,-0.03,6,5802,卖盘
580,11:11:40,9.7,0.03,413,400609,买盘
581,11:11:21,9.67,--,10,9670,卖盘
582,11:11:15,9.67,--,3,2901,卖盘
583,11:11:10,9.67,--,20,19340,买盘
584,11:11:01,9.67,--,5,4835,买盘
585,11:10:25,9.67,--,5,4835,买盘
586,11:09:54,9.67,--,1,967,买盘
587,11:09:51,9.67,--,4,3868,卖盘
588,11:09:35,9.67,0.01,12,11604,买盘
589,11:09:30,9.66,-0.01,2,1932,卖盘
590,11:09:15,9.67,0.01,14,13538,买盘
591,11:09:09,9.66,--,50,48300,卖盘
592,11:08:45,9.66,--,1,966,卖盘
593,11:08:39,9.66,--,67,65388,卖盘
594,11:08:25,9.66,--,28,27048,买盘
595,11:08:15,9.66,--,1,966,买盘
596,11:08:04,9.66,--,36,34776,买盘
597,11:07:54,9.66,--,16,15456,卖盘
598,11:07:09,9.66,0.01,5,4830,卖盘
599,11:07:00,9.65,-0.01,500,482500,卖盘
600,11:06:45,9.66,--,36,34776,买盘
601,11:06:25,9.66,--,2,1932,买盘
602,11:06:15,9.66,--,82,79212,卖盘
603,11:05:54,9.66,--,5,4830,卖盘
604,11:05:30,9.66,-0.01,10,9660,卖盘
605,11:05:25,9.67,--,2,1934,买盘
606,11:04:55,9.67,--,11,10637,卖盘
607,11:04:30,9.67,--,4,3868,卖盘
608,11:04:25,9.67,0.02,37,35779,买盘
609,11:03:00,9.65,-0.02,6,5790,卖盘
610,11:02:55,9.67,--,2,1934,买盘
611,11:02:33,9.67,0.02,16,15472,买盘
612,11:02:09,9.65,--,10,9650,卖盘
613,11:02:03,9.65,--,5,4825,卖盘
614,11:02:00,9.65,-0.01,15,14475,卖盘
615,11:01:55,9.66,0.01,12,11592,卖盘
616,11:01:15,9.65,--,0,0,卖盘
617,11:01:03,9.65,-0.02,1,965,卖盘
618,11:00:54,9.67,--,1,967,买盘
619,11:00:24,9.67,0.01,13,12571,买盘
620,11:00:00,9.66,--,6,5796,卖盘
621,10:59:39,9.66,0.01,5,4830,买盘
622,10:58:24,9.65,-0.02,24,23160,卖盘
623,10:58:18,9.67,0.02,5,4835,买盘
624,10:58:03,9.65,--,2,1930,卖盘
625,10:57:42,9.65,--,5,4825,卖盘
626,10:57:24,9.65,--,11,10615,卖盘
627,10:57:03,9.65,-0.02,23,22195,卖盘
628,10:56:54,9.67,--,6,5802,买盘
629,10:56:42,9.67,0.02,40,38680,买盘
630,10:56:39,9.65,-0.01,22,21230,卖盘
631,10:56:33,9.66,0.01,2,1932,买盘
632,10:56:24,9.65,-0.01,10,9650,卖盘
633,10:56:18,9.66,0.01,53,51198,买盘
634,10:56:12,9.65,--,1,1515,卖盘
635,10:56:09,9.65,--,136,131240,卖盘
636,10:55:54,9.65,-0.01,0,9,卖盘
637,10:55:39,9.66,0.01,10,9660,买盘
638,10:55:33,9.65,-0.01,10,9650,卖盘
639,10:55:24,9.66,--,194,187404,卖盘
640,10:55:09,9.66,--,17,16422,卖盘
641,10:55:03,9.66,--,10,9660,卖盘
642,10:54:57,9.66,--,29,28014,卖盘
643,10:54:54,9.66,--,13,12558,卖盘
644,10:54:24,9.66,-0.02,13,12558,卖盘
645,10:54:09,9.68,--,26,25168,买盘
646,10:54:03,9.68,0.01,235,227480,买盘
647,10:53:48,9.67,-0.01,3,2901,卖盘
648,10:53:23,9.68,-0.01,26,25168,卖盘
649,10:53:18,9.69,0.01,1,969,买盘
650,10:53:12,9.68,--,14,13552,买盘
651,10:53:08,9.68,--,45,43560,卖盘
652,10:53:03,9.68,-0.01,5,4840,卖盘
653,10:52:23,9.69,0.01,25,24225,买盘
654,10:52:18,9.68,--,37,35816,卖盘
655,10:52:03,9.68,-0.01,2,1936,卖盘
656,10:51:48,9.69,--,19,18411,买盘
657,10:51:12,9.69,--,5,4845,中性盘
658,10:51:03,9.69,--,13,12597,卖盘
659,10:50:57,9.69,--,20,19380,卖盘
660,10:50:48,9.69,-0.01,10,9690,买盘
661,10:50:27,9.7,--,0,0,买盘
662,10:50:21,9.7,0.02,6,5820,买盘
663,10:50:06,9.68,-0.01,15,14520,卖盘
664,10:50:03,9.69,0.01,16,15504,买盘
665,10:49:48,9.68,--,5,4840,卖盘
666,10:49:42,9.68,--,29,28072,买盘
667,10:49:36,9.68,--,20,19360,买盘
668,10:49:33,9.68,--,10,9680,买盘
669,10:49:12,9.68,--,31,30008,卖盘
670,10:48:33,9.68,-0.02,37,35816,卖盘
671,10:48:12,9.7,--,0,0,买盘
672,10:48:06,9.7,0.02,3,2910,买盘
673,10:48:03,9.68,--,20,19360,卖盘
674,10:47:42,9.68,0.02,19,18392,买盘
675,10:47:36,9.66,-0.05,10,9660,买盘
676,10:47:33,9.71,--,0,0,买盘
677,10:47:27,9.71,0.05,1177,1142867,买盘
678,10:47:06,9.66,--,10,9660,买盘
679,10:46:42,9.66,0.01,82,79212,买盘
680,10:46:33,9.65,-0.01,26,25090,卖盘
681,10:46:21,9.66,--,49,47334,买盘
682,10:46:17,9.66,0.01,10,9660,买盘
683,10:46:06,9.65,-0.01,20,19300,卖盘
684,10:46:02,9.66,--,10,9660,买盘
685,10:45:47,9.66,--,6,5796,买盘
686,10:45:42,9.66,--,10,9660,买盘
687,10:45:21,9.66,--,10,9660,买盘
688,10:45:12,9.66,--,2,1932,卖盘
689,10:44:51,9.66,--,3,2898,买盘
690,10:44:17,9.66,--,17,16422,买盘
691,10:44:02,9.66,--,1,966,买盘
692,10:43:57,9.66,--,4,3864,买盘
693,10:43:51,9.66,--,25,24150,买盘
694,10:43:42,9.66,0.01,10,9660,买盘
695,10:43:31,9.65,-0.01,60,57900,卖盘
696,10:43:12,9.66,--,5,4830,买盘
697,10:43:06,9.66,0.01,16,15456,买盘
698,10:42:57,9.65,--,1,965,卖盘
699,10:42:36,9.65,--,3,2895,卖盘
700,10:42:06,9.65,--,30,28950,卖盘
701,10:41:51,9.65,-0.01,300,289500,卖盘
702,10:41:45,9.66,--,2,1932,买盘
703,10:41:21,9.66,--,36,34776,卖盘
704,10:41:15,9.66,--,20,19320,卖盘
705,10:41:06,9.66,-0.01,156,150696,卖盘
706,10:40:36,9.67,--,26,25422,卖盘
707,10:40:30,9.67,--,8,7736,卖盘
708,10:40:15,9.67,-0.01,5,4835,卖盘
709,10:39:56,9.68,0.01,4,3872,买盘
710,10:39:42,9.67,-0.01,2,1934,卖盘
711,10:38:51,9.68,--,20,19360,卖盘
712,10:38:30,9.68,--,1,968,买盘
713,10:38:27,9.68,0.01,13,12584,买盘
714,10:38:11,9.67,--,30,29010,卖盘
715,10:38:06,9.67,0.01,16,16158,买盘
716,10:37:51,9.66,--,10,9660,卖盘
717,10:37:45,9.66,--,42,40572,买盘
718,10:37:41,9.66,--,81,78246,买盘
719,10:37:36,9.66,--,38,36708,买盘
720,10:37:30,9.66,--,10,9660,买盘
721,10:37:26,9.66,--,10,9660,买盘
722,10:37:21,9.66,--,48,46368,买盘
723,10:37:15,9.66,--,10,9660,买盘
724,10:36:56,9.66,0.01,10,9660,买盘
725,10:36:51,9.65,-0.01,137,132205,卖盘
726,10:36:36,9.66,--,10,9660,买盘
727,10:36:30,9.66,--,10,9660,买盘
728,10:36:11,9.66,-0.01,454,438564,卖盘
729,10:35:56,9.67,--,39,37993,卖盘
730,10:35:36,9.67,--,50,48350,卖盘
731,10:35:21,9.67,--,230,223096,卖盘
732,10:35:06,9.67,-0.01,29,28043,卖盘
733,10:34:51,9.68,--,29,28072,买盘
734,10:34:45,9.68,--,5,4840,买盘
735,10:34:36,9.68,--,94,90992,卖盘
736,10:34:00,9.68,-0.01,4,3872,卖盘
737,10:33:54,9.69,--,11,10659,买盘
738,10:33:45,9.69,--,5,4845,买盘
739,10:33:36,9.69,--,5,4845,买盘
740,10:33:21,9.69,0.01,5,4845,买盘
741,10:33:15,9.68,-0.01,10,9680,卖盘
742,10:33:05,9.69,--,10,9690,买盘
743,10:33:00,9.69,--,7,6783,买盘
744,10:32:29,9.69,0.01,40,38760,买盘
745,10:32:15,9.68,--,5,4840,买盘
746,10:31:50,9.68,-0.01,21,20328,卖盘
747,10:31:45,9.69,--,26,25194,买盘
748,10:31:20,9.69,--,50,48450,买盘
749,10:31:05,9.69,--,27,26163,买盘
750,10:30:50,9.69,0.02,2,1938,买盘
751,10:30:45,9.67,--,20,19340,卖盘
752,10:30:39,9.67,--,20,19340,卖盘
753,10:30:20,9.67,--,2,1934,卖盘
754,10:30:09,9.67,-0.02,20,19340,卖盘
755,10:30:05,9.69,0.02,70,67830,买盘
756,10:30:00,9.67,-0.01,6,5802,卖盘
757,10:29:30,9.68,--,69,66792,买盘
758,10:29:24,9.68,--,73,70664,买盘
759,10:29:15,9.68,-0.01,19,18392,卖盘
760,10:29:00,9.69,--,53,51357,买盘
761,10:28:50,9.69,0.01,65,62985,买盘
762,10:28:35,9.68,--,0,0,中性盘
763,10:28:24,9.68,-0.01,29,28072,卖盘
764,10:28:20,9.69,--,53,51357,买盘
765,10:28:15,9.69,0.01,113,109497,买盘
766,10:28:00,9.68,-0.01,5,4840,卖盘
767,10:27:45,9.69,--,10,9690,买盘
768,10:27:34,9.69,--,0,0,买盘
769,10:27:30,9.69,0.01,21,20349,买盘
770,10:27:24,9.68,-0.01,80,77440,卖盘
771,10:27:19,9.69,--,2,1938,买盘
772,10:27:04,9.69,--,146,141958,卖盘
773,10:26:45,9.69,-0.01,35,33915,卖盘
774,10:26:18,9.7,--,2,1939,买盘
775,10:26:09,9.7,--,2,1939,买盘
776,10:25:44,9.7,0.01,10,9700,买盘
777,10:25:18,9.69,0.01,50,48934,买盘
778,10:25:14,9.68,-0.01,5,4840,卖盘
779,10:25:09,9.69,0.01,30,29070,买盘
780,10:24:44,9.68,--,13,12584,买盘
781,10:24:24,9.68,--,144,139392,卖盘
782,10:24:09,9.68,-0.01,10,9680,卖盘
783,10:23:39,9.69,--,79,77035,卖盘
784,10:23:33,9.69,--,57,55233,卖盘
785,10:23:14,9.69,-0.01,39,38275,卖盘
786,10:23:09,9.7,0.01,20,19400,买盘
787,10:23:03,9.69,--,10,9690,卖盘
788,10:22:59,9.69,-0.01,10,9690,卖盘
789,10:22:39,9.7,--,40,39420,卖盘
790,10:22:14,9.7,--,4,3879,卖盘
791,10:21:59,9.7,--,39,38315,卖盘
792,10:21:54,9.7,--,40,38800,卖盘
793,10:21:48,9.7,--,10,9797,卖盘
794,10:21:39,9.7,-0.02,10,9700,卖盘
795,10:21:33,9.72,0.02,53,51516,买盘
796,10:21:29,9.7,--,58,56259,卖盘
797,10:21:24,9.7,--,14,13579,卖盘
798,10:21:18,9.7,--,31,30807,买盘
799,10:21:09,9.7,0.01,85,82450,买盘
800,10:21:03,9.69,-0.01,9,8721,卖盘
801,10:20:59,9.7,--,106,102819,买盘
802,10:20:48,9.7,--,2,1939,买盘
803,10:20:44,9.7,--,1,969,买盘
804,10:20:39,9.7,--,14,13579,买盘
805,10:20:32,9.7,--,1,969,买盘
806,10:20:29,9.7,--,136,131920,买盘
807,10:20:18,9.7,--,2,1939,买盘
808,10:20:14,9.7,--,13,12609,买盘
809,10:19:59,9.7,--,66,64019,买盘
810,10:19:54,9.7,--,53,51409,买盘
811,10:19:43,9.7,--,10,9700,买盘
812,10:19:28,9.7,--,53,51409,买盘
813,10:19:24,9.7,0.02,53,51409,买盘
814,10:19:18,9.68,--,21,20328,卖盘
815,10:19:13,9.68,-0.01,20,19360,卖盘
816,10:19:09,9.69,0.01,12,11628,买盘
817,10:18:58,9.68,-0.01,20,19360,卖盘
818,10:18:54,9.69,-0.01,129,125001,卖盘
819,10:18:48,9.7,--,30,29099,买盘
820,10:18:28,9.7,--,4,3879,买盘
821,10:18:24,9.7,-0.01,60,58432,卖盘
822,10:18:18,9.71,0.01,53,51463,买盘
823,10:18:03,9.7,--,349,338530,卖盘
824,10:17:57,9.7,--,4,3879,卖盘
825,10:17:53,9.7,-0.01,126,122219,卖盘
826,10:17:48,9.71,0.01,126,122346,买盘
827,10:17:18,9.7,-0.02,402,390677,卖盘
828,10:17:12,9.72,0.01,53,51516,买盘
829,10:17:03,9.71,0.01,20,19420,卖盘
830,10:16:57,9.7,-0.01,35,33950,卖盘
831,10:16:53,9.71,-0.01,60,58260,卖盘
832,10:16:48,9.72,--,146,141912,买盘
833,10:16:42,9.72,--,53,51516,买盘
834,10:16:38,9.72,0.01,28,27216,买盘
835,10:16:33,9.71,--,2,1942,卖盘
836,10:16:18,9.71,--,40,38840,买盘
837,10:16:12,9.71,--,53,51463,买盘
838,10:16:08,9.71,0.01,53,51463,买盘
839,10:16:03,9.7,-0.01,77,74690,卖盘
840,10:15:57,9.71,0.01,20,19420,买盘
841,10:15:53,9.7,-0.01,46,44620,卖盘
842,10:15:48,9.71,--,62,60202,买盘
843,10:15:42,9.71,--,53,51463,买盘
844,10:15:38,9.71,--,103,100013,买盘
845,10:15:33,9.71,--,6,5826,买盘
846,10:15:23,9.71,-0.01,19,18449,中性盘
847,10:15:18,9.72,-0.01,18,17496,中性盘
848,10:15:12,9.73,--,0,0,买盘
849,10:15:08,9.73,0.01,106,103138,买盘
850,10:14:53,9.72,--,0,0,买盘
851,10:14:48,9.72,0.04,157,152604,买盘
852,10:14:38,9.68,-0.03,61,59048,卖盘
853,10:14:33,9.71,0.02,353,342763,买盘
854,10:14:08,9.69,--,54,52326,买盘
855,10:14:03,9.69,--,57,55233,买盘
856,10:13:57,9.69,0.01,1,969,买盘
857,10:13:53,9.68,-0.01,20,19360,卖盘
858,10:13:48,9.69,--,7,6783,买盘
859,10:13:38,9.69,--,10,9690,买盘
860,10:13:33,9.69,0.01,106,102714,买盘
861,10:13:23,9.68,--,79,76472,卖盘
862,10:13:18,9.68,--,8,7744,卖盘
863,10:13:12,9.68,--,10,9680,卖盘
864,10:13:08,9.68,--,131,126808,买盘
865,10:13:03,9.68,--,53,51304,买盘
866,10:12:57,9.68,0.01,53,51304,买盘
867,10:12:33,9.67,-0.02,14,14495,卖盘
868,10:12:27,9.69,0.01,53,51357,买盘
869,10:12:23,9.68,--,53,51304,买盘
870,10:11:57,9.68,--,0,0,买盘
871,10:11:52,9.68,0.01,111,107448,买盘
872,10:11:33,9.67,-0.02,31,29977,卖盘
873,10:11:23,9.69,0.01,106,102714,买盘
874,10:11:17,9.68,-0.01,10,9680,中性盘
875,10:11:07,9.69,0.01,20,19380,买盘
876,10:11:02,9.68,-0.01,2,1936,中性盘
877,10:10:52,9.69,0.01,53,51357,买盘
878,10:10:48,9.68,--,58,56144,买盘
879,10:10:37,9.68,0.02,6,5808,买盘
880,10:10:33,9.66,-0.03,18,17388,卖盘
881,10:10:23,9.69,--,53,51357,买盘
882,10:10:17,9.69,0.02,53,51357,买盘
883,10:10:12,9.67,--,5,4835,买盘
884,10:10:02,9.67,-0.02,1,967,买盘
885,10:09:51,9.69,--,0,0,买盘
886,10:09:47,9.69,0.01,118,114342,买盘
887,10:09:21,9.68,-0.01,22,21296,卖盘
888,10:09:17,9.69,--,61,59109,买盘
889,10:09:12,9.69,0.03,53,51357,买盘
890,10:08:57,9.66,--,4,3864,卖盘
891,10:08:51,9.66,-0.02,33,31878,卖盘
892,10:08:47,9.68,0.01,53,51304,买盘
893,10:08:42,9.67,0.01,53,51251,买盘
894,10:08:36,9.66,--,20,19320,卖盘
895,10:08:27,9.66,--,0,0,中性盘
896,10:08:17,9.66,-0.01,20,19320,卖盘
897,10:08:12,9.67,0.01,53,51251,买盘
898,10:08:02,9.66,--,3,2898,买盘
899,10:07:47,9.66,--,15,14490,卖盘
900,10:07:32,9.66,--,14,13524,卖盘
901,10:07:27,9.66,--,65,62790,卖盘
902,10:07:12,9.66,-0.01,20,19320,卖盘
903,10:07:02,9.67,0.01,8,7736,买盘
904,10:06:57,9.66,--,40,38640,卖盘
905,10:06:21,9.66,--,10,9660,卖盘
906,10:06:17,9.66,--,5,4830,卖盘
907,10:06:06,9.66,--,1,966,卖盘
908,10:05:51,9.66,--,9,8694,卖盘
909,10:05:32,9.66,--,20,19320,卖盘
910,10:05:12,9.66,-0.01,27,26082,卖盘
911,10:04:56,9.67,--,10,9670,买盘
912,10:04:51,9.67,--,49,47383,卖盘
913,10:04:20,9.67,-0.01,20,19340,卖盘
914,10:04:17,9.68,--,20,19360,卖盘
915,10:04:11,9.68,--,137,132616,卖盘
916,10:04:06,9.68,--,1,968,卖盘
917,10:04:01,9.68,--,8,7744,买盘
918,10:03:56,9.68,--,50,48400,卖盘
919,10:03:46,9.68,-0.01,30,29040,卖盘
920,10:03:41,9.69,0.01,48,46512,买盘
921,10:03:36,9.68,--,5,4840,卖盘
922,10:03:26,9.68,--,14,13552,卖盘
923,10:03:11,9.68,--,160,154880,卖盘
924,10:02:36,9.68,-0.01,5,4840,卖盘
925,10:02:31,9.69,0.01,11,10659,买盘
926,10:02:26,9.68,--,3,2904,卖盘
927,10:02:16,9.68,-0.01,5,4840,卖盘
928,10:02:11,9.69,--,0,0,买盘
929,10:02:06,9.69,0.01,102,98838,买盘
930,10:01:51,9.68,--,84,81312,卖盘
931,10:01:41,9.68,--,8,7744,买盘
932,10:01:36,9.68,--,29,28072,买盘
933,10:01:30,9.68,--,16,15488,买盘
934,10:01:26,9.68,--,51,49368,买盘
935,10:01:11,9.68,0.01,5,4840,买盘
936,10:01:00,9.67,--,273,263991,卖盘
937,10:00:56,9.67,-0.01,13,12571,卖盘
938,10:00:51,9.68,0.01,124,120032,买盘
939,10:00:41,9.67,-0.01,23,22241,卖盘
940,10:00:26,9.68,0.01,10,9680,买盘
941,10:00:15,9.67,-0.01,1,967,卖盘
942,10:00:11,9.68,0.01,200,193600,买盘
943,09:59:56,9.67,-0.01,1,967,卖盘
944,09:59:51,9.68,--,1,968,买盘
945,09:59:44,9.68,0.01,23,22264,买盘
946,09:59:41,9.67,--,52,50284,卖盘
947,09:59:36,9.67,--,26,25142,卖盘
948,09:59:21,9.67,-0.01,20,19340,卖盘
949,09:59:06,9.68,--,20,19360,买盘
950,09:58:56,9.68,0.01,50,48400,买盘
951,09:58:41,9.67,-0.01,40,38680,中性盘
952,09:58:36,9.68,0.01,51,49368,买盘
953,09:58:30,9.67,--,50,48350,卖盘
954,09:58:06,9.67,--,8,7736,卖盘
955,09:58:00,9.67,--,5,4835,买盘
956,09:57:56,9.67,--,10,9670,买盘
957,09:57:50,9.67,--,5,4835,买盘
958,09:57:41,9.67,--,36,34812,买盘
959,09:57:35,9.67,--,10,9670,买盘
960,09:57:26,9.67,--,8,7736,买盘
961,09:57:20,9.67,--,16,15472,买盘
962,09:57:11,9.67,0.01,5,4835,买盘
963,09:57:05,9.66,--,58,56028,卖盘
964,09:56:50,9.66,--,13,12558,买盘
965,09:56:41,9.66,--,50,48300,买盘
966,09:56:35,9.66,--,20,19320,买盘
967,09:56:26,9.66,--,4,3864,买盘
968,09:56:15,9.66,--,138,133308,买盘
969,09:56:10,9.66,--,21,20286,买盘
970,09:55:50,9.66,0.01,15,14490,买盘
971,09:55:45,9.65,-0.01,12,11580,卖盘
972,09:55:40,9.66,0.01,2,1932,买盘
973,09:55:35,9.65,--,20,19300,卖盘
974,09:55:05,9.65,-0.01,42,40530,卖盘
975,09:54:59,9.66,--,10,9660,买盘
976,09:54:55,9.66,0.01,1,966,买盘
977,09:54:50,9.65,-0.01,40,38600,卖盘
978,09:54:40,9.66,0.01,6,5796,买盘
979,09:54:35,9.65,--,110,106150,卖盘
980,09:54:15,9.65,--,10,9650,卖盘
981,09:54:05,9.65,--,7,6755,卖盘
982,09:54:00,9.65,-0.01,10,9650,卖盘
983,09:53:35,9.66,0.01,20,19320,买盘
984,09:53:20,9.65,--,205,197825,卖盘
985,09:53:09,9.65,-0.01,9,8685,卖盘
986,09:53:00,9.66,0.01,67,64722,买盘
987,09:52:20,9.65,--,12,11580,卖盘
988,09:52:05,9.65,--,3,2895,卖盘
989,09:52:00,9.65,-0.01,32,30880,卖盘
990,09:51:35,9.66,0.01,4,3864,买盘
991,09:51:20,9.65,-0.01,12,11580,卖盘
992,09:51:09,9.66,0.01,3,2898,买盘
993,09:51:05,9.65,-0.01,32,30880,卖盘
994,09:51:00,9.66,0.01,4,3864,买盘
995,09:50:44,9.65,-0.01,40,38600,卖盘
996,09:50:24,9.66,--,40,38640,买盘
997,09:50:20,9.66,--,13,12558,买盘
998,09:50:14,9.66,--,20,19320,买盘
999,09:49:54,9.66,0.01,47,45402,买盘
1000,09:49:50,9.65,-0.01,20,19300,卖盘
1001,09:49:35,9.66,--,3,2898,买盘
1002,09:49:29,9.66,--,5,4830,买盘
1003,09:49:09,9.66,0.01,10,9660,买盘
1004,09:48:49,9.65,-0.01,288,277920,卖盘
1005,09:48:44,9.66,--,40,38640,买盘
1006,09:48:34,9.66,--,20,19320,买盘
1007,09:48:29,9.66,0.01,58,56028,买盘
1008,09:48:14,9.65,-0.01,26,25090,卖盘
1009,09:48:04,9.66,--,100,96600,买盘
1010,09:47:33,9.66,--,15,14490,买盘
1011,09:47:18,9.66,--,27,26082,卖盘
1012,09:47:14,9.66,--,105,101430,卖盘
1013,09:46:54,9.66,--,50,48300,卖盘
1014,09:46:49,9.66,--,31,29946,买盘
1015,09:46:44,9.66,--,67,64722,买盘
1016,09:46:34,9.66,--,2,1932,买盘
1017,09:46:29,9.66,--,100,96600,买盘
1018,09:46:24,9.66,--,5,4830,买盘
1019,09:46:14,9.66,--,19,18354,买盘
1020,09:46:09,9.66,-0.01,217,209622,卖盘
1021,09:46:03,9.67,0.01,7,6769,买盘
1022,09:45:24,9.66,--,3,2898,卖盘
1023,09:45:13,9.66,--,8,7728,卖盘
1024,09:44:59,9.66,-0.01,1,966,卖盘
1025,09:44:53,9.67,0.01,10,9670,买盘
1026,09:44:48,9.66,--,20,19320,卖盘
1027,09:44:24,9.66,--,5,4830,卖盘
1028,09:44:18,9.66,--,92,88872,买盘
1029,09:44:09,9.66,0.01,5,4830,买盘
1030,09:43:58,9.65,--,2,1930,卖盘
1031,09:43:38,9.65,--,93,90227,买盘
1032,09:43:33,9.65,--,10,9650,买盘
1033,09:43:23,9.65,--,5,4825,买盘
1034,09:43:13,9.65,--,2,1930,买盘
1035,09:43:03,9.65,0.01,10,9650,买盘
1036,09:42:58,9.64,-0.01,5,4820,卖盘
1037,09:42:38,9.65,--,4,3860,买盘
1038,09:42:23,9.65,--,6,5790,买盘
1039,09:42:13,9.65,--,30,28950,买盘
1040,09:41:38,9.65,-0.01,666,643172,卖盘
1041,09:41:28,9.66,-0.01,12,11592,卖盘
1042,09:41:23,9.67,0.01,10,9670,买盘
1043,09:41:13,9.66,--,105,101913,买盘
1044,09:41:08,9.66,--,31,29946,买盘
1045,09:41:03,9.66,--,34,33327,卖盘
1046,09:40:53,9.66,--,80,77280,卖盘
1047,09:40:28,9.66,-0.01,38,36708,卖盘
1048,09:40:13,9.67,0.01,11,10637,买盘
1049,09:40:03,9.66,--,63,60858,卖盘
1050,09:39:58,9.66,-0.01,43,41538,卖盘
1051,09:39:53,9.67,0.01,15,14505,买盘
1052,09:39:38,9.66,-0.01,16,15456,卖盘
1053,09:39:28,9.67,--,5,4835,买盘
1054,09:39:23,9.67,--,8,7736,买盘
1055,09:39:18,9.67,0.01,20,19340,买盘
1056,09:39:08,9.66,--,2,1932,卖盘
1057,09:39:03,9.66,-0.01,10,9660,卖盘
1058,09:38:58,9.67,0.01,14,13538,买盘
1059,09:38:43,9.66,-0.01,5,4830,卖盘
1060,09:38:33,9.67,0.01,8,7736,买盘
1061,09:38:28,9.66,-0.01,18,17871,卖盘
1062,09:38:23,9.67,0.01,10,9670,买盘
1063,09:38:08,9.66,0.01,5,4830,中性盘
1064,09:38:03,9.65,-0.01,130,125450,卖盘
1065,09:37:57,9.66,--,30,28980,买盘
1066,09:37:48,9.66,--,26,25116,买盘
1067,09:37:42,9.66,--,87,84042,买盘
1068,09:37:37,9.66,0.01,2,1932,买盘
1069,09:37:33,9.65,--,5,4825,卖盘
1070,09:37:02,9.65,--,23,22195,买盘
1071,09:36:57,9.65,--,10,9650,买盘
1072,09:36:52,9.65,0.01,20,19300,买盘
1073,09:36:27,9.64,--,7,6748,卖盘
1074,09:35:42,9.64,-0.01,15,14460,卖盘
1075,09:35:37,9.65,--,77,74305,买盘
1076,09:35:12,9.65,0.01,1,965,买盘
1077,09:35:07,9.64,0.01,60,57840,卖盘
1078,09:35:01,9.63,--,10,9630,卖盘
1079,09:34:41,9.63,--,32,30816,买盘
1080,09:34:37,9.63,0.01,18,17334,买盘
1081,09:34:32,9.62,--,0,0,卖盘
1082,09:34:27,9.62,-0.02,50,48099,卖盘
1083,09:34:22,9.64,0.01,3,2892,买盘
1084,09:34:17,9.63,-0.01,14,13482,卖盘
1085,09:34:12,9.64,0.01,8,7712,买盘
1086,09:34:07,9.63,-0.02,4,3852,卖盘
1087,09:33:52,9.65,--,3,2895,买盘
1088,09:33:47,9.65,0.03,19,18335,买盘
1089,09:33:41,9.62,-0.02,467,449253,卖盘
1090,09:33:37,9.64,--,2,1928,卖盘
1091,09:33:32,9.64,--,32,30848,卖盘
1092,09:33:16,9.64,-0.01,30,28920,卖盘
1093,09:33:07,9.65,-0.01,117,112905,卖盘
1094,09:32:52,9.66,--,24,23184,买盘
1095,09:32:46,9.66,--,43,41538,卖盘
1096,09:32:42,9.66,--,9,8694,买盘
1097,09:32:37,9.66,--,41,39606,卖盘
1098,09:32:32,9.66,0.01,45,43470,买盘
1099,09:32:22,9.65,-0.01,2,1930,卖盘
1100,09:32:01,9.66,--,0,0,买盘
1101,09:31:57,9.66,--,41,39606,买盘
1102,09:31:52,9.66,0.02,30,28980,买盘
1103,09:31:47,9.64,-0.01,32,30848,中性盘
1104,09:31:42,9.65,0.02,87,83955,买盘
1105,09:31:37,9.63,-0.01,33,31779,卖盘
1106,09:31:31,9.64,--,35,33740,卖盘
1107,09:31:17,9.64,0.01,6,5784,卖盘
1108,09:31:12,9.63,--,0,0,卖盘
1109,09:31:07,9.63,-0.01,26,25038,卖盘
1110,09:31:01,9.64,0.01,2,1928,买盘
1111,09:30:57,9.63,-0.01,50,48150,卖盘
1112,09:30:32,9.64,--,3,2892,买盘
1113,09:30:16,9.64,0.01,1,964,买盘
1114,09:30:11,9.63,--,1,963,卖盘
1115,09:30:06,9.63,--,28,26964,买盘
1116,09:28:55,9.63,--,0,0,买盘
1117,09:25:01,9.63,9.63,90,86670,买盘
