,time,price,change,volume,amount,type
0,15:00:00,256.21,--,0,0,中性盘
1,15:00:00,256.21,0.21,0,0,中性盘
2,14:59:58,256.0,-0.1,50,1280000,卖盘
3,14:59:53,256.1,-0.3,44,1126840,卖盘
4,14:59:43,256.4,--,1,25639,卖盘
5,14:59:33,256.4,--,8,205119,买盘
6,14:59:28,256.4,0.28,1,25639,买盘
7,14:59:23,256.12,-0.26,13,332956,卖盘
8,14:59:18,256.38,-0.12,1,25638,买盘
9,14:59:13,256.5,0.37,16,410400,买盘
10,14:59:08,256.13,-0.27,3,76839,中性盘
11,14:59:03,256.4,0.16,3,76920,买盘
12,14:58:58,256.24,-0.18,28,737971,卖盘
13,14:58:53,256.42,--,1,25642,卖盘
14,14:58:48,256.42,--,2,51284,卖盘
15,14:58:43,256.42,--,2,51284,卖盘
16,14:58:38,256.42,0.02,27,697462,买盘
17,14:58:33,256.4,0.05,2,51279,买盘
18,14:58:28,256.35,-0.07,7,179445,卖盘
19,14:58:23,256.42,0.02,1,25642,买盘
20,14:58:13,256.4,0.1,4,122815,买盘
21,14:58:08,256.3,--,56,1435280,卖盘
22,14:58:03,256.3,--,1,25630,卖盘
23,14:57:58,256.3,--,9,230670,买盘
24,14:57:53,256.3,--,0,0,中性盘
25,14:57:48,256.3,--,0,0,中性盘
26,14:57:43,256.3,--,10,256300,买盘
27,14:57:37,256.3,0.01,3,76890,买盘
28,14:57:33,256.29,-0.01,1,25629,中性盘
29,14:57:28,256.3,--,19,486970,买盘
30,14:57:23,256.3,--,1,25630,中性盘
31,14:57:13,256.3,-0.1,6,153780,卖盘
32,14:57:07,256.4,0.05,7,179479,买盘
33,14:57:03,256.35,0.29,2,51270,买盘
34,14:56:57,256.06,-0.23,9,230454,卖盘
35,14:56:53,256.29,-0.01,4,102516,中性盘
36,14:56:48,256.3,0.01,6,153780,买盘
37,14:56:42,256.29,-0.01,2,51258,买盘
38,14:56:37,256.3,-0.05,2,51260,卖盘
39,14:56:33,256.35,0.05,6,153810,买盘
40,14:56:27,256.3,--,1,25630,卖盘
41,14:56:23,256.3,0.25,3,76890,买盘
42,14:56:18,256.05,-0.3,6,153630,卖盘
43,14:56:12,256.35,--,0,0,买盘
44,14:56:07,256.35,0.22,14,358890,买盘
45,14:56:03,256.13,-0.22,3,76839,中性盘
46,14:55:57,256.35,0.3,1,25635,买盘
47,14:55:53,256.05,-0.25,11,302139,卖盘
48,14:55:48,256.3,0.27,1,25630,买盘
49,14:55:37,256.03,-0.07,5,128014,卖盘
50,14:55:33,256.1,-0.2,1,25610,中性盘
51,14:55:27,256.3,--,12,307560,买盘
52,14:55:22,256.3,0.27,1,25630,买盘
53,14:55:17,256.03,--,34,870501,买盘
54,14:55:12,256.03,0.02,4,102411,买盘
55,14:55:08,256.01,-0.02,29,742429,卖盘
56,14:55:02,256.03,--,2,51205,买盘
57,14:54:57,256.03,0.02,5,128014,买盘
58,14:54:52,256.01,-0.04,36,921636,卖盘
59,14:54:47,256.05,-0.05,50,1280250,卖盘
60,14:54:37,256.1,0.09,12,307320,买盘
61,14:54:32,256.01,-0.02,2,51202,卖盘
62,14:54:27,256.03,0.03,3,76808,买盘
63,14:54:22,256.0,-0.02,7,179200,卖盘
64,14:54:17,256.02,0.02,8,204816,买盘
65,14:54:12,256.0,-0.01,1,25600,卖盘
66,14:54:07,256.01,0.01,9,248329,买盘
67,14:54:02,256.0,--,3,76800,买盘
68,14:53:57,256.0,--,31,793600,买盘
69,14:53:52,256.0,--,19,486400,买盘
70,14:53:47,256.0,-0.05,72,1850880,卖盘
71,14:53:42,256.05,--,6,153630,买盘
72,14:53:37,256.05,-0.02,5,128025,中性盘
73,14:53:27,256.07,-0.09,3,76821,买盘
74,14:53:22,256.16,-0.13,9,230544,买盘
75,14:53:17,256.29,0.01,10,256290,买盘
76,14:53:12,256.28,0.28,2,51255,买盘
77,14:53:07,256.0,--,13,332800,卖盘
78,14:53:02,256.0,--,3,76800,卖盘
79,14:52:57,256.0,--,1,25600,卖盘
80,14:52:52,256.0,-0.29,5,128000,卖盘
81,14:52:47,256.29,0.29,6,171714,买盘
82,14:52:42,256.0,--,1,25600,买盘
83,14:52:37,256.0,0.01,14,358400,买盘
84,14:52:32,255.99,-0.29,64,1646015,卖盘
85,14:52:27,256.28,--,0,0,买盘
86,14:52:22,256.28,0.01,15,384419,买盘
87,14:52:17,256.27,-0.02,45,1153215,中性盘
88,14:52:07,256.29,--,15,384435,买盘
89,14:52:02,256.29,--,2,51258,买盘
90,14:51:57,256.29,-0.06,5,128145,卖盘
91,14:51:52,256.35,0.06,3,76905,买盘
92,14:51:47,256.29,-0.01,5,128145,卖盘
93,14:51:42,256.3,--,0,0,中性盘
94,14:51:37,256.3,-0.05,1,25630,买盘
95,14:51:32,256.35,--,1,25635,买盘
96,14:51:27,256.35,--,16,410160,买盘
97,14:51:22,256.35,-0.05,3,87159,卖盘
98,14:51:17,256.4,--,6,153840,买盘
99,14:51:07,256.4,-0.02,9,230759,卖盘
100,14:51:02,256.42,0.02,18,461556,买盘
101,14:50:57,256.4,-0.1,14,358959,卖盘
102,14:50:52,256.5,0.01,52,1333800,买盘
103,14:50:47,256.49,-0.01,5,128245,中性盘
104,14:50:42,256.5,--,15,384750,买盘
105,14:50:37,256.5,-0.01,77,1975050,卖盘
106,14:50:32,256.51,-0.18,9,230859,卖盘
107,14:50:27,256.69,-0.08,1,25669,买盘
108,14:50:22,256.77,-0.03,1,25677,买盘
109,14:50:17,256.8,0.03,13,333840,买盘
110,14:50:12,256.77,0.08,2,51354,买盘
111,14:50:07,256.69,-0.08,2,51338,卖盘
112,14:50:02,256.77,--,1,25677,卖盘
113,14:49:57,256.77,0.27,8,205416,卖盘
114,14:49:47,256.5,--,0,0,中性盘
115,14:49:42,256.5,--,1,25650,买盘
116,14:49:37,256.5,-0.3,10,256500,卖盘
117,14:49:22,256.8,0.3,50,1284000,买盘
118,14:49:17,256.5,0.08,2,51300,卖盘
119,14:49:12,256.42,--,4,102568,买盘
120,14:49:07,256.42,--,8,205136,买盘
121,14:49:01,256.42,--,3,76926,买盘
122,14:48:57,256.42,--,7,179494,卖盘
123,14:48:52,256.42,-0.08,14,358988,卖盘
124,14:48:46,256.5,-0.05,2,51300,卖盘
125,14:48:42,256.55,-0.25,1,25655,卖盘
126,14:48:31,256.8,0.01,12,308160,买盘
127,14:48:27,256.79,0.24,3,77037,买盘
128,14:48:21,256.55,-0.25,1,25655,中性盘
129,14:48:16,256.8,0.24,25,642000,买盘
130,14:48:11,256.56,-0.24,4,102624,卖盘
131,14:48:01,256.8,--,1,25680,买盘
132,14:47:56,256.8,0.2,4,102720,买盘
133,14:47:51,256.6,-0.19,7,179620,卖盘
134,14:47:46,256.79,-0.01,10,256790,中性盘
135,14:47:41,256.8,-0.1,104,2670720,卖盘
136,14:47:36,256.9,--,0,0,买盘
137,14:47:31,256.9,0.08,2,51379,买盘
138,14:47:26,256.82,--,9,231138,卖盘
139,14:47:21,256.82,--,1,25682,卖盘
140,14:47:16,256.82,--,0,0,卖盘
141,14:47:11,256.82,--,5,128410,卖盘
142,14:47:06,256.82,-0.13,11,282502,卖盘
143,14:47:01,256.95,0.13,1,25695,买盘
144,14:46:56,256.82,--,12,308184,卖盘
145,14:46:46,256.82,--,1,25682,卖盘
146,14:46:41,256.82,--,21,539322,卖盘
147,14:46:36,256.82,--,3,77046,卖盘
148,14:46:31,256.82,-0.01,32,821824,卖盘
149,14:46:26,256.83,0.01,14,359562,卖盘
150,14:46:16,256.82,-0.11,18,462276,卖盘
151,14:46:11,256.93,--,0,0,中性盘
152,14:46:06,256.93,0.11,32,822176,买盘
153,14:46:01,256.82,-0.01,8,205456,卖盘
154,14:45:56,256.83,0.01,3,77049,买盘
155,14:45:46,256.82,0.22,10,256820,买盘
156,14:45:41,256.6,--,9,230940,中性盘
157,14:45:36,256.6,0.05,11,282260,买盘
158,14:45:26,256.55,0.07,1,25655,中性盘
159,14:45:21,256.48,-0.04,7,179536,卖盘
160,14:45:16,256.52,--,0,0,卖盘
161,14:45:11,256.52,--,41,1051732,卖盘
162,14:45:06,256.52,-0.28,7,179564,卖盘
163,14:44:56,256.8,--,0,0,买盘
164,14:44:51,256.8,0.26,1,25680,买盘
165,14:44:46,256.54,-0.28,14,359156,卖盘
166,14:44:31,256.82,-0.01,19,487958,卖盘
167,14:44:26,256.83,0.01,11,282513,卖盘
168,14:44:16,256.82,--,0,0,卖盘
169,14:44:11,256.82,--,1,25682,买盘
170,14:44:06,256.82,0.01,2,51364,买盘
171,14:44:01,256.81,-0.01,3,77043,中性盘
172,14:43:56,256.82,--,18,462276,卖盘
173,14:43:51,256.82,--,0,0,卖盘
174,14:43:46,256.82,-0.18,5,128410,卖盘
175,14:43:41,257.0,0.18,2,51400,买盘
176,14:43:36,256.82,-0.13,2,51364,卖盘
177,14:43:31,256.95,0.13,1,25695,中性盘
178,14:43:26,256.82,-0.18,50,1284100,卖盘
179,14:43:16,257.0,--,0,0,买盘
180,14:43:11,257.0,0.05,10,257000,买盘
181,14:43:06,256.95,0.13,1,25695,买盘
182,14:43:01,256.82,-0.01,50,1284100,卖盘
183,14:42:51,256.83,0.21,1,25683,买盘
184,14:42:46,256.62,-0.33,1,25662,卖盘
185,14:42:41,256.95,0.12,12,308340,买盘
186,14:42:31,256.83,0.21,8,205464,买盘
187,14:42:26,256.62,0.02,4,102648,中性盘
188,14:42:16,256.6,0.07,7,179620,卖盘
189,14:42:11,256.53,-0.01,1,25652,卖盘
190,14:42:06,256.54,0.02,13,333502,中性盘
191,14:42:01,256.52,-0.01,7,179564,卖盘
192,14:41:56,256.53,-0.26,1,25652,卖盘
193,14:41:51,256.79,0.27,3,77037,买盘
194,14:41:46,256.52,--,15,384780,卖盘
195,14:41:41,256.52,--,0,0,卖盘
196,14:41:30,256.52,--,14,366567,买盘
197,14:41:26,256.52,0.01,27,692604,买盘
198,14:41:16,256.51,--,7,179557,卖盘
199,14:41:11,256.51,-0.01,8,205208,卖盘
200,14:41:06,256.52,-0.25,6,153912,卖盘
201,14:41:01,256.77,0.25,3,77031,中性盘
202,14:40:46,256.52,-0.3,9,230867,中性盘
203,14:40:41,256.82,0.29,1,25682,中性盘
204,14:40:31,256.53,-0.32,10,256529,卖盘
205,14:40:25,256.85,--,8,205480,买盘
206,14:40:16,256.85,-0.15,2,51370,卖盘
207,14:40:05,257.0,-0.01,9,231300,卖盘
208,14:40:01,257.01,--,3,98177,卖盘
209,14:39:55,257.01,-0.09,4,107430,卖盘
210,14:39:50,257.1,0.1,3,77130,买盘
211,14:39:45,257.0,-0.01,12,308400,卖盘
212,14:39:40,257.01,--,0,0,卖盘
213,14:39:35,257.01,-0.09,8,205608,卖盘
214,14:39:30,257.1,0.09,1,25710,买盘
215,14:39:20,257.01,-0.18,6,154206,卖盘
216,14:39:10,257.19,0.16,1,25719,买盘
217,14:39:05,257.03,-0.16,7,179920,卖盘
218,14:38:50,257.19,-0.01,3,77157,中性盘
219,14:38:45,257.2,--,5,128600,买盘
220,14:38:40,257.2,--,1,25720,买盘
221,14:38:35,257.2,-0.1,10,278290,卖盘
222,14:38:30,257.3,--,2,51460,卖盘
223,14:38:25,257.3,0.1,5,133281,买盘
224,14:38:20,257.2,-0.07,10,257200,卖盘
225,14:38:05,257.27,-0.03,2,51454,卖盘
226,14:38:00,257.3,--,8,205840,买盘
227,14:37:55,257.3,--,10,278398,卖盘
228,14:37:50,257.3,--,1,25730,卖盘
229,14:37:45,257.3,--,0,0,卖盘
230,14:37:40,257.3,-0.05,1,25730,卖盘
231,14:37:35,257.35,-0.34,2,51470,买盘
232,14:37:30,257.69,--,0,0,买盘
233,14:37:25,257.69,0.34,86,2216134,买盘
234,14:37:20,257.35,--,24,635397,卖盘
235,14:37:15,257.35,-0.15,1,25735,卖盘
236,14:37:10,257.5,0.15,2,51500,中性盘
237,14:37:05,257.35,--,15,394002,卖盘
238,14:37:00,257.35,0.05,136,3499960,卖盘
239,14:36:50,257.3,--,13,334490,卖盘
240,14:36:45,257.3,-0.05,5,128650,卖盘
241,14:36:40,257.35,0.05,6,154410,中性盘
242,14:36:35,257.3,-0.08,9,231570,卖盘
243,14:36:30,257.38,0.06,3,77214,买盘
244,14:36:25,257.32,0.02,2,60727,卖盘
245,14:36:20,257.3,-0.1,52,1337960,卖盘
246,14:36:15,257.4,0.07,7,184813,买盘
247,14:36:10,257.33,0.05,2,51466,买盘
248,14:36:05,257.28,-0.02,14,360191,中性盘
249,14:36:00,257.3,--,7,180110,买盘
250,14:35:55,257.3,0.03,10,257300,买盘
251,14:35:49,257.27,--,2,51454,卖盘
252,14:35:45,257.27,--,5,128634,卖盘
253,14:35:40,257.27,0.07,30,771810,买盘
254,14:35:34,257.2,--,5,128600,卖盘
255,14:35:30,257.2,--,2,56584,卖盘
256,14:35:25,257.2,--,39,1003080,买盘
257,14:35:20,257.2,0.2,1,25720,买盘
258,14:35:15,257.0,--,4,102800,卖盘
259,14:35:10,257.0,-0.2,12,308400,卖盘
260,14:35:05,257.2,0.2,11,282920,买盘
261,14:35:00,257.0,--,3,77100,卖盘
262,14:34:55,257.0,--,3,77100,卖盘
263,14:34:50,257.0,--,15,393467,卖盘
264,14:34:45,257.0,--,1,25700,卖盘
265,14:34:40,257.0,--,3,77100,卖盘
266,14:34:35,257.0,0.19,203,5217100,买盘
267,14:34:30,256.81,0.02,9,231129,买盘
268,14:34:25,256.79,0.09,1,25679,买盘
269,14:34:19,256.7,--,0,0,卖盘
270,14:34:10,256.7,0.15,18,462060,买盘
271,14:34:05,256.55,0.2,24,620337,买盘
272,14:34:00,256.35,-0.09,103,2640405,卖盘
273,14:33:55,256.44,0.09,1,25644,买盘
274,14:33:50,256.35,--,23,596270,卖盘
275,14:33:45,256.35,0.16,26,675225,买盘
276,14:33:40,256.19,0.04,20,527751,买盘
277,14:33:35,256.15,-0.04,7,179304,买盘
278,14:33:29,256.19,--,0,0,买盘
279,14:33:24,256.19,-0.01,3,76857,中性盘
280,14:33:20,256.2,--,38,973560,买盘
281,14:33:14,256.2,--,10,256200,买盘
282,14:33:10,256.2,--,9,230580,买盘
283,14:32:55,256.2,--,2,51240,买盘
284,14:32:50,256.2,0.05,40,1024800,买盘
285,14:32:44,256.15,-0.06,14,358609,卖盘
286,14:32:39,256.21,0.02,1,25620,买盘
287,14:32:34,256.19,0.09,2,51238,中性盘
288,14:32:29,256.1,--,0,0,卖盘
289,14:32:24,256.1,-0.09,109,2806856,卖盘
290,14:32:20,256.19,0.03,24,628177,买盘
291,14:32:10,256.16,0.03,1,25616,卖盘
292,14:32:04,256.13,0.03,5,128065,买盘
293,14:31:59,256.1,--,1,25610,卖盘
294,14:31:54,256.1,-0.01,10,256100,中性盘
295,14:31:49,256.11,0.06,7,179277,买盘
296,14:31:44,256.05,--,5,140827,卖盘
297,14:31:39,256.05,--,2,51210,卖盘
298,14:31:34,256.05,--,10,258098,卖盘
299,14:31:28,256.05,0.03,16,409680,买盘
300,14:31:19,256.02,--,4,102408,卖盘
301,14:31:14,256.02,0.02,20,514600,买盘
302,14:31:09,256.0,--,9,230400,卖盘
303,14:31:04,256.0,-0.01,6,153600,卖盘
304,14:30:59,256.01,-0.04,5,135685,卖盘
305,14:30:54,256.05,0.05,5,128025,买盘
306,14:30:49,256.0,--,23,588800,买盘
307,14:30:44,256.0,-0.1,196,5017600,卖盘
308,14:30:39,256.1,0.02,10,256100,买盘
309,14:30:34,256.08,--,15,384120,买盘
310,14:30:29,256.08,--,19,486551,买盘
311,14:30:24,256.08,0.07,3,76824,卖盘
312,14:30:19,256.01,--,0,0,卖盘
313,14:30:14,256.01,-0.1,37,947237,卖盘
314,14:30:09,256.11,-0.07,3,76833,卖盘
315,14:30:04,256.18,-0.02,10,256180,卖盘
316,14:29:58,256.2,--,5,128100,买盘
317,14:29:54,256.2,--,3,76860,买盘
318,14:29:49,256.2,-0.1,13,333060,卖盘
319,14:29:44,256.3,--,2,51260,买盘
320,14:29:39,256.3,-0.06,3,76890,卖盘
321,14:29:34,256.36,0.06,1,25636,中性盘
322,14:29:29,256.3,--,0,0,卖盘
323,14:29:24,256.3,-0.18,6,153780,卖盘
324,14:29:19,256.48,--,0,0,买盘
325,14:29:14,256.48,-0.02,17,436016,卖盘
326,14:29:09,256.5,--,45,1177335,卖盘
327,14:29:04,256.5,-0.08,16,410400,卖盘
328,14:28:59,256.58,--,17,436186,买盘
329,14:28:54,256.58,--,0,0,买盘
330,14:28:49,256.58,0.03,3,76974,中性盘
331,14:28:43,256.55,--,3,76965,卖盘
332,14:28:39,256.55,-0.03,30,769650,卖盘
333,14:28:34,256.58,-0.01,44,1128952,卖盘
334,14:28:28,256.59,-0.04,9,230930,卖盘
335,14:28:19,256.63,0.04,1,28229,中性盘
336,14:28:13,256.59,-0.1,65,1667834,卖盘
337,14:28:09,256.69,--,1,25669,买盘
338,14:28:04,256.69,--,27,693063,买盘
339,14:27:59,256.69,-0.11,8,205352,卖盘
340,14:27:43,256.8,0.1,20,513600,买盘
341,14:27:39,256.7,--,2,51340,买盘
342,14:27:34,256.7,--,8,205360,卖盘
343,14:27:29,256.7,-0.1,21,539070,卖盘
344,14:27:19,256.8,--,33,847440,买盘
345,14:27:14,256.8,-0.01,19,487920,卖盘
346,14:27:04,256.81,-0.04,2,51362,卖盘
347,14:26:59,256.85,0.05,12,308220,买盘
348,14:26:54,256.8,--,10,256800,买盘
349,14:26:49,256.8,-0.05,36,924480,卖盘
350,14:26:44,256.85,-0.03,13,333905,卖盘
351,14:26:39,256.88,0.03,2,51376,买盘
352,14:26:34,256.85,--,20,513700,卖盘
353,14:26:29,256.85,-0.01,5,128425,卖盘
354,14:26:24,256.86,--,3,77058,买盘
355,14:26:19,256.86,--,1,25686,买盘
356,14:26:13,256.86,0.01,7,179802,买盘
357,14:26:07,256.85,-0.01,1,25685,中性盘
358,14:26:04,256.86,-0.02,2,51372,买盘
359,14:25:58,256.88,0.02,22,565136,买盘
360,14:25:52,256.86,--,5,128430,买盘
361,14:25:49,256.86,-0.01,24,616464,卖盘
362,14:25:43,256.87,-0.01,4,102748,卖盘
363,14:25:37,256.88,--,2,51376,买盘
364,14:25:34,256.88,0.01,2,51376,买盘
365,14:25:29,256.87,-0.01,10,256870,卖盘
366,14:25:23,256.88,0.01,12,308256,买盘
367,14:25:19,256.87,-0.01,8,226045,卖盘
368,14:25:13,256.88,--,1,25688,卖盘
369,14:25:08,256.88,--,4,102752,卖盘
370,14:25:04,256.88,0.05,9,236329,买盘
371,14:24:59,256.83,-0.03,13,333879,卖盘
372,14:24:53,256.86,--,2,51372,买盘
373,14:24:48,256.86,--,4,102744,买盘
374,14:24:43,256.86,0.03,8,205488,买盘
375,14:24:38,256.83,-0.05,22,565026,卖盘
376,14:24:33,256.88,--,4,102752,买盘
377,14:24:28,256.88,--,3,77064,买盘
378,14:24:22,256.88,--,6,154128,买盘
379,14:24:18,256.88,-0.11,12,328806,卖盘
380,14:24:14,256.99,--,3,77097,卖盘
381,14:24:07,256.99,--,13,334087,卖盘
382,14:24:03,256.99,--,4,102796,卖盘
383,14:23:58,256.99,0.11,5,133634,买盘
384,14:23:52,256.88,--,1,25688,买盘
385,14:23:48,256.88,-0.11,32,822016,卖盘
386,14:23:44,256.99,0.08,2,51398,买盘
387,14:23:38,256.91,0.02,6,154146,卖盘
388,14:23:33,256.89,-0.1,1,25689,卖盘
389,14:23:28,256.99,-0.01,2,51398,中性盘
390,14:23:22,257.0,--,8,205600,买盘
391,14:23:18,257.0,--,13,334100,买盘
392,14:23:13,257.0,-0.1,89,2287300,卖盘
393,14:23:07,257.1,-0.09,205,5270550,卖盘
394,14:23:03,257.19,0.02,3,77157,买盘
395,14:22:58,257.17,0.07,4,102868,中性盘
396,14:22:53,257.1,0.01,3,77130,中性盘
397,14:22:48,257.09,-0.08,2,51417,卖盘
398,14:22:43,257.17,0.17,3,77151,买盘
399,14:22:37,257.0,-0.08,22,565400,卖盘
400,14:22:33,257.08,--,8,205664,买盘
401,14:22:28,257.08,-0.11,4,102832,卖盘
402,14:22:22,257.19,-0.01,11,282909,中性盘
403,14:22:18,257.2,0.17,3,77160,买盘
404,14:22:13,257.03,--,0,0,卖盘
405,14:22:07,257.03,0.03,28,722768,买盘
406,14:22:02,257.0,--,1,25700,卖盘
407,14:21:58,257.0,0.32,34,873800,买盘
408,14:21:52,256.68,-0.11,61,1583715,卖盘
409,14:21:48,256.79,0.12,1,25679,卖盘
410,14:21:43,256.67,0.01,8,205336,中性盘
411,14:21:37,256.66,--,9,230994,卖盘
412,14:21:33,256.66,0.03,7,179662,买盘
413,14:21:28,256.63,0.02,7,179641,买盘
414,14:21:22,256.61,--,14,359254,卖盘
415,14:21:18,256.61,-0.05,7,179627,卖盘
416,14:21:13,256.66,0.06,2,51332,买盘
417,14:21:07,256.6,-0.01,13,333580,卖盘
418,14:21:03,256.61,-0.01,14,359254,卖盘
419,14:20:58,256.62,-0.04,2,51324,中性盘
420,14:20:52,256.66,--,52,1334632,买盘
421,14:20:48,256.66,--,2,51332,买盘
422,14:20:43,256.66,--,6,153996,中性盘
423,14:20:37,256.66,-0.14,11,282326,卖盘
424,14:20:33,256.8,--,6,154080,卖盘
425,14:20:28,256.8,--,16,410880,买盘
426,14:20:22,256.8,-0.2,17,436560,卖盘
427,14:20:18,257.0,--,2,51400,买盘
428,14:20:13,257.0,0.12,9,231300,买盘
429,14:20:07,256.88,-0.12,12,308256,卖盘
430,14:20:03,257.0,--,13,334100,卖盘
431,14:19:58,257.0,-0.02,4,102800,卖盘
432,14:19:52,257.02,0.01,22,565444,买盘
433,14:19:48,257.01,0.01,11,282711,买盘
434,14:19:43,257.0,-0.03,112,2901016,卖盘
435,14:19:37,257.03,--,8,205623,卖盘
436,14:19:33,257.03,0.02,22,568550,买盘
437,14:19:28,257.01,-0.02,28,719628,卖盘
438,14:19:22,257.03,0.01,12,308435,买盘
439,14:19:18,257.02,-0.01,9,231317,卖盘
440,14:19:13,257.03,-0.05,15,385544,卖盘
441,14:19:07,257.08,--,6,154248,买盘
442,14:19:03,257.08,--,1,25708,买盘
443,14:18:58,257.08,-0.2,21,562233,卖盘
444,14:18:52,257.28,0.08,10,257279,买盘
445,14:18:46,257.2,--,6,154320,卖盘
446,14:18:43,257.2,--,0,0,卖盘
447,14:18:37,257.2,-0.01,22,565840,卖盘
448,14:18:31,257.21,-0.29,18,485612,卖盘
449,14:18:28,257.5,0.07,12,309000,买盘
450,14:18:22,257.43,-0.02,3,77229,卖盘
451,14:18:16,257.45,-0.05,3,77235,买盘
452,14:18:13,257.5,0.29,10,257500,中性盘
453,14:18:07,257.21,-0.29,62,1601132,卖盘
454,14:18:01,257.5,-0.01,5,128750,卖盘
455,14:17:58,257.51,--,7,180257,买盘
456,14:17:52,257.51,-0.14,8,206008,卖盘
457,14:17:46,257.65,0.04,6,154590,中性盘
458,14:17:43,257.61,0.01,5,128805,卖盘
459,14:17:37,257.6,0.02,6,154560,买盘
460,14:17:31,257.58,-0.11,30,772740,卖盘
461,14:17:22,257.69,-0.01,6,154614,卖盘
462,14:17:16,257.7,-0.07,6,154620,卖盘
463,14:17:13,257.77,--,4,103108,买盘
464,14:17:07,257.77,--,3,77331,买盘
465,14:16:57,257.77,-0.03,19,489762,卖盘
466,14:16:52,257.8,--,0,0,卖盘
467,14:16:46,257.8,--,2,51560,卖盘
468,14:16:43,257.8,-0.05,7,180460,卖盘
469,14:16:37,257.85,-0.03,22,567270,卖盘
470,14:16:27,257.88,-0.08,11,283668,卖盘
471,14:16:22,257.96,0.01,20,515919,买盘
472,14:16:16,257.95,-0.01,11,283745,卖盘
473,14:16:12,257.96,-0.01,16,412735,卖盘
474,14:16:07,257.97,--,13,335361,卖盘
475,14:15:57,257.97,-0.01,4,103188,卖盘
476,14:15:52,257.98,--,26,688806,卖盘
477,14:15:46,257.98,-0.01,10,257980,卖盘
478,14:15:37,257.99,--,12,309588,卖盘
479,14:15:31,257.99,--,0,7739,买盘
480,14:15:27,257.99,--,11,283789,买盘
481,14:15:22,257.99,--,19,508240,卖盘
482,14:15:16,257.99,--,4,110935,卖盘
483,14:15:12,257.99,--,3,77397,卖盘
484,14:15:07,257.99,-0.01,3,77397,卖盘
485,14:15:01,258.0,0.01,10,258000,买盘
486,14:14:57,257.99,--,31,799769,卖盘
487,14:14:52,257.99,0.02,34,877166,买盘
488,14:14:46,257.97,--,1,25797,卖盘
489,14:14:42,257.97,--,0,0,中性盘
490,14:14:37,257.97,--,1,25797,中性盘
491,14:14:31,257.97,-0.02,14,361158,卖盘
492,14:14:26,257.99,--,2,51598,卖盘
493,14:14:22,257.99,0.03,5,128995,中性盘
494,14:14:16,257.96,-0.03,4,103183,卖盘
495,14:14:12,257.99,0.01,1,25799,买盘
496,14:14:07,257.98,0.03,5,128990,买盘
497,14:14:01,257.95,-0.01,3,77385,卖盘
498,14:13:57,257.96,-0.04,1,25795,买盘
499,14:13:52,258.0,0.04,48,1238400,买盘
500,14:13:46,257.96,-0.02,12,309552,卖盘
501,14:13:37,257.98,-0.02,18,464364,卖盘
502,14:13:31,258.0,--,80,2064000,卖盘
503,14:13:22,258.0,--,8,206400,卖盘
504,14:13:16,258.0,-0.05,47,1212600,卖盘
505,14:13:12,258.05,0.03,1,25805,买盘
506,14:13:01,258.02,--,8,206416,卖盘
507,14:12:52,258.02,-0.03,6,162036,卖盘
508,14:12:46,258.05,-0.15,3,77415,卖盘
509,14:12:42,258.2,0.15,3,77460,买盘
510,14:12:37,258.05,--,7,180635,卖盘
511,14:12:31,258.05,-0.15,2,61932,卖盘
512,14:12:22,258.2,0.1,5,129100,买盘
513,14:12:16,258.1,--,11,283910,卖盘
514,14:12:12,258.1,--,9,232290,卖盘
515,14:12:01,258.1,-0.13,4,103240,卖盘
516,14:11:57,258.23,-0.02,2,51646,卖盘
517,14:11:52,258.25,-0.06,14,361550,卖盘
518,14:11:46,258.31,-0.08,3,77493,卖盘
519,14:11:31,258.39,--,5,129195,卖盘
520,14:11:22,258.39,-0.01,3,77517,卖盘
521,14:11:07,258.4,-0.03,6,155040,卖盘
522,14:10:46,258.43,-0.05,33,855920,卖盘
523,14:10:40,258.48,0.01,2,51696,买盘
524,14:10:37,258.47,--,2,51694,卖盘
525,14:10:31,258.47,-0.02,4,103388,卖盘
526,14:10:25,258.49,0.03,2,51698,买盘
527,14:10:22,258.46,--,0,0,卖盘
528,14:10:16,258.46,-0.03,17,439381,卖盘
529,14:10:07,258.49,--,2,51698,买盘
530,14:09:55,258.49,-0.02,1,25849,买盘
531,14:09:51,258.51,--,0,0,买盘
532,14:09:46,258.51,--,10,258510,卖盘
533,14:09:40,258.51,0.01,1,25851,卖盘
534,14:09:37,258.5,-0.01,12,310200,卖盘
535,14:09:31,258.51,0.01,22,585266,买盘
536,14:09:21,258.5,-0.01,16,413600,卖盘
537,14:09:16,258.51,0.01,15,387765,买盘
538,14:09:10,258.5,-0.01,1,25850,卖盘
539,14:09:06,258.51,--,1,25851,买盘
540,14:09:01,258.51,--,1,25851,买盘
541,14:08:55,258.51,--,4,103404,卖盘
542,14:08:51,258.51,-0.01,2,51702,卖盘
543,14:08:46,258.52,--,3,77556,买盘
544,14:08:40,258.52,--,9,232667,买盘
545,14:08:36,258.52,-0.09,14,374595,卖盘
546,14:08:31,258.61,-0.13,5,129305,中性盘
547,14:08:21,258.74,--,3,77622,买盘
548,14:08:16,258.74,0.17,25,662891,买盘
549,14:08:10,258.57,--,1,25857,卖盘
550,14:08:06,258.57,--,7,180999,卖盘
551,14:08:01,258.57,--,2,51714,卖盘
552,14:07:51,258.57,0.02,85,2200947,买盘
553,14:07:46,258.55,0.03,5,129275,买盘
554,14:07:40,258.52,--,0,0,卖盘
555,14:07:36,258.52,-0.01,7,180964,卖盘
556,14:07:31,258.53,--,4,103411,卖盘
557,14:07:21,258.53,--,0,0,卖盘
558,14:07:16,258.53,-0.01,12,310235,卖盘
559,14:07:10,258.54,0.01,8,220017,买盘
560,14:07:06,258.53,--,6,155117,卖盘
561,14:07:01,258.53,-0.01,3,77558,卖盘
562,14:06:55,258.54,--,2,51708,买盘
563,14:06:51,258.54,--,2,51708,卖盘
564,14:06:46,258.54,--,11,284394,卖盘
565,14:06:40,258.54,-0.01,9,232686,卖盘
566,14:06:31,258.55,--,3,77565,卖盘
567,14:06:21,258.55,--,5,129275,卖盘
568,14:06:16,258.55,--,4,103420,卖盘
569,14:06:10,258.55,-0.02,6,155130,卖盘
570,14:06:06,258.57,0.02,1,25857,买盘
571,14:06:01,258.55,-0.02,21,542955,卖盘
572,14:05:55,258.57,0.02,8,206856,买盘
573,14:05:51,258.55,-0.02,1,25855,卖盘
574,14:05:45,258.57,--,1,25857,买盘
575,14:05:40,258.57,--,7,180999,买盘
576,14:05:36,258.57,-0.01,12,322695,卖盘
577,14:05:31,258.58,-0.04,1,25858,卖盘
578,14:05:25,258.62,--,0,0,中性盘
579,14:05:21,258.62,0.05,2,51724,买盘
580,14:05:15,258.57,--,2,51714,卖盘
581,14:05:10,258.57,--,5,129285,卖盘
582,14:05:06,258.57,-0.03,1,25857,卖盘
583,14:05:01,258.6,-0.08,1,25860,中性盘
584,14:04:45,258.68,0.06,3,77604,买盘
585,14:04:40,258.62,-0.06,4,103448,卖盘
586,14:04:31,258.68,--,2,51736,买盘
587,14:04:25,258.68,-0.06,6,178489,卖盘
588,14:04:21,258.74,--,0,0,买盘
589,14:04:15,258.74,--,3,77622,买盘
590,14:04:10,258.74,--,6,157831,买盘
591,14:04:01,258.74,0.05,1,25874,买盘
592,14:03:55,258.69,--,2,51738,卖盘
593,14:03:49,258.69,-0.05,1,25869,卖盘
594,14:03:45,258.74,--,4,103496,卖盘
595,14:03:40,258.74,-0.06,6,155244,卖盘
596,14:03:34,258.8,0.01,5,129400,买盘
597,14:03:30,258.79,--,0,0,中性盘
598,14:03:25,258.79,--,2,51758,中性盘
599,14:03:19,258.79,--,1,25879,卖盘
600,14:03:15,258.79,--,0,0,中性盘
601,14:03:10,258.79,-0.01,1,25879,卖盘
602,14:02:55,258.8,-0.01,13,358696,卖盘
603,14:02:49,258.81,0.01,7,184790,中性盘
604,14:02:45,258.8,--,11,284680,卖盘
605,14:02:40,258.8,--,24,621120,卖盘
606,14:02:34,258.8,--,4,103520,卖盘
607,14:02:31,258.8,-0.03,4,103520,卖盘
608,14:02:25,258.83,--,0,0,买盘
609,14:02:19,258.83,0.03,12,310596,买盘
610,14:02:15,258.8,--,2,51760,卖盘
611,14:02:10,258.8,--,9,232920,卖盘
612,14:02:04,258.8,-0.1,40,1035200,卖盘
613,14:01:55,258.9,-0.06,6,155340,卖盘
614,14:01:49,258.96,--,0,0,买盘
615,14:01:45,258.96,0.06,2,51791,买盘
616,14:01:40,258.9,-0.06,3,77670,卖盘
617,14:01:33,258.96,-0.04,1,25895,买盘
618,14:01:25,259.0,--,0,0,买盘
619,14:01:19,259.0,--,2,51800,买盘
620,14:01:15,259.0,0.04,4,103600,买盘
621,14:01:10,258.96,-0.04,1,25895,卖盘
622,14:01:00,259.0,--,5,129500,卖盘
623,14:00:55,259.0,--,4,103600,卖盘
624,14:00:45,259.0,0.1,167,4325300,买盘
625,14:00:40,258.9,-0.09,5,129449,卖盘
626,14:00:34,258.99,--,4,103596,卖盘
627,14:00:30,258.99,-0.01,6,155394,卖盘
628,14:00:25,259.0,--,23,595700,买盘
629,14:00:15,259.0,--,10,259000,买盘
630,14:00:10,259.0,-0.1,16,414400,中性盘
631,14:00:04,259.1,0.1,4,103640,买盘
632,14:00:00,259.0,0.01,13,336700,买盘
633,13:59:55,258.99,--,8,207192,卖盘
634,13:59:49,258.99,0.16,12,325809,买盘
635,13:59:45,258.83,-0.15,27,698841,卖盘
636,13:59:40,258.98,0.09,8,207184,买盘
637,13:59:34,258.89,--,2,51778,买盘
638,13:59:30,258.89,-0.01,3,77667,卖盘
639,13:59:25,258.9,0.07,15,388349,买盘
640,13:59:19,258.83,0.03,1,25883,买盘
641,13:59:15,258.8,--,8,207040,卖盘
642,13:59:10,258.8,0.12,32,828160,买盘
643,13:59:04,258.68,0.05,7,181076,买盘
644,13:59:00,258.63,-0.03,3,77589,卖盘
645,13:58:55,258.66,0.04,61,1580671,买盘
646,13:58:49,258.62,0.02,13,336206,买盘
647,13:58:45,258.6,--,1,25860,买盘
648,13:58:40,258.6,--,100,2586000,买盘
649,13:58:30,258.6,--,12,310320,买盘
650,13:58:25,258.6,0.03,8,215155,买盘
651,13:58:15,258.57,-0.03,1,25857,卖盘
652,13:58:10,258.6,-0.02,2,51720,买盘
653,13:58:00,258.62,0.02,25,651722,买盘
654,13:57:54,258.6,--,3,77580,卖盘
655,13:57:49,258.6,-0.02,7,181020,卖盘
656,13:57:39,258.62,0.02,6,155172,买盘
657,13:57:34,258.6,0.05,6,155160,买盘
658,13:57:24,258.55,-0.05,10,258550,卖盘
659,13:57:19,258.6,-0.02,1,25860,中性盘
660,13:57:04,258.62,-0.02,22,589653,卖盘
661,13:56:59,258.64,0.02,0,5172,中性盘
662,13:56:54,258.62,--,11,284482,卖盘
663,13:56:39,258.62,0.07,4,103448,买盘
664,13:56:28,258.55,--,0,0,卖盘
665,13:56:24,258.55,--,0,0,中性盘
666,13:56:19,258.55,0.02,1,25855,买盘
667,13:56:13,258.53,-0.03,8,206823,卖盘
668,13:56:09,258.56,0.01,1,41886,买盘
669,13:56:04,258.55,--,1,25855,卖盘
670,13:55:58,258.55,-0.11,12,310260,卖盘
671,13:55:54,258.66,--,0,0,买盘
672,13:55:43,258.66,--,0,0,买盘
673,13:55:39,258.66,-0.03,4,103464,卖盘
674,13:55:34,258.69,--,4,103476,买盘
675,13:55:04,258.69,0.03,11,284559,买盘
676,13:54:58,258.66,--,1,25866,卖盘
677,13:54:28,258.66,--,0,0,卖盘
678,13:54:24,258.66,-0.04,1,25866,卖盘
679,13:54:19,258.7,--,2,51740,买盘
680,13:54:04,258.7,0.15,6,155220,买盘
681,13:53:49,258.55,-0.24,6,169867,卖盘
682,13:53:43,258.79,--,0,0,买盘
683,13:53:34,258.79,--,3,77637,买盘
684,13:53:27,258.79,0.03,2,51758,买盘
685,13:53:24,258.76,-0.01,3,77628,卖盘
686,13:53:19,258.77,--,0,0,中性盘
687,13:53:04,258.77,0.03,1,25877,买盘
688,13:52:54,258.74,--,0,0,卖盘
689,13:52:49,258.74,0.19,11,292376,买盘
690,13:52:39,258.55,-0.11,1,25855,卖盘
691,13:52:28,258.66,-0.03,2,51732,卖盘
692,13:52:24,258.69,--,3,77607,买盘
693,13:52:19,258.69,--,0,0,买盘
694,13:52:09,258.69,--,7,181083,卖盘
695,13:51:54,258.69,--,3,77607,卖盘
696,13:51:49,258.69,--,2,51738,卖盘
697,13:51:34,258.69,-0.05,2,56911,卖盘
698,13:51:28,258.74,0.05,1,25874,买盘
699,13:51:19,258.69,--,4,103476,卖盘
700,13:51:09,258.69,--,6,155214,卖盘
701,13:51:04,258.69,0.15,2,51738,买盘
702,13:50:58,258.54,0.01,6,155124,买盘
703,13:50:54,258.53,--,12,310235,卖盘
704,13:50:49,258.53,0.01,15,388570,买盘
705,13:50:42,258.52,-0.01,2,51704,卖盘
706,13:50:39,258.53,0.01,6,155117,买盘
707,13:50:24,258.52,--,4,103408,卖盘
708,13:50:13,258.52,0.05,6,155112,买盘
709,13:50:09,258.47,0.01,1,25847,卖盘
710,13:50:04,258.46,-0.06,62,1602451,卖盘
711,13:49:58,258.52,-0.01,10,258519,卖盘
712,13:49:54,258.53,--,5,129264,买盘
713,13:49:49,258.53,0.01,21,542913,买盘
714,13:49:43,258.52,--,0,0,买盘
715,13:49:39,258.52,--,12,310224,买盘
716,13:49:34,258.52,--,2,51704,买盘
717,13:49:24,258.52,0.01,17,439483,买盘
718,13:49:19,258.51,-0.02,13,361138,卖盘
719,13:49:09,258.53,-0.16,1,25852,中性盘
720,13:49:04,258.69,--,0,0,买盘
721,13:48:58,258.69,0.16,4,103476,买盘
722,13:48:48,258.53,-0.16,0,5170,卖盘
723,13:48:38,258.69,0.11,7,181083,买盘
724,13:48:33,258.58,-0.11,4,103432,卖盘
725,13:48:28,258.69,--,4,103476,卖盘
726,13:48:22,258.69,-0.01,2,51738,卖盘
727,13:48:07,258.7,-0.04,6,155220,卖盘
728,13:48:03,258.74,-0.06,1,25874,卖盘
729,13:47:58,258.8,--,5,129400,买盘
730,13:47:52,258.8,0.05,1,25880,买盘
731,13:47:48,258.75,-0.05,1,25875,卖盘
732,13:47:37,258.8,-0.04,1,25880,卖盘
733,13:47:18,258.84,-0.01,3,77651,卖盘
734,13:47:13,258.85,--,3,77655,卖盘
735,13:47:07,258.85,-0.02,4,103540,卖盘
736,13:47:03,258.87,--,1,25887,买盘
737,13:46:58,258.87,--,0,0,买盘
738,13:46:52,258.87,-0.01,1,25887,买盘
739,13:46:48,258.88,--,0,0,中性盘
740,13:46:43,258.88,--,1,25888,卖盘
741,13:46:33,258.88,--,2,51776,卖盘
742,13:46:18,258.88,-0.11,4,103552,卖盘
743,13:46:13,258.99,0.01,13,357406,买盘
744,13:46:07,258.98,0.08,1,25898,买盘
745,13:45:58,258.9,-0.09,8,207119,卖盘
746,13:45:48,258.99,0.07,2,51798,中性盘
747,13:45:42,258.92,-0.01,12,310704,卖盘
748,13:45:37,258.93,--,1,25893,卖盘
749,13:45:33,258.93,-0.06,2,51786,卖盘
750,13:45:28,258.99,--,0,0,买盘
751,13:45:18,258.99,--,11,284889,中性盘
752,13:45:13,258.99,0.07,2,51798,买盘
753,13:45:03,258.92,-0.03,8,207136,卖盘
754,13:44:58,258.95,--,3,77685,卖盘
755,13:44:52,258.95,--,4,103580,买盘
756,13:44:48,258.95,0.04,10,258950,买盘
757,13:44:43,258.91,--,10,258910,卖盘
758,13:44:27,258.91,-0.04,3,77673,卖盘
759,13:44:22,258.95,--,1,25895,买盘
760,13:44:18,258.95,--,3,77685,买盘
761,13:44:12,258.95,0.04,2,51790,买盘
762,13:44:07,258.91,--,2,51782,卖盘
763,13:44:03,258.91,-0.04,4,103564,卖盘
764,13:43:57,258.95,--,0,0,买盘
765,13:43:48,258.95,0.03,4,103580,中性盘
766,13:43:33,258.92,-0.07,1,25892,卖盘
767,13:43:13,258.99,0.07,2,51798,买盘
768,13:42:58,258.92,0.02,1,25892,卖盘
769,13:42:52,258.9,--,2,51779,卖盘
770,13:42:48,258.9,--,1,25889,卖盘
771,13:42:28,258.9,--,2,56957,卖盘
772,13:42:12,258.9,0.02,2,51779,买盘
773,13:42:03,258.88,--,1,25888,买盘
774,13:41:48,258.88,0.04,1,25888,买盘
775,13:41:32,258.84,--,1,25883,买盘
776,13:41:27,258.84,-0.04,9,232955,卖盘
777,13:41:18,258.88,0.04,1,25888,买盘
778,13:41:12,258.84,--,0,0,买盘
779,13:41:03,258.84,0.14,4,103535,买盘
780,13:40:51,258.7,--,0,0,卖盘
781,13:40:47,258.7,0.01,7,189627,买盘
782,13:40:43,258.69,0.03,2,51738,买盘
783,13:40:28,258.66,0.06,2,51732,中性盘
784,13:40:06,258.6,-0.05,10,258600,卖盘
785,13:40:02,258.65,0.05,5,129324,卖盘
786,13:39:57,258.6,--,4,103440,卖盘
787,13:39:46,258.6,-0.08,1,25860,卖盘
788,13:39:42,258.68,--,5,129340,买盘
789,13:39:27,258.68,--,2,51736,卖盘
790,13:39:15,258.68,--,0,0,卖盘
791,13:39:06,258.68,-0.02,2,51736,卖盘
792,13:39:01,258.7,0.02,1,25870,买盘
793,13:38:57,258.68,-0.02,3,77604,卖盘
794,13:38:51,258.7,--,1,25870,买盘
795,13:38:46,258.7,--,2,51740,买盘
796,13:38:42,258.7,0.02,3,77610,买盘
797,13:38:21,258.68,--,7,181076,卖盘
798,13:38:06,258.68,0.05,6,155208,买盘
799,13:37:51,258.63,-0.05,2,51726,卖盘
800,13:37:36,258.68,0.08,11,284548,买盘
801,13:37:06,258.6,0.04,1,25860,买盘
802,13:37:00,258.56,--,0,21460,买盘
803,13:36:51,258.56,--,9,232704,买盘
804,13:36:46,258.56,-0.03,13,336128,卖盘
805,13:36:42,258.59,--,0,0,中性盘
806,13:36:36,258.59,0.03,18,465461,买盘
807,13:36:27,258.56,0.06,5,129280,买盘
808,13:36:21,258.5,--,0,0,卖盘
809,13:36:16,258.5,--,2,51700,卖盘
810,13:36:12,258.5,--,5,129250,卖盘
811,13:35:51,258.5,-0.06,10,278663,卖盘
812,13:35:42,258.56,0.08,10,279244,买盘
813,13:35:36,258.48,-0.01,18,465264,卖盘
814,13:35:27,258.49,--,24,620376,卖盘
815,13:35:22,258.49,-0.01,4,103396,卖盘
816,13:35:15,258.5,--,3,77550,买盘
817,13:35:12,258.5,--,4,103400,买盘
818,13:35:01,258.5,0.01,4,103400,买盘
819,13:34:57,258.49,-0.01,8,214805,卖盘
820,13:34:51,258.5,0.01,22,586536,买盘
821,13:34:45,258.49,--,2,59711,卖盘
822,13:34:42,258.49,-0.01,26,672074,卖盘
823,13:34:30,258.5,--,3,77550,买盘
824,13:34:27,258.5,0.01,1,25850,买盘
825,13:34:15,258.49,--,5,147080,卖盘
826,13:34:12,258.49,-0.01,16,413584,卖盘
827,13:34:06,258.5,0.01,11,284350,买盘
828,13:34:01,258.49,--,3,77547,卖盘
829,13:33:57,258.49,0.01,0,7754,买盘
830,13:33:52,258.48,-0.01,9,232632,卖盘
831,13:33:42,258.49,0.01,16,426250,买盘
832,13:33:36,258.48,-0.01,1,25848,卖盘
833,13:33:30,258.49,--,10,258490,买盘
834,13:33:27,258.49,--,3,77547,买盘
835,13:33:21,258.49,--,1,43943,卖盘
836,13:33:15,258.49,--,3,77547,卖盘
837,13:33:12,258.49,-0.01,26,672074,卖盘
838,13:33:06,258.5,--,4,103400,买盘
839,13:33:00,258.5,-0.08,25,646250,卖盘
840,13:32:51,258.58,-0.02,1,25858,买盘
841,13:32:41,258.6,-0.08,8,206880,买盘
842,13:32:36,258.68,--,9,232812,卖盘
843,13:32:25,258.68,0.08,6,155208,买盘
844,13:32:21,258.6,-0.01,4,103440,卖盘
845,13:32:15,258.61,--,0,0,中性盘
846,13:32:11,258.61,0.01,7,181027,卖盘
847,13:32:06,258.6,-0.1,1,25860,卖盘
848,13:31:56,258.7,--,6,155220,买盘
849,13:31:51,258.7,--,15,388050,买盘
850,13:31:45,258.7,-0.04,13,336310,买盘
851,13:31:41,258.74,-0.01,26,674017,卖盘
852,13:31:36,258.75,--,0,0,中性盘
853,13:31:26,258.75,0.01,2,51750,卖盘
854,13:31:15,258.74,--,1,25874,卖盘
855,13:31:06,258.74,--,21,543354,卖盘
856,13:31:00,258.74,-0.26,10,283320,中性盘
857,13:30:55,259.0,--,1,25900,买盘
858,13:30:51,259.0,0.4,6,155400,买盘
859,13:30:45,258.6,-0.14,24,620640,卖盘
860,13:30:39,258.74,-0.37,83,2147542,卖盘
861,13:30:36,259.11,0.11,2,51822,买盘
862,13:30:30,259.0,--,2,51800,卖盘
863,13:30:24,259.0,-0.11,4,103600,卖盘
864,13:30:21,259.11,0.03,7,181377,买盘
865,13:30:15,259.08,0.08,1,25908,中性盘
866,13:30:06,259.0,--,8,207200,卖盘
867,13:30:00,259.0,--,0,0,卖盘
868,13:29:51,259.0,-0.22,52,1346800,卖盘
869,13:29:45,259.22,0.22,2,51844,买盘
870,13:29:36,259.0,0.4,46,1191400,买盘
871,13:29:30,258.6,0.11,8,206880,买盘
872,13:29:24,258.49,-0.01,4,103396,卖盘
873,13:29:21,258.5,0.01,3,85305,卖盘
874,13:29:15,258.49,--,1,25849,买盘
875,13:29:09,258.49,0.04,3,77547,买盘
876,13:29:06,258.45,-0.04,14,361830,卖盘
877,13:29:00,258.49,0.04,2,51698,买盘
878,13:28:54,258.45,0.03,7,180915,买盘
879,13:28:45,258.42,0.13,2,64605,买盘
880,13:28:39,258.29,--,9,232461,买盘
881,13:28:36,258.29,0.01,1,25829,买盘
882,13:28:30,258.28,0.03,4,103311,买盘
883,13:28:21,258.25,--,4,103300,买盘
884,13:28:15,258.25,--,10,258250,买盘
885,13:28:09,258.25,--,5,129125,买盘
886,13:28:06,258.25,0.01,9,232425,买盘
887,13:28:00,258.24,-0.01,13,335712,卖盘
888,13:27:51,258.25,0.01,1,25825,买盘
889,13:27:45,258.24,0.01,13,335712,买盘
890,13:27:39,258.23,--,0,0,买盘
891,13:27:36,258.23,-0.01,16,413168,中性盘
892,13:27:30,258.24,0.05,1,25824,买盘
893,13:27:21,258.19,0.01,8,206552,卖盘
894,13:27:15,258.18,--,0,0,卖盘
895,13:27:06,258.18,0.18,16,421349,买盘
896,13:27:00,258.0,-0.18,38,997944,卖盘
897,13:26:54,258.18,-0.11,1,25818,卖盘
898,13:26:51,258.29,--,5,129145,买盘
899,13:26:45,258.29,--,5,129145,买盘
900,13:26:36,258.29,0.11,13,335777,买盘
901,13:26:30,258.18,0.18,10,266441,买盘
902,13:26:24,258.0,-0.25,51,1333344,卖盘
903,13:26:21,258.25,--,1,25825,卖盘
904,13:26:15,258.25,0.01,5,129125,买盘
905,13:26:09,258.24,0.04,1,25824,中性盘
906,13:26:06,258.2,--,56,1445920,卖盘
907,13:26:00,258.2,--,0,0,卖盘
908,13:25:54,258.2,0.15,2,51640,买盘
909,13:25:45,258.05,0.03,11,283855,卖盘
910,13:25:39,258.02,--,0,0,中性盘
911,13:25:36,258.02,-0.05,54,1393308,卖盘
912,13:25:30,258.07,0.06,3,77421,买盘
913,13:25:20,258.01,0.01,5,129005,卖盘
914,13:25:15,258.0,--,0,0,卖盘
915,13:25:09,258.0,--,4,112488,卖盘
916,13:25:06,258.0,--,20,540768,买盘
917,13:25:00,258.0,0.02,4,103200,买盘
918,13:24:54,257.98,-0.02,5,128990,卖盘
919,13:24:50,258.0,--,6,154800,买盘
920,13:24:45,258.0,--,1,25800,买盘
921,13:24:39,258.0,--,3,77400,买盘
922,13:24:35,258.0,-0.29,41,1058832,卖盘
923,13:24:30,258.29,--,13,335777,卖盘
924,13:24:20,258.29,--,3,102282,买盘
925,13:24:15,258.29,--,22,568238,买盘
926,13:24:09,258.29,--,4,103316,买盘
927,13:24:05,258.29,--,6,154974,买盘
928,13:24:00,258.29,--,0,0,买盘
929,13:23:50,258.29,-0.14,40,1033160,卖盘
930,13:23:45,258.43,0.14,21,542703,买盘
931,13:23:39,258.29,-0.09,3,77487,卖盘
932,13:23:35,258.38,-0.06,201,5193438,卖盘
933,13:23:30,258.44,0.02,2,51688,买盘
934,13:23:24,258.42,-0.02,4,103368,卖盘
935,13:23:20,258.44,-0.06,6,155064,卖盘
936,13:23:15,258.5,--,2,51700,买盘
937,13:23:09,258.5,--,2,51700,买盘
938,13:23:05,258.5,-0.24,43,1111550,卖盘
939,13:23:00,258.74,--,8,206992,卖盘
940,13:22:54,258.74,-0.01,4,103496,卖盘
941,13:22:50,258.75,0.01,3,77625,买盘
942,13:22:45,258.74,-0.01,31,802094,卖盘
943,13:22:39,258.75,0.01,13,336375,买盘
944,13:22:33,258.74,-0.01,2,51748,卖盘
945,13:22:30,258.75,0.01,4,103500,买盘
946,13:22:24,258.74,-0.01,5,129370,卖盘
947,13:22:15,258.75,-0.05,16,414000,卖盘
948,13:22:09,258.8,0.02,11,284680,买盘
949,13:22:03,258.78,0.03,2,51755,买盘
950,13:22:00,258.75,-0.05,2,51750,卖盘
951,13:21:54,258.8,--,15,388200,卖盘
952,13:21:48,258.8,--,6,155280,卖盘
953,13:21:45,258.8,--,3,77640,卖盘
954,13:21:39,258.8,--,2,51760,卖盘
955,13:21:30,258.8,-0.05,12,310560,卖盘
956,13:21:24,258.85,-0.03,1,25885,卖盘
957,13:21:15,258.88,--,1,25888,买盘
958,13:21:09,258.88,-0.02,15,388320,卖盘
959,13:21:03,258.9,--,9,233009,买盘
960,13:21:00,258.9,--,23,595470,买盘
961,13:20:54,258.9,-0.01,126,3262139,卖盘
962,13:20:45,258.91,--,6,155346,买盘
963,13:20:39,258.91,-0.06,12,310692,卖盘
964,13:20:30,258.97,--,1,25897,买盘
965,13:20:24,258.97,-0.01,1,25897,中性盘
966,13:20:15,258.98,--,6,155388,买盘
967,13:20:09,258.98,--,2,51796,买盘
968,13:20:00,258.98,-0.02,48,1243104,卖盘
969,13:19:54,259.0,0.01,7,181300,买盘
970,13:19:45,258.99,0.01,12,310788,中性盘
971,13:19:39,258.98,-0.02,34,880532,卖盘
972,13:19:33,259.0,0.02,2,51800,买盘
973,13:19:18,258.98,-0.02,3,77694,卖盘
974,13:19:15,259.0,0.02,1,25900,买盘
975,13:19:09,258.98,--,2,51796,卖盘
976,13:19:03,258.98,--,1,25898,卖盘
977,13:19:00,258.98,0.1,9,233082,买盘
978,13:18:54,258.88,--,0,0,卖盘
979,13:18:48,258.88,-0.01,12,310656,卖盘
980,13:18:45,258.89,-0.01,10,258890,卖盘
981,13:18:39,258.9,-0.09,18,466019,卖盘
982,13:18:33,258.99,0.09,20,517980,买盘
983,13:18:30,258.9,-0.08,2,51779,卖盘
984,13:18:24,258.98,0.08,1,25898,买盘
985,13:18:15,258.9,--,2,51779,卖盘
986,13:18:03,258.9,--,2,51779,卖盘
987,13:18:00,258.9,-0.1,2,51779,卖盘
988,13:17:33,259.0,-0.5,228,5930064,卖盘
989,13:17:29,259.5,--,11,285450,买盘
990,13:17:24,259.5,-0.29,64,1673775,卖盘
991,13:17:18,259.79,-0.01,1,25979,买盘
992,13:17:09,259.8,--,0,0,买盘
993,13:16:59,259.8,--,22,571560,买盘
994,13:16:44,259.8,--,1,25980,买盘
995,13:16:39,259.8,0.21,19,493620,买盘
996,13:16:29,259.59,-0.2,1,25958,卖盘
997,13:16:24,259.79,0.2,1,25979,买盘
998,13:16:18,259.59,--,1,25958,卖盘
999,13:16:09,259.59,--,0,0,卖盘
1000,13:16:03,259.59,--,3,77876,卖盘
1001,13:15:54,259.59,-0.3,40,1038359,卖盘
1002,13:15:48,259.89,--,0,0,卖盘
1003,13:15:44,259.89,--,0,0,卖盘
1004,13:15:39,259.89,0.01,16,415824,卖盘
1005,13:15:29,259.88,--,0,0,卖盘
1006,13:15:24,259.88,--,20,519760,卖盘
1007,13:15:13,259.88,-0.08,5,129940,卖盘
1008,13:15:09,259.96,0.08,1,25995,买盘
1009,13:15:03,259.88,--,8,207904,卖盘
1010,13:14:48,259.88,-0.09,8,207904,卖盘
1011,13:14:44,259.97,0.05,2,51994,买盘
1012,13:14:29,259.92,--,7,181944,卖盘
1013,13:14:24,259.92,--,2,51984,卖盘
1014,13:14:18,259.92,--,2,51984,卖盘
1015,13:14:14,259.92,--,0,0,卖盘
1016,13:14:09,259.92,-0.01,7,181944,卖盘
1017,13:13:54,259.93,-0.04,1,25993,卖盘
1018,13:13:48,259.97,--,4,103988,买盘
1019,13:13:42,259.97,0.02,5,129985,买盘
1020,13:13:39,259.95,--,20,519900,买盘
1021,13:13:27,259.95,0.05,1,25995,买盘
1022,13:13:12,259.9,0.02,9,233909,买盘
1023,13:13:09,259.88,0.01,60,1559280,卖盘
1024,13:13:03,259.87,0.04,5,129935,买盘
1025,13:12:54,259.83,0.03,3,77949,卖盘
1026,13:12:48,259.8,0.21,8,207840,买盘
1027,13:12:42,259.59,--,3,77876,卖盘
1028,13:12:39,259.59,--,40,1038359,卖盘
1029,13:12:33,259.59,--,0,0,卖盘
1030,13:12:24,259.59,--,3,77876,卖盘
1031,13:12:18,259.59,--,0,0,卖盘
1032,13:12:12,259.59,-0.28,1,25958,卖盘
1033,13:12:09,259.87,0.28,1,25987,中性盘
1034,13:11:53,259.59,-0.3,2,51917,卖盘
1035,13:11:48,259.89,0.3,4,103956,买盘
1036,13:11:38,259.59,-0.31,10,259589,卖盘
1037,13:11:23,259.9,0.28,6,155940,买盘
1038,13:11:18,259.62,0.03,1,25962,卖盘
1039,13:10:53,259.59,-0.36,2,51917,卖盘
1040,13:10:42,259.95,--,0,0,买盘
1041,13:10:38,259.95,0.34,10,259950,买盘
1042,13:10:27,259.61,0.01,1,25961,买盘
1043,13:10:23,259.6,--,1,25960,中性盘
1044,13:10:03,259.6,-0.01,1,25960,买盘
1045,13:09:48,259.61,--,0,0,中性盘
1046,13:09:42,259.61,0.02,5,129805,卖盘
1047,13:09:38,259.59,-0.01,5,129794,卖盘
1048,13:09:33,259.6,-0.01,0,12980,卖盘
1049,13:09:18,259.61,0.01,1,25961,买盘
1050,13:09:02,259.6,--,7,181720,卖盘
1051,13:08:38,259.6,0.01,7,181720,买盘
1052,13:08:23,259.59,-0.01,2,51917,卖盘
1053,13:08:18,259.6,--,1,25960,买盘
1054,13:08:12,259.6,--,2,51920,买盘
1055,13:07:53,259.6,--,1,25960,买盘
1056,13:07:48,259.6,-0.01,1,25960,卖盘
1057,13:07:38,259.61,--,0,0,中性盘
1058,13:07:33,259.61,-0.19,2,51922,卖盘
1059,13:07:27,259.8,-0.05,3,77940,买盘
1060,13:07:18,259.85,--,0,0,买盘
1061,13:07:08,259.85,-0.1,1,25985,买盘
1062,13:07:03,259.95,--,0,0,中性盘
1063,13:06:57,259.95,0.34,1,25995,买盘
1064,13:06:53,259.61,-0.35,1,25961,卖盘
1065,13:06:48,259.96,--,2,51991,卖盘
1066,13:06:37,259.96,-0.01,5,129979,卖盘
1067,13:06:33,259.97,0.01,1,25997,买盘
1068,13:06:03,259.96,0.08,74,1923703,买盘
1069,13:05:42,259.88,0.28,1,25988,买盘
1070,13:05:37,259.6,--,1,25960,卖盘
1071,13:05:27,259.6,--,7,181720,买盘
1072,13:05:21,259.6,0.01,1,25960,买盘
1073,13:05:18,259.59,-0.01,8,207671,卖盘
1074,13:05:03,259.6,--,1,25960,买盘
1075,13:04:57,259.6,--,6,155760,卖盘
1076,13:04:42,259.6,-0.01,2,51920,卖盘
1077,13:04:32,259.61,--,5,129805,卖盘
1078,13:04:27,259.61,0.01,9,233649,买盘
1079,13:04:17,259.6,--,5,129800,卖盘
1080,13:04:12,259.6,--,2,51920,买盘
1081,13:03:56,259.6,-0.01,19,493240,卖盘
1082,13:03:51,259.61,--,1,25961,卖盘
1083,13:03:47,259.61,--,1,25961,卖盘
1084,13:03:17,259.61,--,0,0,卖盘
1085,13:03:12,259.61,-0.33,2,51922,卖盘
1086,13:03:02,259.94,-0.04,1,25994,中性盘
1087,13:02:47,259.98,--,0,0,买盘
1088,13:02:42,259.98,--,0,0,买盘
1089,13:02:32,259.98,--,0,0,买盘
1090,13:02:21,259.98,--,2,51996,买盘
1091,13:02:12,259.98,--,9,233982,买盘
1092,13:01:57,259.98,--,7,181986,卖盘
1093,13:01:47,259.98,-0.01,1,25998,卖盘
1094,13:01:32,259.99,0.01,5,129995,买盘
1095,13:01:12,259.98,0.37,1,25998,买盘
1096,13:01:02,259.61,--,1,25961,卖盘
1097,13:00:57,259.61,--,2,51922,卖盘
1098,13:00:47,259.61,0.02,2,51922,卖盘
1099,13:00:42,259.59,--,0,0,卖盘
1100,13:00:36,259.59,--,0,0,卖盘
1101,13:00:32,259.59,--,7,181712,卖盘
1102,13:00:27,259.59,--,1,25958,卖盘
1103,13:00:20,259.59,--,1,25958,卖盘
1104,13:00:16,259.59,0.08,4,103835,买盘
1105,13:00:12,259.51,0.1,12,311412,买盘
1106,13:00:06,259.41,-0.1,7,181587,卖盘
1107,13:00:02,259.51,-0.08,17,441167,卖盘
1108,11:30:00,259.59,--,0,0,买盘
1109,11:30:00,259.59,--,0,0,买盘
1110,11:29:58,259.59,-0.33,30,778769,卖盘
1111,11:29:52,259.92,0.02,3,77976,买盘
1112,11:29:49,259.9,0.01,7,181929,买盘
1113,11:29:43,259.89,0.28,3,77967,买盘
1114,11:29:36,259.61,--,0,0,中性盘
1115,11:29:34,259.61,0.02,1,28557,买盘
1116,11:29:28,259.59,--,1,25958,买盘
1117,11:29:22,259.59,0.09,3,77876,买盘
1118,11:29:19,259.5,0.09,0,16867,买盘
1119,11:29:12,259.41,-0.09,1,25941,卖盘
1120,11:29:07,259.5,--,0,0,买盘
1121,11:29:03,259.5,--,2,51900,买盘
1122,11:28:58,259.5,0.09,6,155700,买盘
1123,11:28:51,259.41,0.01,1,25941,买盘
1124,11:28:48,259.4,0.1,2,64849,买盘
1125,11:28:42,259.3,-0.1,1,25930,卖盘
1126,11:28:22,259.4,--,1,25939,买盘
1127,11:28:13,259.4,--,9,233459,买盘
1128,11:28:07,259.4,0.01,2,51879,买盘
1129,11:28:03,259.39,-0.01,1,25939,买盘
1130,11:27:58,259.4,--,0,0,买盘
1131,11:27:52,259.4,0.15,3,77820,买盘
1132,11:27:48,259.25,-0.15,1,25925,卖盘
1133,11:27:43,259.4,--,4,103759,买盘
1134,11:27:33,259.4,0.11,5,129699,买盘
1135,11:27:28,259.29,0.07,15,388935,买盘
1136,11:27:21,259.22,--,0,0,卖盘
1137,11:27:18,259.22,--,0,0,卖盘
1138,11:27:13,259.22,-0.03,8,233038,卖盘
1139,11:27:07,259.25,-0.04,11,296582,卖盘
1140,11:27:03,259.29,0.04,11,305443,买盘
1141,11:26:58,259.25,-0.04,2,51850,卖盘
1142,11:26:51,259.29,0.04,4,103716,买盘
1143,11:26:48,259.25,-0.04,0,20221,卖盘
1144,11:26:43,259.29,0.07,5,129645,买盘
1145,11:26:37,259.22,-0.05,2,51844,卖盘
1146,11:26:33,259.27,0.11,1,25927,买盘
1147,11:26:28,259.16,-0.11,6,165344,卖盘
1148,11:26:18,259.27,0.05,1,46150,买盘
1149,11:26:07,259.22,-0.07,1,25922,卖盘
1150,11:26:03,259.29,--,21,544509,买盘
1151,11:25:58,259.29,--,0,0,买盘
1152,11:25:52,259.29,0.01,1,25929,买盘
1153,11:25:48,259.28,--,2,72079,买盘
1154,11:25:43,259.28,-0.01,3,83488,卖盘
1155,11:25:33,259.29,0.01,5,129645,买盘
1156,11:25:28,259.28,-0.01,1,46151,卖盘
1157,11:25:22,259.29,--,2,51858,买盘
1158,11:25:18,259.29,0.01,1,25929,买盘
1159,11:25:12,259.28,--,1,25927,买盘
1160,11:25:07,259.28,--,1,46151,买盘
1161,11:25:03,259.28,0.03,3,77783,买盘
1162,11:24:57,259.25,--,1,25925,买盘
1163,11:24:52,259.25,-0.02,13,357246,买盘
1164,11:24:48,259.27,--,1,25927,卖盘
1165,11:24:42,259.27,--,6,155562,买盘
1166,11:24:37,259.27,--,3,77781,买盘
1167,11:24:33,259.27,0.1,3,77781,买盘
1168,11:24:27,259.17,-0.1,0,20215,卖盘
1169,11:24:22,259.27,--,1,25927,买盘
1170,11:24:12,259.27,0.11,2,51854,买盘
1171,11:24:07,259.16,-0.11,4,123878,中性盘
1172,11:24:01,259.27,0.12,1,25927,买盘
1173,11:23:51,259.15,0.01,1,46128,卖盘
1174,11:23:45,259.14,0.01,2,57010,买盘
1175,11:23:42,259.13,-0.01,7,187091,卖盘
1176,11:23:37,259.14,--,3,77742,卖盘
1177,11:23:27,259.14,-0.01,1,46126,卖盘
1178,11:23:22,259.15,0.01,6,155490,买盘
1179,11:23:12,259.14,--,1,25914,买盘
1180,11:23:07,259.14,0.01,17,460750,买盘
1181,11:23:01,259.13,-0.01,1,25913,卖盘
1182,11:22:57,259.14,--,2,51828,买盘
1183,11:22:52,259.14,--,10,279352,中性盘
1184,11:22:46,259.14,0.01,1,25914,买盘
1185,11:22:42,259.13,-0.01,3,77739,卖盘
1186,11:22:37,259.14,0.01,4,103656,买盘
1187,11:22:31,259.13,--,0,0,卖盘
1188,11:22:27,259.13,-0.02,0,20212,卖盘
1189,11:22:22,259.15,0.01,2,51829,买盘
1190,11:22:16,259.14,--,2,51828,买盘
1191,11:22:12,259.14,-0.04,15,388710,卖盘
1192,11:21:57,259.18,--,10,259180,卖盘
1193,11:21:52,259.18,--,0,0,中性盘
1194,11:21:42,259.18,-0.11,1,25918,买盘
1195,11:21:37,259.29,--,0,0,买盘
1196,11:21:31,259.29,--,11,285219,买盘
1197,11:21:27,259.29,0.11,11,285219,买盘
1198,11:21:21,259.18,-0.11,0,8812,卖盘
1199,11:21:16,259.29,-0.01,1,25929,买盘
1200,11:21:12,259.3,--,0,0,买盘
1201,11:21:07,259.3,0.17,4,103720,买盘
1202,11:20:57,259.13,--,0,0,卖盘
1203,11:20:52,259.13,-0.27,10,276232,卖盘
1204,11:20:42,259.4,--,9,246429,卖盘
1205,11:20:37,259.4,--,2,51879,卖盘
1206,11:20:27,259.4,0.28,1,47729,买盘
1207,11:20:22,259.12,--,0,0,卖盘
1208,11:20:06,259.12,-0.08,20,518240,卖盘
1209,11:20:01,259.2,-0.1,1,25920,卖盘
1210,11:19:57,259.3,--,1,38895,买盘
1211,11:19:52,259.3,0.14,3,80383,买盘
1212,11:19:46,259.16,0.03,2,51832,卖盘
1213,11:19:42,259.13,--,9,233217,卖盘
1214,11:19:37,259.13,0.01,1,25913,卖盘
1215,11:19:31,259.12,--,3,77736,卖盘
1216,11:19:27,259.12,--,0,0,卖盘
1217,11:19:22,259.12,0.01,39,1024301,买盘
1218,11:19:16,259.11,--,6,155466,卖盘
1219,11:19:12,259.11,0.01,4,123854,卖盘
1220,11:19:07,259.1,-0.02,15,388650,卖盘
1221,11:19:01,259.12,0.02,2,51824,买盘
1222,11:18:57,259.1,-0.01,6,177742,卖盘
1223,11:18:52,259.11,0.01,28,725508,买盘
1224,11:18:46,259.1,--,0,0,卖盘
1225,11:18:42,259.1,-0.02,11,285010,卖盘
1226,11:18:37,259.12,0.02,10,259120,买盘
1227,11:18:31,259.1,-0.02,6,155460,卖盘
1228,11:18:27,259.12,0.02,16,414592,买盘
1229,11:18:22,259.1,-0.02,3,77730,卖盘
1230,11:18:12,259.12,--,6,155472,卖盘
1231,11:18:07,259.12,-0.02,12,310944,卖盘
1232,11:18:01,259.14,--,2,51828,买盘
1233,11:17:57,259.14,-0.06,21,544194,卖盘
1234,11:17:52,259.2,0.01,4,103680,买盘
1235,11:17:46,259.19,-0.01,3,77757,卖盘
1236,11:17:42,259.2,--,0,0,中性盘
1237,11:17:37,259.2,-0.11,11,298080,卖盘
1238,11:17:31,259.31,0.01,23,596413,买盘
1239,11:17:27,259.3,-0.01,47,1218710,卖盘
1240,11:17:22,259.31,-0.02,30,777930,卖盘
1241,11:17:12,259.33,--,2,51866,中性盘
1242,11:17:06,259.33,-0.04,6,155598,卖盘
1243,11:17:01,259.37,--,3,98560,卖盘
1244,11:16:55,259.37,--,8,207496,卖盘
1245,11:16:51,259.37,-0.05,7,181559,卖盘
1246,11:16:46,259.42,-0.08,3,77826,中性盘
1247,11:16:40,259.5,0.1,3,83040,买盘
1248,11:16:36,259.4,0.03,4,103759,买盘
1249,11:16:31,259.37,-0.05,3,86888,卖盘
1250,11:16:24,259.42,0.12,0,16862,买盘
1251,11:16:21,259.3,-0.12,9,246335,卖盘
1252,11:16:16,259.42,0.11,43,1115506,买盘
1253,11:16:10,259.31,--,1,28524,卖盘
1254,11:16:06,259.31,0.01,9,233379,中性盘
1255,11:16:01,259.3,--,54,1400220,卖盘
1256,11:15:55,259.3,--,10,259300,卖盘
1257,11:15:51,259.3,--,2,51860,卖盘
1258,11:15:46,259.3,--,0,0,卖盘
1259,11:15:39,259.3,-0.11,15,412287,卖盘
1260,11:15:36,259.41,-0.01,17,440997,卖盘
1261,11:15:25,259.42,0.02,2,51884,买盘
1262,11:15:21,259.4,-0.1,16,432160,卖盘
1263,11:15:16,259.5,--,39,1012050,卖盘
1264,11:15:10,259.5,-0.01,28,726600,卖盘
1265,11:15:06,259.51,0.01,33,856383,买盘
1266,11:15:00,259.5,-0.1,20,519000,卖盘
1267,11:14:55,259.6,--,7,181720,卖盘
1268,11:14:51,259.6,-0.02,7,181720,卖盘
1269,11:14:46,259.62,-0.18,2,51924,卖盘
1270,11:14:40,259.8,-0.08,1,25980,卖盘
1271,11:14:36,259.88,-0.02,55,1450390,卖盘
1272,11:14:31,259.9,--,1,25989,卖盘
1273,11:14:25,259.9,--,8,207919,卖盘
1274,11:14:21,259.9,--,7,181929,卖盘
1275,11:14:16,259.9,--,8,207919,卖盘
1276,11:14:10,259.9,-0.08,1,25989,卖盘
1277,11:14:01,259.98,0.06,10,259980,买盘
1278,11:13:51,259.92,0.02,1,25992,买盘
1279,11:13:46,259.9,--,0,0,卖盘
1280,11:13:40,259.9,-0.07,100,2599000,卖盘
1281,11:13:25,259.97,0.05,2,51994,买盘
1282,11:13:21,259.92,-0.01,3,77976,中性盘
1283,11:13:15,259.93,--,4,103972,买盘
1284,11:13:06,259.93,--,1,25993,买盘
1285,11:13:01,259.93,-0.07,6,155958,买盘
1286,11:12:55,260.0,--,0,0,买盘
1287,11:12:51,260.0,0.02,47,1227200,买盘
1288,11:12:45,259.98,0.08,5,129990,买盘
1289,11:12:36,259.9,-0.08,5,129949,卖盘
1290,11:12:31,259.98,0.08,3,77994,买盘
1291,11:12:16,259.9,--,1,25989,卖盘
1292,11:12:06,259.9,--,0,0,卖盘
1293,11:12:01,259.9,--,2,51979,卖盘
1294,11:11:51,259.9,-0.09,1,25989,卖盘
1295,11:11:36,259.99,0.01,1,25999,买盘
1296,11:11:31,259.98,--,0,0,中性盘
1297,11:11:25,259.98,--,0,0,中性盘
1298,11:11:21,259.98,-0.01,11,285978,中性盘
1299,11:11:15,259.99,0.08,2,51998,买盘
1300,11:11:10,259.91,-0.08,1,25991,卖盘
1301,11:11:06,259.99,-0.01,5,129995,卖盘
1302,11:11:01,260.0,0.01,18,468000,买盘
1303,11:10:55,259.99,--,1,25999,卖盘
1304,11:10:51,259.99,0.01,1,25999,买盘
1305,11:10:46,259.98,--,1,25998,卖盘
1306,11:10:39,259.98,--,12,311976,买盘
1307,11:10:36,259.98,0.08,1,25998,中性盘
1308,11:10:25,259.9,--,0,0,卖盘
1309,11:10:21,259.9,-0.09,1,51720,卖盘
1310,11:10:16,259.99,--,4,104255,卖盘
1311,11:10:06,259.99,-0.01,0,25739,卖盘
1312,11:09:45,260.0,--,137,3579680,卖盘
1313,11:09:35,260.0,--,10,260000,卖盘
1314,11:09:31,260.0,0.01,40,1048320,买盘
1315,11:09:21,259.99,-0.01,4,103996,卖盘
1316,11:09:10,260.0,--,1,26000,买盘
1317,11:09:06,260.0,--,12,312000,买盘
1318,11:08:55,260.0,-0.01,8,208000,卖盘
1319,11:08:51,260.01,0.01,1,26001,卖盘
1320,11:08:46,260.0,--,0,0,卖盘
1321,11:08:39,260.0,-0.01,200,5200000,卖盘
1322,11:08:34,260.01,--,1,26001,卖盘
1323,11:08:30,260.01,--,1,26001,买盘
1324,11:08:15,260.01,--,5,130005,中性盘
1325,11:08:09,260.01,0.01,14,364014,买盘
1326,11:08:04,260.0,--,0,21580,卖盘
1327,11:08:00,260.0,--,24,626080,买盘
1328,11:07:45,260.0,--,83,2177500,卖盘
1329,11:07:40,260.0,--,5,130000,卖盘
1330,11:07:34,260.0,--,13,338000,卖盘
1331,11:07:30,260.0,--,1,26000,卖盘
1332,11:07:24,260.0,-0.01,55,1434420,卖盘
1333,11:07:19,260.01,0.01,1,26001,买盘
1334,11:07:15,260.0,--,10,260000,卖盘
1335,11:07:10,260.0,0.01,136,3538080,买盘
1336,11:07:04,259.99,0.09,12,311988,买盘
1337,11:07:00,259.9,-0.09,3,77970,卖盘
1338,11:06:54,259.99,0.09,1,25999,买盘
1339,11:06:49,259.9,-0.1,30,779699,卖盘
1340,11:06:45,260.0,--,0,0,买盘
1341,11:06:34,260.0,--,0,0,买盘
1342,11:06:30,260.0,--,68,1785160,卖盘
1343,11:06:25,260.0,--,32,836680,卖盘
1344,11:06:15,260.0,-0.01,94,2464800,卖盘
1345,11:06:10,260.01,--,3,78003,买盘
1346,11:06:04,260.01,--,8,229588,买盘
1347,11:05:48,260.01,--,6,156006,买盘
1348,11:05:45,260.01,--,9,258449,买盘
1349,11:05:30,260.01,0.01,2,52002,买盘
1350,11:05:25,260.0,--,30,801580,卖盘
1351,11:05:19,260.0,--,1,26000,卖盘
1352,11:05:15,260.0,-0.01,25,650000,卖盘
1353,11:05:09,260.01,0.01,2,52002,买盘
1354,11:05:04,260.0,--,15,407160,卖盘
1355,11:05:00,260.0,-0.01,201,5226000,卖盘
1356,11:04:55,260.01,0.01,2,52002,买盘
1357,11:04:48,260.0,--,1,26000,卖盘
1358,11:04:45,260.0,--,2,52000,卖盘
1359,11:04:40,260.0,-0.03,58,1528280,卖盘
1360,11:04:30,260.03,--,8,208023,卖盘
1361,11:04:25,260.03,--,0,21582,卖盘
1362,11:04:19,260.03,--,2,52005,卖盘
1363,11:04:15,260.03,-0.01,28,728083,卖盘
1364,11:04:09,260.04,0.01,5,130020,买盘
1365,11:04:04,260.03,-0.01,12,333618,卖盘
1366,11:04:00,260.04,--,1,26004,买盘
1367,11:03:55,260.04,0.01,1,26004,买盘
1368,11:03:48,260.03,--,1,26002,卖盘
1369,11:03:45,260.03,--,0,21582,卖盘
1370,11:03:40,260.03,--,1,26002,卖盘
1371,11:03:30,260.03,0.12,10,281612,买盘
1372,11:03:25,259.91,-0.09,2,51982,卖盘
1373,11:03:15,260.0,--,2,65000,卖盘
1374,11:03:10,260.0,--,10,279500,买盘
1375,11:03:03,260.0,0.1,9,234000,买盘
1376,11:03:00,259.9,-0.1,1,25989,卖盘
1377,11:02:55,260.0,--,1,26000,买盘
1378,11:02:45,260.0,--,174,4537260,卖盘
1379,11:02:40,260.0,-0.04,13,338000,卖盘
1380,11:02:33,260.04,0.04,108,2808432,买盘
1381,11:02:24,260.0,--,34,896740,卖盘
1382,11:02:19,260.0,--,0,0,卖盘
1383,11:02:15,260.0,--,114,2964000,买盘
1384,11:02:00,260.0,-0.04,25,650000,卖盘
1385,11:01:55,260.04,0.04,1,26004,买盘
1386,11:01:48,260.0,-0.04,107,2782000,卖盘
1387,11:01:39,260.04,--,13,338052,卖盘
1388,11:01:34,260.04,--,1,26004,卖盘
1389,11:01:29,260.04,-0.31,1,26004,卖盘
1390,11:01:25,260.35,0.25,16,416560,买盘
1391,11:01:18,260.1,--,1,26010,买盘
1392,11:01:15,260.1,--,1,26010,卖盘
1393,11:01:10,260.1,-0.2,4,108461,卖盘
1394,11:01:03,260.3,-0.05,1,47634,卖盘
1395,11:01:00,260.35,--,2,52070,中性盘
1396,11:00:55,260.35,--,1,26035,卖盘
1397,11:00:48,260.35,-0.1,32,833120,卖盘
1398,11:00:45,260.45,--,15,403437,卖盘
1399,11:00:39,260.45,0.16,54,1406430,买盘
1400,11:00:33,260.29,-0.07,1,26029,卖盘
1401,11:00:30,260.36,--,0,0,买盘
1402,11:00:24,260.36,-0.04,6,156216,卖盘
1403,11:00:18,260.4,--,2,52079,买盘
1404,11:00:10,260.4,-0.06,4,104159,中性盘
1405,11:00:03,260.46,0.01,9,234413,买盘
1406,11:00:00,260.45,--,12,312540,买盘
1407,10:59:54,260.45,-0.01,2,52090,中性盘
1408,10:59:49,260.46,--,8,208367,卖盘
1409,10:59:43,260.46,--,1,26045,卖盘
1410,10:59:39,260.46,--,1,26045,卖盘
1411,10:59:27,260.46,--,1,26045,卖盘
1412,10:59:24,260.46,0.11,1,26045,中性盘
1413,10:59:18,260.35,0.06,25,650875,中性盘
1414,10:59:09,260.29,--,1,26029,卖盘
1415,10:59:03,260.29,0.11,3,99691,卖盘
1416,10:58:58,260.18,--,0,0,卖盘
1417,10:58:54,260.18,-0.11,21,546378,卖盘
1418,10:58:48,260.29,0.08,6,156174,买盘
1419,10:58:43,260.21,0.03,0,21597,卖盘
1420,10:58:34,260.18,0.14,7,182126,买盘
1421,10:58:27,260.04,--,20,520080,卖盘
1422,10:58:24,260.04,--,0,21583,卖盘
1423,10:58:13,260.04,0.04,9,235336,买盘
1424,10:58:09,260.0,--,9,234000,买盘
1425,10:58:03,260.0,0.05,37,962000,买盘
1426,10:57:54,259.95,0.04,2,51990,卖盘
1427,10:57:39,259.91,--,1,25991,卖盘
1428,10:57:33,259.91,0.02,2,51982,卖盘
1429,10:57:24,259.89,0.29,9,233901,买盘
1430,10:57:18,259.6,-0.37,8,207680,卖盘
1431,10:57:12,259.97,0.08,14,366817,买盘
1432,10:57:09,259.89,--,12,311868,卖盘
1433,10:57:04,259.89,-0.01,15,389835,卖盘
1434,10:56:57,259.9,--,0,0,买盘
1435,10:56:54,259.9,0.02,4,103959,买盘
1436,10:56:48,259.88,--,7,181916,中性盘
1437,10:56:42,259.88,--,0,0,中性盘
1438,10:56:39,259.88,0.37,5,138775,中性盘
1439,10:56:33,259.51,-0.37,12,311412,中性盘
1440,10:56:24,259.88,0.38,3,77964,买盘
1441,10:56:18,259.5,0.1,1,25950,卖盘
1442,10:56:12,259.4,--,0,0,卖盘
1443,10:56:09,259.4,--,0,0,卖盘
1444,10:56:03,259.4,--,6,158234,卖盘
1445,10:55:57,259.4,-0.1,3,77820,卖盘
1446,10:55:54,259.5,0.23,16,415200,买盘
1447,10:55:48,259.27,-0.13,3,77781,中性盘
1448,10:55:39,259.4,0.15,2,51879,买盘
1449,10:55:33,259.25,--,7,181475,买盘
1450,10:55:27,259.25,0.11,1,25925,买盘
1451,10:55:24,259.14,-0.26,5,129570,卖盘
1452,10:55:18,259.4,0.27,4,103759,买盘
1453,10:55:12,259.13,-0.29,4,103652,卖盘
1454,10:55:09,259.42,--,4,103768,买盘
1455,10:55:03,259.42,0.31,14,363188,买盘
1456,10:54:57,259.11,--,2,51822,卖盘
1457,10:54:54,259.11,-0.3,30,777330,卖盘
1458,10:54:48,259.41,0.3,8,207528,买盘
1459,10:54:42,259.11,--,1,25911,卖盘
1460,10:54:39,259.11,-0.3,5,129555,中性盘
1461,10:54:33,259.41,0.41,5,129705,中性盘
1462,10:54:27,259.0,--,0,0,卖盘
1463,10:54:24,259.0,--,0,0,卖盘
1464,10:54:18,259.0,-0.4,121,3133900,卖盘
1465,10:54:12,259.4,--,0,0,中性盘
1466,10:54:09,259.4,0.39,9,233459,买盘
1467,10:54:03,259.01,-0.49,24,621624,卖盘
1468,10:53:57,259.5,--,2,51900,卖盘
1469,10:53:54,259.5,--,18,467100,卖盘
1470,10:53:48,259.5,-0.3,15,389250,卖盘
1471,10:53:42,259.8,0.3,1,25980,中性盘
1472,10:53:39,259.5,-0.5,9,233550,卖盘
1473,10:53:33,260.0,--,35,910000,卖盘
1474,10:53:27,260.0,--,32,832000,卖盘
1475,10:53:23,260.0,--,14,364000,卖盘
1476,10:53:18,260.0,--,19,494000,卖盘
1477,10:53:12,260.0,-0.03,77,2002000,卖盘
1478,10:53:08,260.03,0.01,2,52005,中性盘
1479,10:53:03,260.02,-0.01,26,676052,卖盘
1480,10:52:57,260.03,-0.33,14,364041,卖盘
1481,10:52:53,260.36,-0.02,2,52072,卖盘
1482,10:52:48,260.38,--,0,0,买盘
1483,10:52:42,260.38,-0.02,6,156228,卖盘
1484,10:52:38,260.4,-0.1,20,520799,卖盘
1485,10:52:33,260.5,-0.12,16,416800,卖盘
1486,10:52:27,260.62,0.12,1,26062,中性盘
1487,10:52:23,260.5,-0.12,54,1406700,卖盘
1488,10:52:18,260.62,-0.01,1,26062,卖盘
1489,10:52:12,260.63,-0.35,1,26063,卖盘
1490,10:52:08,260.98,0.19,63,1644174,买盘
1491,10:52:03,260.79,-0.11,36,938844,卖盘
1492,10:51:57,260.9,0.08,1,26089,买盘
1493,10:51:53,260.82,-0.14,13,339066,买盘
1494,10:51:42,260.96,--,0,0,买盘
1495,10:51:37,260.96,0.34,1,26095,中性盘
1496,10:51:33,260.62,--,1,26062,卖盘
1497,10:51:21,260.62,-0.03,2,52124,卖盘
1498,10:51:18,260.65,-0.15,15,390974,卖盘
1499,10:51:12,260.8,0.18,5,130400,买盘
1500,10:51:03,260.62,-0.13,3,78186,卖盘
1501,10:50:57,260.75,-0.04,5,130375,买盘
1502,10:50:51,260.79,--,0,0,买盘
1503,10:50:48,260.79,0.2,2,52158,中性盘
1504,10:50:42,260.59,-0.19,12,312707,卖盘
1505,10:50:36,260.78,0.18,12,312935,买盘
1506,10:50:33,260.6,--,10,260600,卖盘
1507,10:50:27,260.6,0.02,1,26060,中性盘
1508,10:50:21,260.58,--,0,0,卖盘
1509,10:50:18,260.58,-0.2,1,26058,卖盘
1510,10:50:12,260.78,0.23,1,26077,买盘
1511,10:50:03,260.55,-0.25,6,156330,卖盘
1512,10:49:51,260.8,0.25,1,26080,买盘
1513,10:49:48,260.55,--,7,182385,卖盘
1514,10:49:42,260.55,--,0,0,卖盘
1515,10:49:36,260.55,-0.44,12,312660,卖盘
1516,10:49:33,260.99,--,1,26099,买盘
1517,10:49:27,260.99,-0.01,13,339287,卖盘
1518,10:49:21,261.0,-0.28,23,613350,卖盘
1519,10:49:18,261.28,0.28,14,365791,买盘
1520,10:49:12,261.0,-0.39,22,574200,卖盘
1521,10:49:06,261.39,0.11,3,78417,买盘
1522,10:48:57,261.28,-0.11,5,130639,卖盘
1523,10:48:51,261.39,-0.01,8,209112,买盘
1524,10:48:48,261.4,--,0,0,买盘
1525,10:48:36,261.4,--,1,26139,卖盘
1526,10:48:33,261.4,-0.02,18,470519,卖盘
1527,10:48:18,261.42,--,2,52284,买盘
1528,10:48:12,261.42,-0.02,3,78426,卖盘
1529,10:48:03,261.44,--,9,235296,卖盘
1530,10:47:57,261.44,-0.01,17,444448,卖盘
1531,10:47:51,261.45,--,14,366030,买盘
1532,10:47:48,261.45,0.01,1,26145,买盘
1533,10:47:42,261.44,--,1,26144,卖盘
1534,10:47:36,261.44,-0.02,1,26144,卖盘
1535,10:47:18,261.46,--,1,26145,买盘
1536,10:47:12,261.46,-0.02,7,206814,卖盘
1537,10:47:06,261.48,0.02,1,26148,买盘
1538,10:47:03,261.46,--,8,209167,卖盘
1539,10:46:51,261.46,--,24,627504,卖盘
1540,10:46:42,261.46,--,5,130729,卖盘
1541,10:46:33,261.46,-0.02,12,313752,卖盘
1542,10:46:27,261.48,0.02,1,26148,买盘
1543,10:46:21,261.46,--,5,130729,卖盘
1544,10:46:17,261.46,-0.02,1,26145,卖盘
1545,10:46:02,261.48,--,1,26148,买盘
1546,10:45:47,261.48,0.03,3,80797,买盘
1547,10:45:42,261.45,-0.01,13,339885,卖盘
1548,10:45:27,261.46,-0.02,1,26145,中性盘
1549,10:45:12,261.48,0.02,22,575256,买盘
1550,10:45:02,261.46,-0.02,1,26145,卖盘
1551,10:44:57,261.48,0.02,1,26148,买盘
1552,10:44:47,261.46,--,0,0,中性盘
1553,10:44:42,261.46,-0.02,2,52291,卖盘
1554,10:44:36,261.48,0.02,1,26148,买盘
1555,10:44:31,261.46,--,11,287606,卖盘
1556,10:44:27,261.46,--,5,130729,卖盘
1557,10:44:17,261.46,--,2,52291,卖盘
1558,10:44:12,261.46,-0.02,1,26145,卖盘
1559,10:44:02,261.48,--,21,549108,卖盘
1560,10:43:47,261.48,-0.02,1,26148,卖盘
1561,10:43:42,261.5,--,15,392250,买盘
1562,10:43:36,261.5,--,3,78450,买盘
1563,10:43:31,261.5,--,2,75835,卖盘
1564,10:43:27,261.5,--,5,130750,卖盘
1565,10:43:17,261.5,--,14,368715,买盘
1566,10:43:12,261.5,--,30,808035,卖盘
1567,10:43:06,261.5,--,43,1124450,卖盘
1568,10:42:57,261.5,-0.01,2,52300,卖盘
1569,10:42:51,261.51,--,23,601473,买盘
1570,10:42:42,261.51,0.01,17,444567,买盘
1571,10:42:36,261.5,--,1,26150,卖盘
1572,10:42:27,261.5,-0.01,5,133365,卖盘
1573,10:42:21,261.51,0.03,2,52302,买盘
1574,10:42:12,261.48,-0.01,1,26148,卖盘
1575,10:42:06,261.49,-0.01,1,26149,买盘
1576,10:42:00,261.5,--,3,78450,买盘
1577,10:41:57,261.5,0.01,7,183050,卖盘
1578,10:41:51,261.49,-0.01,4,104596,卖盘
1579,10:41:45,261.5,--,0,0,中性盘
1580,10:41:42,261.5,0.02,7,183050,买盘
1581,10:41:36,261.48,-0.02,6,156888,卖盘
1582,10:41:30,261.5,0.02,1,26150,买盘
1583,10:41:27,261.48,--,3,78444,卖盘
1584,10:41:15,261.48,-0.02,4,104592,卖盘
1585,10:41:12,261.5,0.02,1,26150,买盘
1586,10:41:06,261.48,-0.02,1,26148,卖盘
1587,10:41:00,261.5,0.02,7,183050,买盘
1588,10:40:57,261.48,--,18,470664,卖盘
1589,10:40:51,261.48,-0.02,10,261480,卖盘
1590,10:40:42,261.5,-0.01,14,366100,中性盘
1591,10:40:36,261.51,--,22,575322,买盘
1592,10:40:30,261.51,--,43,1124493,卖盘
1593,10:40:27,261.51,--,13,339963,卖盘
1594,10:40:21,261.51,--,2,52302,卖盘
1595,10:40:12,261.51,-0.13,1,26151,卖盘
1596,10:39:56,261.64,0.04,3,78492,买盘
1597,10:39:51,261.6,--,8,213727,卖盘
1598,10:39:45,261.6,--,2,52320,卖盘
1599,10:39:42,261.6,-0.04,88,2302080,卖盘
1600,10:39:36,261.64,0.04,4,104656,买盘
1601,10:39:27,261.6,--,1,26160,卖盘
1602,10:39:21,261.6,-0.04,5,130800,卖盘
1603,10:39:15,261.64,0.04,10,283356,买盘
1604,10:39:12,261.6,-0.04,14,370687,卖盘
1605,10:39:06,261.64,0.04,3,78492,买盘
1606,10:39:00,261.6,-0.04,2,52320,卖盘
1607,10:38:57,261.64,0.04,1,26164,中性盘
1608,10:38:51,261.6,--,1,26160,卖盘
1609,10:38:42,261.6,-0.4,2,54936,卖盘
1610,10:38:30,262.0,0.4,151,3956200,买盘
1611,10:38:27,261.6,0.1,5,149896,卖盘
1612,10:38:21,261.5,-0.1,17,444550,卖盘
1613,10:38:15,261.6,-0.05,10,261600,卖盘
1614,10:38:11,261.65,0.05,2,52329,中性盘
1615,10:38:06,261.6,--,0,0,卖盘
1616,10:37:56,261.6,--,2,52320,卖盘
1617,10:37:51,261.6,--,8,209280,卖盘
1618,10:37:45,261.6,--,1,26160,卖盘
1619,10:37:41,261.6,-0.03,18,470880,卖盘
1620,10:37:36,261.63,0.03,25,654075,买盘
1621,10:37:21,261.6,-0.06,42,1098720,卖盘
1622,10:37:15,261.66,--,10,261660,卖盘
1623,10:37:11,261.66,--,3,78498,卖盘
1624,10:37:00,261.66,-0.02,1,26166,卖盘
1625,10:36:56,261.68,--,0,0,买盘
1626,10:36:41,261.68,--,1,26168,卖盘
1627,10:36:30,261.68,-0.02,50,1308400,卖盘
1628,10:36:21,261.7,--,21,549570,卖盘
1629,10:36:15,261.7,--,2,52340,卖盘
1630,10:36:11,261.7,-0.1,1,26170,卖盘
1631,10:36:06,261.8,0.1,6,157080,买盘
1632,10:35:56,261.7,--,2,52340,卖盘
1633,10:35:51,261.7,-0.1,9,235530,卖盘
1634,10:35:41,261.8,-0.04,57,1492260,卖盘
1635,10:35:36,261.84,-0.02,4,104735,卖盘
1636,10:35:26,261.86,--,0,0,中性盘
1637,10:35:21,261.86,--,10,261860,卖盘
1638,10:35:11,261.86,-0.01,21,549906,卖盘
1639,10:35:06,261.87,--,12,314244,卖盘
1640,10:35:00,261.87,-0.13,13,340431,卖盘
1641,10:34:56,262.0,0.14,21,550200,买盘
1642,10:34:51,261.86,--,102,2670972,卖盘
1643,10:34:36,261.86,-0.04,1,26186,卖盘
1644,10:34:30,261.9,0.04,10,261899,买盘
1645,10:34:24,261.86,--,1,26186,卖盘
1646,10:34:21,261.86,-0.04,4,104744,卖盘
1647,10:34:15,261.9,0.04,2,52379,买盘
1648,10:34:09,261.86,--,0,0,卖盘
1649,10:34:06,261.86,--,10,261860,卖盘
1650,10:34:00,261.86,--,1,26186,卖盘
1651,10:33:51,261.86,--,49,1283114,卖盘
1652,10:33:39,261.86,--,1,26186,卖盘
1653,10:33:30,261.86,-0.12,1,26186,卖盘
1654,10:33:24,261.98,--,0,0,买盘
1655,10:33:21,261.98,--,0,0,买盘
1656,10:33:15,261.98,--,0,0,买盘
1657,10:33:05,261.98,--,2,52396,买盘
1658,10:33:00,261.98,-0.01,1,26198,买盘
1659,10:32:50,261.99,--,0,0,买盘
1660,10:32:45,261.99,--,6,157194,买盘
1661,10:32:39,261.99,0.16,5,130995,买盘
1662,10:32:35,261.83,--,0,2618,卖盘
1663,10:32:30,261.83,-0.07,29,759307,卖盘
1664,10:32:24,261.9,0.08,1,26189,中性盘
1665,10:32:20,261.82,--,1,26182,卖盘
1666,10:32:15,261.82,-0.18,2,52364,卖盘
1667,10:32:09,262.0,0.05,26,681200,买盘
1668,10:32:00,261.95,0.02,16,419120,买盘
1669,10:31:54,261.93,-0.02,49,1307030,卖盘
1670,10:31:50,261.95,-0.05,3,78585,卖盘
1671,10:31:35,262.0,0.05,20,524000,买盘
1672,10:31:30,261.95,0.01,1,26195,中性盘
1673,10:31:24,261.94,0.01,2,52388,中性盘
1674,10:31:20,261.93,--,2,52386,卖盘
1675,10:31:15,261.93,0.01,65,1702545,卖盘
1676,10:31:09,261.92,-0.08,32,838144,卖盘
1677,10:31:05,262.0,0.08,120,3144000,买盘
1678,10:31:00,261.92,--,4,107387,卖盘
1679,10:30:54,261.92,-0.02,10,261920,卖盘
1680,10:30:45,261.94,--,17,445298,买盘
1681,10:30:39,261.94,0.02,12,314328,买盘
1682,10:30:30,261.92,-0.01,10,261920,卖盘
1683,10:30:20,261.93,0.01,5,130965,中性盘
1684,10:30:15,261.92,0.12,2,52384,卖盘
1685,10:30:05,261.8,-0.13,15,392700,卖盘
1686,10:30:00,261.93,0.13,15,392895,买盘
1687,10:29:50,261.8,-0.12,2,52360,卖盘
1688,10:29:45,261.92,-0.01,1,26192,中性盘
1689,10:29:35,261.93,0.25,5,130965,买盘
1690,10:29:30,261.68,-0.26,1,26168,卖盘
1691,10:29:24,261.94,--,0,0,买盘
1692,10:29:20,261.94,--,5,130970,买盘
1693,10:29:15,261.94,--,0,0,买盘
1694,10:29:05,261.94,--,18,471492,买盘
1695,10:29:00,261.94,-0.05,33,864402,卖盘
1696,10:28:54,261.99,--,10,261990,买盘
1697,10:28:45,261.99,--,4,104796,中性盘
1698,10:28:35,261.99,-0.01,2,52398,买盘
1699,10:28:30,262.0,0.09,41,1074200,买盘
1700,10:28:24,261.91,-0.09,4,104764,卖盘
1701,10:28:20,262.0,--,20,524000,买盘
1702,10:28:15,262.0,--,6,157200,买盘
1703,10:28:09,262.0,--,3,78600,买盘
1704,10:28:05,262.0,-0.3,14,374660,卖盘
1705,10:28:00,262.3,0.05,9,236070,买盘
1706,10:27:49,262.25,--,9,236025,卖盘
1707,10:27:45,262.25,--,23,603175,卖盘
1708,10:27:39,262.25,0.65,11,306832,买盘
1709,10:27:35,261.6,-0.3,76,1996008,卖盘
1710,10:27:24,261.9,--,11,306423,买盘
1711,10:27:19,261.9,--,1,34047,卖盘
1712,10:27:15,261.9,-0.01,228,5989652,卖盘
1713,10:27:04,261.91,-0.03,2,52382,卖盘
1714,10:27:00,261.94,--,24,628656,买盘
1715,10:26:54,261.94,0.03,70,1833580,买盘
1716,10:26:50,261.91,-0.01,6,157146,买盘
1717,10:26:45,261.92,0.06,27,707184,买盘
1718,10:26:39,261.86,-0.04,4,104744,卖盘
1719,10:26:33,261.9,--,3,78570,买盘
1720,10:26:30,261.9,--,0,0,买盘
1721,10:26:24,261.9,--,4,104759,买盘
1722,10:26:18,261.9,0.08,2,52379,买盘
1723,10:26:15,261.82,-0.08,6,157092,中性盘
1724,10:26:09,261.9,0.08,1,26189,买盘
1725,10:26:03,261.82,--,1,26182,买盘
1726,10:25:59,261.82,0.02,5,130910,买盘
1727,10:25:44,261.8,--,9,235620,卖盘
1728,10:25:39,261.8,--,1,26180,买盘
1729,10:25:33,261.8,0.1,4,104720,买盘
1730,10:25:29,261.7,--,2,52340,卖盘
1731,10:25:23,261.7,0.06,15,392550,买盘
1732,10:25:18,261.64,-0.06,1,26164,卖盘
1733,10:25:14,261.7,0.07,4,104680,买盘
1734,10:25:03,261.63,--,4,104652,卖盘
1735,10:24:59,261.63,0.01,1,26163,中性盘
1736,10:24:54,261.62,0.01,13,340106,买盘
1737,10:24:44,261.61,--,8,209288,卖盘
1738,10:24:39,261.61,-0.01,16,418576,卖盘
1739,10:24:29,261.62,0.01,1,26162,买盘
1740,10:24:14,261.61,-0.18,1,26161,卖盘
1741,10:24:09,261.79,0.17,13,340327,中性盘
1742,10:24:03,261.62,--,10,261620,卖盘
1743,10:23:59,261.62,--,0,0,卖盘
1744,10:23:54,261.62,-0.17,15,392430,卖盘
1745,10:23:44,261.79,0.17,1,26179,买盘
1746,10:23:39,261.62,-0.17,10,261620,卖盘
1747,10:23:33,261.79,0.17,5,130895,买盘
1748,10:23:29,261.62,--,0,0,卖盘
1749,10:23:24,261.62,--,1,26162,卖盘
1750,10:23:14,261.62,-0.18,2,52324,卖盘
1751,10:23:09,261.8,--,6,157080,买盘
1752,10:22:59,261.8,-0.02,14,366520,卖盘
1753,10:22:54,261.82,-0.11,32,837824,卖盘
1754,10:22:48,261.93,--,6,157158,买盘
1755,10:22:44,261.93,--,33,864369,买盘
1756,10:22:39,261.93,-0.01,26,681018,卖盘
1757,10:22:33,261.94,--,15,392910,买盘
1758,10:22:29,261.94,--,42,1100148,卖盘
1759,10:22:24,261.94,--,5,130970,卖盘
1760,10:22:18,261.94,--,0,0,卖盘
1761,10:22:03,261.94,-0.06,1,26194,卖盘
1762,10:21:59,262.0,0.06,14,366800,买盘
1763,10:21:54,261.94,-0.06,2,52388,卖盘
1764,10:21:48,262.0,--,10,262000,买盘
1765,10:21:39,262.0,--,19,497800,买盘
1766,10:21:33,262.0,--,2,52400,买盘
1767,10:21:29,262.0,-0.38,53,1396460,卖盘
1768,10:21:24,262.38,0.17,15,393570,买盘
1769,10:21:18,262.21,0.01,20,537530,买盘
1770,10:21:14,262.2,0.09,16,424764,买盘
1771,10:21:09,262.11,--,1,26211,卖盘
1772,10:21:03,262.11,0.09,2,52422,买盘
1773,10:20:59,262.02,0.01,21,550242,中性盘
1774,10:20:54,262.01,--,1,26201,卖盘
1775,10:20:48,262.01,0.01,19,521137,买盘
1776,10:20:44,262.0,--,100,2620000,买盘
1777,10:20:39,262.0,--,69,1807800,买盘
1778,10:20:32,262.0,--,16,419200,买盘
1779,10:20:24,262.0,0.08,20,524000,买盘
1780,10:20:18,261.92,-0.02,1,26192,卖盘
1781,10:20:14,261.94,-0.06,5,130970,中性盘
1782,10:20:09,262.0,0.07,77,2017400,买盘
1783,10:20:03,261.93,--,5,130965,买盘
1784,10:19:54,261.93,0.03,18,471474,买盘
1785,10:19:48,261.9,0.08,11,288090,买盘
1786,10:19:43,261.82,--,14,366548,卖盘
1787,10:19:33,261.82,-0.12,20,523640,卖盘
1788,10:19:28,261.94,--,32,838208,卖盘
1789,10:19:24,261.94,-0.06,43,1126342,卖盘
1790,10:19:18,262.0,0.1,681,17842200,买盘
1791,10:19:14,261.9,-0.04,6,157140,买盘
1792,10:19:09,261.94,0.04,13,340522,买盘
1793,10:18:59,261.9,0.01,29,759509,买盘
1794,10:18:54,261.89,--,6,157134,买盘
1795,10:18:48,261.89,0.08,1,26189,中性盘
1796,10:18:43,261.81,--,13,340353,卖盘
1797,10:18:39,261.81,-0.09,14,366534,卖盘
1798,10:18:28,261.9,0.09,6,157140,中性盘
1799,10:18:24,261.81,-0.11,4,104724,卖盘
1800,10:18:18,261.92,0.01,3,78576,买盘
1801,10:18:14,261.91,-0.04,2,52382,买盘
1802,10:18:09,261.95,0.14,5,130975,买盘
1803,10:18:03,261.81,-0.16,5,130905,中性盘
1804,10:17:57,261.97,--,0,0,买盘
1805,10:17:53,261.97,0.01,46,1205062,买盘
1806,10:17:48,261.96,0.11,5,130979,买盘
1807,10:17:42,261.85,0.05,10,261850,买盘
1808,10:17:38,261.8,0.07,10,261800,买盘
1809,10:17:33,261.73,--,44,1151612,买盘
1810,10:17:27,261.73,--,24,628152,卖盘
1811,10:17:23,261.73,0.11,5,130865,卖盘
1812,10:17:18,261.62,--,23,601726,卖盘
1813,10:17:12,261.62,-0.24,2,52324,卖盘
1814,10:17:08,261.86,-0.02,12,314232,卖盘
1815,10:17:03,261.88,-0.11,20,523760,卖盘
1816,10:16:57,261.99,--,0,0,买盘
1817,10:16:53,261.99,0.2,45,1178955,买盘
1818,10:16:48,261.79,-0.07,15,392685,卖盘
1819,10:16:42,261.86,0.06,7,183302,中性盘
1820,10:16:38,261.8,-0.08,40,1047200,卖盘
1821,10:16:33,261.88,--,23,602324,买盘
1822,10:16:27,261.88,0.01,20,523760,买盘
1823,10:16:23,261.87,0.01,3,78561,中性盘
1824,10:16:18,261.86,0.01,8,209488,中性盘
1825,10:16:12,261.85,-0.03,2,52370,卖盘
1826,10:16:08,261.88,0.03,12,314256,买盘
1827,10:16:03,261.85,0.05,7,183295,买盘
1828,10:15:57,261.8,--,4,104720,买盘
1829,10:15:53,261.8,0.01,36,942480,买盘
1830,10:15:48,261.79,0.04,54,1435918,买盘
1831,10:15:42,261.75,0.01,1,26175,买盘
1832,10:15:38,261.74,--,7,183218,买盘
1833,10:15:33,261.74,--,3,78522,买盘
1834,10:15:23,261.74,0.02,3,78522,买盘
1835,10:15:18,261.72,--,1,26172,买盘
1836,10:15:12,261.72,0.02,1,26172,买盘
1837,10:15:08,261.7,0.09,4,104680,买盘
1838,10:15:03,261.61,-0.09,8,209288,卖盘
1839,10:14:53,261.7,0.22,10,285253,买盘
1840,10:14:48,261.48,-0.09,11,287628,卖盘
1841,10:14:42,261.57,0.07,1,26157,中性盘
1842,10:14:38,261.5,-0.1,18,470700,卖盘
1843,10:14:33,261.6,--,7,185736,买盘
1844,10:14:23,261.6,--,15,392400,买盘
1845,10:14:18,261.6,0.01,3,78480,买盘
1846,10:14:12,261.59,-0.01,3,78476,卖盘
1847,10:14:08,261.6,--,9,235440,买盘
1848,10:14:03,261.6,0.1,17,463032,买盘
1849,10:13:57,261.5,--,3,78450,卖盘
1850,10:13:53,261.5,--,3,78450,卖盘
1851,10:13:48,261.5,0.02,10,261500,买盘
1852,10:13:42,261.48,--,2,52296,买盘
1853,10:13:38,261.48,--,26,682462,卖盘
1854,10:13:27,261.48,--,3,101977,卖盘
1855,10:13:23,261.48,--,1,26148,卖盘
1856,10:13:18,261.48,--,6,156888,卖盘
1857,10:13:12,261.48,-0.01,2,52296,卖盘
1858,10:13:08,261.49,--,3,78447,买盘
1859,10:13:03,261.49,0.03,4,104596,买盘
1860,10:12:57,261.46,--,1,26145,中性盘
1861,10:12:53,261.46,-0.02,3,78438,中性盘
1862,10:12:48,261.48,0.03,12,324235,买盘
1863,10:12:42,261.45,-0.01,21,549045,卖盘
1864,10:12:33,261.46,0.01,41,1071986,中性盘
1865,10:12:27,261.45,-0.01,14,366030,卖盘
1866,10:12:23,261.46,0.01,2,52291,买盘
1867,10:12:18,261.45,-0.01,1,26145,卖盘
1868,10:12:12,261.46,0.01,3,78438,买盘
1869,10:12:08,261.45,--,4,104580,卖盘
1870,10:12:03,261.45,0.01,27,705915,卖盘
1871,10:11:52,261.44,0.02,1,26144,卖盘
1872,10:11:47,261.42,--,2,52284,卖盘
1873,10:11:42,261.42,--,0,0,中性盘
1874,10:11:38,261.42,--,3,78426,买盘
1875,10:11:33,261.42,-0.05,10,261420,买盘
1876,10:11:27,261.47,0.08,1,26147,买盘
1877,10:11:23,261.39,--,11,287529,卖盘
1878,10:11:12,261.39,0.01,1,26139,买盘
1879,10:11:07,261.38,-0.01,5,130690,卖盘
1880,10:11:02,261.39,0.01,23,601197,中性盘
1881,10:10:57,261.38,-0.01,10,261380,卖盘
1882,10:10:52,261.39,0.01,3,78417,中性盘
1883,10:10:48,261.38,--,1,26138,卖盘
1884,10:10:42,261.38,--,0,0,中性盘
1885,10:10:37,261.38,0.25,2,52276,买盘
1886,10:10:27,261.13,0.01,1,26113,卖盘
1887,10:10:23,261.12,--,0,0,卖盘
1888,10:10:18,261.12,--,4,104448,卖盘
1889,10:10:06,261.12,0.01,5,143616,中性盘
1890,10:09:51,261.11,--,8,208888,卖盘
1891,10:09:47,261.11,0.11,14,365554,买盘
1892,10:09:42,261.0,--,7,182700,卖盘
1893,10:09:36,261.0,--,3,78300,卖盘
1894,10:09:32,261.0,-0.11,3,78300,卖盘
1895,10:09:27,261.11,--,4,104444,买盘
1896,10:09:21,261.11,--,4,104444,买盘
1897,10:09:17,261.11,-0.44,1,26111,买盘
1898,10:09:12,261.55,-0.05,153,4020808,卖盘
1899,10:09:06,261.6,--,17,444720,卖盘
1900,10:09:02,261.6,--,29,758640,卖盘
1901,10:08:57,261.6,--,8,209280,卖盘
1902,10:08:47,261.6,-0.15,8,209280,卖盘
1903,10:08:42,261.75,0.2,1,26175,买盘
1904,10:08:36,261.55,--,0,0,卖盘
1905,10:08:27,261.55,-0.3,100,2615500,卖盘
1906,10:08:17,261.85,0.05,5,130925,买盘
1907,10:08:06,261.8,--,2,52360,卖盘
1908,10:08:02,261.8,0.02,70,1832600,买盘
1909,10:07:57,261.78,0.09,5,130889,买盘
1910,10:07:51,261.69,0.09,13,340197,买盘
1911,10:07:47,261.6,0.05,2,55197,中性盘
1912,10:07:42,261.55,--,2,52310,卖盘
1913,10:07:36,261.55,0.55,130,3404334,买盘
1914,10:07:32,261.0,--,0,0,卖盘
1915,10:07:27,261.0,--,4,104400,买盘
1916,10:07:21,261.0,--,39,1017900,买盘
1917,10:07:17,261.0,-0.44,9,234900,卖盘
1918,10:07:12,261.44,0.01,6,156864,买盘
1919,10:07:06,261.43,0.17,21,549003,买盘
1920,10:07:02,261.26,--,31,820095,买盘
1921,10:06:57,261.26,-0.18,18,470268,卖盘
1922,10:06:50,261.44,0.45,4,104576,买盘
1923,10:06:47,260.99,-0.44,19,495881,卖盘
1924,10:06:42,261.43,0.03,12,313716,买盘
1925,10:06:35,261.4,0.4,27,705779,买盘
1926,10:06:32,261.0,0.01,14,365400,买盘
1927,10:06:27,260.99,--,2,52198,卖盘
1928,10:06:17,260.99,-0.01,22,574178,卖盘
1929,10:06:06,261.0,0.01,10,261783,买盘
1930,10:06:02,260.99,0.09,18,469782,买盘
1931,10:05:57,260.9,0.4,7,182629,买盘
1932,10:05:51,260.5,--,53,1380650,买盘
1933,10:05:47,260.5,-0.19,48,1250400,卖盘
1934,10:05:36,260.69,--,2,52138,中性盘
1935,10:05:32,260.69,0.08,2,52138,卖盘
1936,10:05:27,260.61,--,6,156366,卖盘
1937,10:05:21,260.61,-0.08,5,130305,卖盘
1938,10:05:17,260.69,0.08,5,130345,中性盘
1939,10:05:12,260.61,--,9,234549,卖盘
1940,10:05:06,260.61,--,2,52122,卖盘
1941,10:05:02,260.61,0.01,7,203797,买盘
1942,10:04:56,260.6,--,9,234540,卖盘
1943,10:04:51,260.6,-0.01,2,52120,卖盘
1944,10:04:47,260.61,0.01,16,416976,买盘
1945,10:04:41,260.6,-0.01,2,52641,卖盘
1946,10:04:36,260.61,0.01,16,416976,买盘
1947,10:04:32,260.6,-0.01,14,364840,卖盘
1948,10:04:26,260.61,-0.09,34,886074,卖盘
1949,10:04:17,260.7,-0.05,7,182490,买盘
1950,10:04:11,260.75,-0.05,8,208600,卖盘
1951,10:04:06,260.8,0.03,2,52160,买盘
1952,10:04:01,260.77,-0.04,13,339001,卖盘
1953,10:03:56,260.81,-0.09,31,808511,卖盘
1954,10:03:46,260.9,-0.02,8,208719,卖盘
1955,10:03:41,260.92,-0.06,58,1538645,卖盘
1956,10:03:36,260.98,-0.13,6,156588,卖盘
1957,10:03:31,261.11,0.11,47,1227217,买盘
1958,10:03:26,261.0,-0.04,2,52200,卖盘
1959,10:03:21,261.04,-0.07,9,234936,卖盘
1960,10:03:16,261.11,-0.09,67,1749437,卖盘
1961,10:03:11,261.2,--,3,78360,卖盘
1962,10:03:06,261.2,0.09,4,104480,卖盘
1963,10:03:01,261.11,--,0,0,卖盘
1964,10:02:56,261.11,--,8,208888,卖盘
1965,10:02:51,261.11,-0.4,1,26111,卖盘
1966,10:02:46,261.51,0.4,42,1098342,中性盘
1967,10:02:41,261.11,-0.4,45,1174995,卖盘
1968,10:02:36,261.51,--,6,156906,卖盘
1969,10:02:31,261.51,0.01,44,1150644,买盘
1970,10:02:26,261.5,0.05,6,156900,买盘
1971,10:02:21,261.45,--,3,78435,卖盘
1972,10:02:16,261.45,--,1,26145,卖盘
1973,10:02:11,261.45,-0.05,1,26145,卖盘
1974,10:02:06,261.5,0.38,20,523000,买盘
1975,10:02:00,261.12,-0.32,4,104448,卖盘
1976,10:01:56,261.44,0.33,1,26144,中性盘
1977,10:01:51,261.11,--,3,78333,卖盘
1978,10:01:45,261.11,--,1,26111,卖盘
1979,10:01:41,261.11,--,2,52222,中性盘
1980,10:01:30,261.11,0.11,1,26111,买盘
1981,10:01:26,261.0,--,13,339300,卖盘
1982,10:01:20,261.0,--,2,52200,卖盘
1983,10:01:11,261.0,0.02,2,52200,中性盘
1984,10:01:06,260.98,--,44,1148312,卖盘
1985,10:00:56,260.98,-0.02,12,313176,卖盘
1986,10:00:51,261.0,0.02,50,1305783,买盘
1987,10:00:45,260.98,--,26,678548,买盘
1988,10:00:41,260.98,0.07,2,52196,买盘
1989,10:00:36,260.91,--,0,0,中性盘
1990,10:00:30,260.91,0.01,2,52182,卖盘
1991,10:00:26,260.9,--,0,0,卖盘
1992,10:00:21,260.9,-0.1,3,78270,卖盘
1993,10:00:15,261.0,0.03,10,261000,买盘
1994,10:00:11,260.97,-0.03,40,1069194,卖盘
1995,10:00:06,261.0,0.02,12,313983,买盘
1996,09:59:56,260.98,0.01,1,26098,卖盘
1997,09:59:36,260.97,--,30,782910,卖盘
1998,09:59:29,260.97,--,1,26097,卖盘
1999,09:59:26,260.97,--,28,730716,卖盘
2000,09:59:21,260.97,--,4,104388,卖盘
2001,09:59:11,260.97,0.07,2,52194,中性盘
2002,09:59:06,260.9,0.01,4,104359,卖盘
2003,09:58:56,260.89,--,0,0,卖盘
2004,09:58:51,260.89,-0.08,31,808759,卖盘
2005,09:58:41,260.97,0.08,3,78291,买盘
2006,09:58:36,260.89,--,24,626136,买盘
2007,09:58:30,260.89,0.04,10,260890,买盘
2008,09:58:21,260.85,-0.06,1,26085,中性盘
2009,09:58:15,260.91,0.06,4,104364,中性盘
2010,09:58:11,260.85,-0.12,15,391275,卖盘
2011,09:58:06,260.97,--,6,156582,买盘
2012,09:58:00,260.97,-0.01,2,52194,买盘
2013,09:57:56,260.98,-0.02,2,52196,买盘
2014,09:57:45,261.0,--,0,0,买盘
2015,09:57:41,261.0,--,0,0,买盘
2016,09:57:35,261.0,0.15,3,78300,买盘
2017,09:57:30,260.85,-0.01,1,26085,卖盘
2018,09:57:26,260.86,-0.13,3,78258,卖盘
2019,09:57:20,260.99,0.15,10,260990,买盘
2020,09:57:11,260.84,0.01,9,234755,中性盘
2021,09:57:05,260.83,-0.05,4,104332,中性盘
2022,09:56:56,260.88,-0.12,1,26088,买盘
2023,09:56:50,261.0,--,0,0,买盘
2024,09:56:45,261.0,--,1,26100,买盘
2025,09:56:35,261.0,0.12,25,652500,买盘
2026,09:56:30,260.88,0.08,6,156528,买盘
2027,09:56:26,260.8,-0.01,1,26080,中性盘
2028,09:56:20,260.81,--,28,730268,中性盘
2029,09:56:15,260.81,--,2,52162,卖盘
2030,09:56:05,260.81,0.01,1,26081,卖盘
2031,09:55:56,260.8,--,4,104320,卖盘
2032,09:55:50,260.8,--,1,26080,卖盘
2033,09:55:40,260.8,--,13,339040,卖盘
2034,09:55:35,260.8,0.03,8,208640,买盘
2035,09:55:30,260.77,-0.02,12,312924,卖盘
2036,09:55:25,260.79,0.02,1,26079,买盘
2037,09:55:20,260.77,--,1,26077,卖盘
2038,09:55:15,260.77,-0.02,19,495462,卖盘
2039,09:55:10,260.79,-0.01,14,365106,买盘
2040,09:55:05,260.8,--,0,0,买盘
2041,09:54:55,260.8,--,7,182560,卖盘
2042,09:54:50,260.8,-0.09,15,391200,卖盘
2043,09:54:40,260.89,0.09,2,52178,买盘
2044,09:54:35,260.8,--,25,652000,卖盘
2045,09:54:30,260.8,--,15,391200,卖盘
2046,09:54:25,260.8,-0.09,7,182560,卖盘
2047,09:54:20,260.89,--,2,52178,买盘
2048,09:54:15,260.89,0.01,2,52178,买盘
2049,09:54:10,260.88,--,4,104352,中性盘
2050,09:54:05,260.88,-0.01,3,78264,卖盘
2051,09:53:54,260.89,-0.01,5,140358,卖盘
2052,09:53:50,260.9,--,23,616245,买盘
2053,09:53:45,260.9,0.01,6,156540,买盘
2054,09:53:39,260.89,--,1,26089,卖盘
2055,09:53:35,260.89,--,1,26089,卖盘
2056,09:53:30,260.89,0.29,2,52178,卖盘
2057,09:53:24,260.6,-0.3,3,78180,卖盘
2058,09:53:20,260.9,0.1,79,2061109,买盘
2059,09:53:05,260.8,-0.08,1,26080,买盘
2060,09:53:00,260.88,--,0,23479,卖盘
2061,09:52:54,260.88,--,5,130440,卖盘
2062,09:52:50,260.88,--,8,211312,卖盘
2063,09:52:45,260.88,-0.01,17,443496,卖盘
2064,09:52:35,260.89,0.01,1,26089,买盘
2065,09:52:30,260.88,0.58,16,417408,买盘
2066,09:52:24,260.3,-0.3,3,78090,卖盘
2067,09:52:20,260.6,--,4,104240,卖盘
2068,09:52:15,260.6,0.1,20,521200,买盘
2069,09:52:09,260.5,-0.1,37,963850,卖盘
2070,09:52:05,260.6,--,11,286660,买盘
2071,09:52:00,260.6,--,6,156360,卖盘
2072,09:51:54,260.6,--,3,78180,卖盘
2073,09:51:50,260.6,-0.28,1,26060,卖盘
2074,09:51:45,260.88,0.26,29,756552,买盘
2075,09:51:35,260.62,--,2,52124,卖盘
2076,09:51:24,260.62,--,2,52124,卖盘
2077,09:51:20,260.62,-0.27,2,52124,中性盘
2078,09:51:15,260.89,0.39,14,365246,买盘
2079,09:51:05,260.5,--,3,78150,卖盘
2080,09:51:00,260.5,0.2,5,130250,买盘
2081,09:50:54,260.3,-0.08,1,48936,卖盘
2082,09:50:50,260.38,-0.12,8,208304,买盘
2083,09:50:44,260.5,--,0,0,买盘
2084,09:50:35,260.5,0.22,1,26050,买盘
2085,09:50:29,260.28,--,0,0,卖盘
2086,09:50:24,260.28,-0.22,1,26027,卖盘
2087,09:50:20,260.5,--,2,52100,买盘
2088,09:50:14,260.5,0.3,2,52100,中性盘
2089,09:50:09,260.2,-0.47,9,234180,卖盘
2090,09:50:05,260.67,--,21,547407,买盘
2091,09:49:59,260.67,-0.01,9,234603,卖盘
2092,09:49:50,260.68,-0.19,35,912380,卖盘
2093,09:49:39,260.87,0.19,1,26087,中性盘
2094,09:49:35,260.68,-0.2,19,495292,卖盘
2095,09:49:29,260.88,--,0,0,买盘
2096,09:49:04,260.88,-0.04,47,1249615,卖盘
2097,09:48:59,260.92,0.01,11,287012,中性盘
2098,09:48:54,260.91,--,62,1617642,卖盘
2099,09:48:49,260.91,--,1,26091,卖盘
2100,09:48:44,260.91,0.01,2,52182,卖盘
2101,09:48:39,260.9,0.19,9,237418,买盘
2102,09:48:34,260.71,--,0,0,卖盘
2103,09:48:29,260.71,-0.18,2,52141,买盘
2104,09:48:24,260.89,--,0,0,买盘
2105,09:48:19,260.89,0.15,20,521780,买盘
2106,09:48:14,260.74,0.06,14,365036,买盘
2107,09:48:09,260.68,-0.06,4,104272,卖盘
2108,09:48:04,260.74,-0.16,37,988204,卖盘
2109,09:47:59,260.9,0.02,5,130449,买盘
2110,09:47:54,260.88,--,0,2608,卖盘
2111,09:47:49,260.88,-0.02,54,1408752,卖盘
2112,09:47:44,260.9,0.02,1,26089,买盘
2113,09:47:33,260.88,--,0,0,卖盘
2114,09:47:29,260.88,0.03,4,104352,买盘
2115,09:47:24,260.85,--,0,0,中性盘
2116,09:47:18,260.85,--,2,52170,买盘
2117,09:47:14,260.85,-0.03,6,156510,中性盘
2118,09:47:09,260.88,-0.02,8,208704,买盘
2119,09:46:59,260.9,--,4,104359,买盘
2120,09:46:54,260.9,0.23,12,313080,买盘
2121,09:46:49,260.67,--,20,521340,卖盘
2122,09:46:44,260.67,--,4,104268,卖盘
2123,09:46:39,260.67,--,7,182469,卖盘
2124,09:46:34,260.67,--,12,312804,卖盘
2125,09:46:29,260.67,0.03,4,104268,卖盘
2126,09:46:24,260.64,0.04,2,52128,买盘
2127,09:46:19,260.6,0.01,24,625440,卖盘
2128,09:46:14,260.59,0.1,16,437791,买盘
2129,09:46:09,260.49,0.09,10,260490,买盘
2130,09:46:03,260.4,0.01,4,104159,卖盘
2131,09:45:59,260.39,--,21,546819,买盘
2132,09:45:54,260.39,0.28,8,208312,买盘
2133,09:45:48,260.11,-0.09,6,156066,卖盘
2134,09:45:44,260.2,-0.19,14,364280,卖盘
2135,09:45:39,260.39,--,5,130195,卖盘
2136,09:45:33,260.39,--,1,26039,卖盘
2137,09:45:28,260.39,-0.07,6,156234,卖盘
2138,09:45:24,260.46,--,1,26045,卖盘
2139,09:45:18,260.46,0.07,2,52091,买盘
2140,09:45:13,260.39,--,4,104156,卖盘
2141,09:45:09,260.39,-0.07,24,624936,卖盘
2142,09:45:03,260.46,0.07,1,26045,买盘
2143,09:44:59,260.39,--,13,338507,卖盘
2144,09:44:54,260.39,-0.1,1,26039,卖盘
2145,09:44:48,260.49,0.27,1,26049,买盘
2146,09:44:43,260.22,-0.27,9,234198,卖盘
2147,09:44:39,260.49,-0.01,21,547029,卖盘
2148,09:44:33,260.5,0.01,3,78150,买盘
2149,09:44:28,260.49,-0.01,1,26049,卖盘
2150,09:44:24,260.5,--,0,0,买盘
2151,09:44:18,260.5,--,15,390750,买盘
2152,09:44:14,260.5,-0.01,14,369910,卖盘
2153,09:44:09,260.51,0.01,19,515809,买盘
2154,09:44:03,260.5,-0.01,7,182350,卖盘
2155,09:43:58,260.51,0.01,18,468918,买盘
2156,09:43:53,260.5,--,2,52100,卖盘
2157,09:43:48,260.5,-0.01,2,52100,卖盘
2158,09:43:44,260.51,-0.09,36,945651,卖盘
2159,09:43:38,260.6,--,10,260600,中性盘
2160,09:43:33,260.6,--,3,96422,买盘
2161,09:43:28,260.6,-0.04,3,78180,买盘
2162,09:43:23,260.64,--,0,0,买盘
2163,09:43:18,260.64,--,0,0,买盘
2164,09:43:13,260.64,-0.04,25,651600,卖盘
2165,09:43:08,260.68,0.04,5,130340,买盘
2166,09:43:03,260.64,0.13,10,260640,买盘
2167,09:42:58,260.51,-0.17,12,312612,卖盘
2168,09:42:53,260.68,--,27,703836,买盘
2169,09:42:48,260.68,0.08,1,26068,买盘
2170,09:42:44,260.6,-0.2,3,78180,卖盘
2171,09:42:38,260.8,--,3,78240,买盘
2172,09:42:33,260.8,-0.2,8,233937,卖盘
2173,09:42:28,261.0,--,11,287100,卖盘
2174,09:42:23,261.0,0.11,76,1984383,买盘
2175,09:42:13,260.89,-0.11,36,951726,卖盘
2176,09:42:08,261.0,--,1,26100,买盘
2177,09:42:03,261.0,--,4,104400,买盘
2178,09:41:59,261.0,--,20,522000,卖盘
2179,09:41:53,261.0,-0.1,78,2035800,卖盘
2180,09:41:43,261.1,-0.01,50,1305500,卖盘
2181,09:41:33,261.11,0.01,1,26111,卖盘
2182,09:41:28,261.1,-0.2,5,130550,卖盘
2183,09:41:23,261.3,0.25,4,104520,中性盘
2184,09:41:18,261.05,--,0,0,卖盘
2185,09:41:08,261.05,-0.65,2,52210,卖盘
2186,09:41:03,261.7,--,2,52340,卖盘
2187,09:40:58,261.7,--,25,654250,卖盘
2188,09:40:53,261.7,0.67,14,366380,买盘
2189,09:40:48,261.03,--,5,130514,卖盘
2190,09:40:43,261.03,0.01,78,2036033,买盘
2191,09:40:38,261.02,-0.48,8,208816,卖盘
2192,09:40:33,261.5,0.47,1,26150,买盘
2193,09:40:28,261.03,-0.67,3,78308,卖盘
2194,09:40:23,261.7,0.2,7,183190,买盘
2195,09:40:18,261.5,--,4,104600,卖盘
2196,09:40:13,261.5,--,29,758350,卖盘
2197,09:40:08,261.5,-0.48,17,444550,卖盘
2198,09:40:03,261.98,-0.01,55,1440890,买盘
2199,09:39:58,261.99,0.49,100,2619900,买盘
2200,09:39:53,261.5,--,1,26150,卖盘
2201,09:39:48,261.5,-0.29,2,52300,卖盘
2202,09:39:43,261.79,-0.01,14,366506,买盘
2203,09:39:38,261.8,-0.2,19,497420,买盘
2204,09:39:28,262.0,0.2,308,8069600,买盘
2205,09:39:23,261.8,--,20,523600,卖盘
2206,09:39:18,261.8,--,12,314160,卖盘
2207,09:39:13,261.8,-0.38,28,736967,卖盘
2208,09:39:08,262.18,0.38,14,389337,买盘
2209,09:39:03,261.8,--,24,628320,买盘
2210,09:38:58,261.8,-0.08,13,340340,中性盘
2211,09:38:53,261.88,--,54,1418080,卖盘
2212,09:38:48,261.88,--,9,235692,卖盘
2213,09:38:43,261.88,0.03,37,991215,买盘
2214,09:38:38,261.85,-0.03,22,576070,卖盘
2215,09:38:33,261.88,--,80,2095040,买盘
2216,09:38:28,261.88,-0.12,51,1335588,卖盘
2217,09:38:23,262.0,0.12,308,8069600,买盘
2218,09:38:18,261.88,-0.02,9,235692,卖盘
2219,09:38:13,261.9,0.02,16,419039,中性盘
2220,09:38:08,261.88,--,4,104752,买盘
2221,09:38:03,261.88,0.01,35,916580,买盘
2222,09:37:57,261.87,--,23,602301,买盘
2223,09:37:52,261.87,0.18,55,1440285,买盘
2224,09:37:48,261.69,0.19,18,471042,买盘
2225,09:37:42,261.5,--,8,209200,卖盘
2226,09:37:37,261.5,--,21,551765,卖盘
2227,09:37:33,261.5,--,3,78450,中性盘
2228,09:37:27,261.5,0.61,2,52300,买盘
2229,09:37:22,260.89,-0.41,15,404901,卖盘
2230,09:37:18,261.3,0.43,91,2377830,买盘
2231,09:37:12,260.87,-0.11,9,234783,卖盘
2232,09:37:07,260.98,0.09,34,887332,买盘
2233,09:37:02,260.89,0.19,12,313068,买盘
2234,09:36:57,260.7,-0.16,2,52140,卖盘
2235,09:36:52,260.86,--,4,104344,买盘
2236,09:36:47,260.86,0.16,91,2373826,买盘
2237,09:36:42,260.7,0.02,6,156420,买盘
2238,09:36:37,260.68,0.18,2,52136,买盘
2239,09:36:32,260.5,-0.05,27,703350,卖盘
2240,09:36:27,260.55,0.05,9,234495,买盘
2241,09:36:22,260.5,0.01,294,7658700,买盘
2242,09:36:17,260.49,--,28,755160,买盘
2243,09:36:12,260.49,0.06,4,104196,买盘
2244,09:36:07,260.43,0.05,47,1224021,买盘
2245,09:36:02,260.38,0.13,57,1484166,买盘
2246,09:35:57,260.25,--,2,52050,卖盘
2247,09:35:52,260.25,0.03,23,598575,买盘
2248,09:35:47,260.22,0.11,7,182154,买盘
2249,09:35:42,260.11,-0.09,8,208088,卖盘
2250,09:35:37,260.2,0.09,9,234180,买盘
2251,09:35:32,260.11,-0.09,10,260110,中性盘
2252,09:35:27,260.2,0.09,6,156120,买盘
2253,09:35:22,260.11,-0.09,18,468198,中性盘
2254,09:35:17,260.2,0.09,22,572440,中性盘
2255,09:35:12,260.11,-0.1,18,468198,卖盘
2256,09:35:07,260.21,0.1,30,796242,中性盘
2257,09:35:02,260.11,0.1,12,312132,中性盘
2258,09:34:57,260.01,-0.2,4,104004,卖盘
2259,09:34:52,260.21,--,7,182147,买盘
2260,09:34:47,260.21,-0.09,6,175381,中性盘
2261,09:34:42,260.3,0.29,20,520600,买盘
2262,09:34:37,260.01,0.01,4,104004,中性盘
2263,09:34:32,260.0,-0.37,29,754000,卖盘
2264,09:34:27,260.37,0.07,21,546777,买盘
2265,09:34:22,260.3,--,18,468540,卖盘
2266,09:34:17,260.3,0.03,28,728840,买盘
2267,09:34:12,260.27,0.26,2,52054,买盘
2268,09:34:07,260.01,0.01,11,286011,中性盘
2269,09:34:02,260.0,-0.37,21,546000,中性盘
2270,09:33:57,260.37,--,2,52074,买盘
2271,09:33:52,260.37,-0.01,22,572814,买盘
2272,09:33:47,260.38,--,8,208304,买盘
2273,09:33:42,260.38,0.38,1,26038,买盘
2274,09:33:37,260.0,-0.38,5,130000,卖盘
2275,09:33:32,260.38,-0.06,26,676988,中性盘
2276,09:33:27,260.44,0.44,16,416704,买盘
2277,09:33:22,260.0,-0.38,72,1885000,卖盘
2278,09:33:17,260.38,--,8,208304,卖盘
2279,09:33:12,260.38,--,7,182266,卖盘
2280,09:33:07,260.38,0.88,55,1445109,买盘
2281,09:33:02,259.5,-0.52,22,570900,卖盘
2282,09:32:57,260.02,0.02,6,156012,买盘
2283,09:32:52,260.0,-0.28,21,546000,卖盘
2284,09:32:47,260.28,0.29,4,104111,买盘
2285,09:32:42,259.99,-0.06,7,181993,买盘
2286,09:32:37,260.05,0.05,4,104020,买盘
2287,09:32:32,260.0,--,22,572000,买盘
2288,09:32:27,260.0,-0.46,2,52000,买盘
2289,09:32:22,260.46,--,0,0,买盘
2290,09:32:17,260.46,0.17,7,182322,买盘
2291,09:32:12,260.29,0.24,7,182203,买盘
2292,09:32:07,260.05,0.61,3,78015,卖盘
2293,09:32:02,259.44,--,13,337272,卖盘
2294,09:31:57,259.44,0.14,2,51888,卖盘
2295,09:31:52,259.3,-0.68,7,181510,卖盘
2296,09:31:47,259.98,0.08,2,51996,买盘
2297,09:31:42,259.9,0.82,4,103959,买盘
2298,09:31:37,259.08,0.08,7,186537,中性盘
2299,09:31:32,259.0,--,41,1061900,卖盘
2300,09:31:22,259.0,-0.03,25,650090,卖盘
2301,09:31:17,259.03,0.03,8,207223,买盘
2302,09:31:07,259.0,0.12,12,310800,卖盘
2303,09:31:02,258.88,-0.12,14,362432,卖盘
2304,09:30:57,259.0,0.02,1,25900,买盘
2305,09:30:52,258.98,-0.02,8,207184,卖盘
2306,09:30:47,259.0,--,15,388500,买盘
2307,09:30:41,259.0,-0.2,11,284900,卖盘
2308,09:30:36,259.2,--,1,25920,买盘
2309,09:30:32,259.2,0.19,19,492480,买盘
2310,09:30:26,259.01,-0.54,5,129505,卖盘
2311,09:30:17,259.55,0.35,10,259550,买盘
2312,09:30:11,259.2,-0.7,42,1088640,卖盘
2313,09:30:06,259.9,0.57,48,1247520,中性盘
2314,09:30:02,259.33,-0.67,1,25933,中性盘
2315,09:28:55,260.0,--,0,0,买盘
2316,09:25:01,260.0,260,188,4888000,买盘
