,time,price,change,volume,amount,type
0,15:00:00,10.9,--,0,0,卖盘
1,15:00:00,10.9,--,0,0,卖盘
2,14:59:58,10.9,-0.01,96,104640,卖盘
3,14:59:53,10.91,0.01,10,10910,买盘
4,14:59:48,10.9,--,5,5450,卖盘
5,14:59:43,10.9,--,10,10900,卖盘
6,14:59:33,10.9,--,32,34880,卖盘
7,14:59:28,10.9,--,157,172045,买盘
8,14:59:18,10.9,--,51,55590,买盘
9,14:59:13,10.9,--,127,138430,买盘
10,14:59:08,10.9,0.01,26,28340,买盘
11,14:59:03,10.89,-0.01,54,58806,卖盘
12,14:58:58,10.9,--,17,18530,买盘
13,14:58:53,10.9,--,10,10900,买盘
14,14:58:48,10.9,--,11,11990,买盘
15,14:58:43,10.9,--,28,30520,买盘
16,14:58:38,10.9,--,20,21800,买盘
17,14:58:33,10.9,--,208,226720,买盘
18,14:58:28,10.9,--,53,57770,买盘
19,14:58:18,10.9,0.01,73,79570,买盘
20,14:58:13,10.89,--,2,2178,卖盘
21,14:57:58,10.89,--,28,30492,卖盘
22,14:57:53,10.89,0.01,3,3267,买盘
23,14:57:48,10.88,--,38,41344,卖盘
24,14:57:43,10.88,--,37,40256,卖盘
25,14:57:38,10.88,-0.01,10,10880,卖盘
26,14:57:33,10.89,--,18,19602,买盘
27,14:57:28,10.89,--,6,6534,买盘
28,14:57:18,10.89,--,46,50094,卖盘
29,14:57:13,10.89,-0.01,20,21780,卖盘
30,14:57:08,10.9,0.01,11,11990,买盘
31,14:57:03,10.89,0.01,39,42471,买盘
32,14:56:58,10.88,-0.01,25,27200,卖盘
33,14:56:48,10.89,--,465,506385,卖盘
34,14:56:43,10.89,--,2,2178,卖盘
35,14:56:37,10.89,--,5,5445,卖盘
36,14:56:33,10.89,-0.01,33,35937,卖盘
37,14:56:23,10.9,0.01,126,137340,买盘
38,14:56:18,10.89,--,63,68607,买盘
39,14:56:13,10.89,-0.01,113,123057,卖盘
40,14:56:03,10.9,0.01,2,2180,买盘
41,14:55:57,10.89,0.01,19,20691,买盘
42,14:55:53,10.88,-0.01,50,54400,卖盘
43,14:55:48,10.89,--,60,65340,买盘
44,14:55:42,10.89,--,70,76230,买盘
45,14:55:37,10.89,--,8,8712,买盘
46,14:55:33,10.89,--,32,34848,买盘
47,14:55:27,10.89,--,26,28314,买盘
48,14:55:22,10.89,0.01,64,69696,买盘
49,14:55:18,10.88,-0.01,80,87040,卖盘
50,14:55:12,10.89,--,9,9801,买盘
51,14:55:08,10.89,--,22,23958,买盘
52,14:55:03,10.89,--,6,6534,买盘
53,14:54:57,10.89,--,151,164439,买盘
54,14:54:52,10.89,0.01,10,10890,买盘
55,14:54:47,10.88,-0.01,5,5440,卖盘
56,14:54:42,10.89,--,5,5445,买盘
57,14:54:37,10.89,--,51,55539,买盘
58,14:54:32,10.89,0.01,3,3267,买盘
59,14:54:27,10.88,--,172,187136,卖盘
60,14:54:22,10.88,-0.01,14,15232,卖盘
61,14:54:12,10.89,--,7,7623,买盘
62,14:54:07,10.89,--,152,165528,卖盘
63,14:54:02,10.89,--,7,7623,卖盘
64,14:53:57,10.89,--,48,52272,卖盘
65,14:53:52,10.89,-0.01,20,21780,卖盘
66,14:53:42,10.9,--,100,109000,买盘
67,14:53:37,10.9,0.01,22,23980,买盘
68,14:53:27,10.89,-0.01,29,31581,卖盘
69,14:53:22,10.9,--,4,4360,买盘
70,14:53:17,10.9,--,41,44690,买盘
71,14:53:12,10.9,0.01,34,37060,买盘
72,14:53:07,10.89,-0.01,8,8712,卖盘
73,14:53:02,10.9,0.01,12,13080,买盘
74,14:52:57,10.89,--,51,55539,卖盘
75,14:52:52,10.89,--,17,18513,卖盘
76,14:52:47,10.89,-0.01,10,10890,中性盘
77,14:52:42,10.9,--,189,206184,买盘
78,14:52:37,10.9,0.01,12,13080,买盘
79,14:52:27,10.89,--,113,123057,卖盘
80,14:52:12,10.89,--,75,81675,卖盘
81,14:52:07,10.89,--,12,13068,卖盘
82,14:52:02,10.89,--,2,2178,卖盘
83,14:51:57,10.89,-0.01,184,200376,卖盘
84,14:51:52,10.9,0.01,4,4360,买盘
85,14:51:42,10.89,-0.01,103,112167,卖盘
86,14:51:37,10.9,--,11,11990,买盘
87,14:51:27,10.9,--,10,10900,买盘
88,14:51:22,10.9,--,2,2180,买盘
89,14:51:12,10.9,0.01,15,16350,买盘
90,14:51:07,10.89,-0.01,114,124146,卖盘
91,14:51:02,10.9,--,246,268140,卖盘
92,14:50:57,10.9,--,3,3270,卖盘
93,14:50:52,10.9,--,312,340080,卖盘
94,14:50:47,10.9,--,8,8720,卖盘
95,14:50:42,10.9,--,322,350980,卖盘
96,14:50:37,10.9,--,34,37060,卖盘
97,14:50:27,10.9,--,2,2180,卖盘
98,14:50:22,10.9,--,800,872000,卖盘
99,14:50:17,10.9,--,50,54500,卖盘
100,14:50:12,10.9,--,51,55590,卖盘
101,14:49:57,10.9,--,20,21800,卖盘
102,14:49:52,10.9,--,89,97010,卖盘
103,14:49:47,10.9,--,60,65400,卖盘
104,14:49:37,10.9,-0.01,20,21800,卖盘
105,14:49:22,10.91,0.01,10,10910,买盘
106,14:49:12,10.9,-0.01,55,59950,卖盘
107,14:49:07,10.91,--,5,5455,卖盘
108,14:48:57,10.91,--,35,38185,卖盘
109,14:48:47,10.91,-0.01,135,147285,卖盘
110,14:48:42,10.92,--,5,5460,卖盘
111,14:48:37,10.92,--,32,34944,卖盘
112,14:48:27,10.92,--,61,66612,买盘
113,14:48:22,10.92,--,0,0,买盘
114,14:48:12,10.92,0.01,431,470652,买盘
115,14:48:06,10.91,-0.01,110,120010,卖盘
116,14:48:01,10.92,0.01,2,2184,买盘
117,14:47:56,10.91,-0.01,10,10910,卖盘
118,14:47:51,10.92,--,14,15288,买盘
119,14:47:46,10.92,--,3,3276,卖盘
120,14:47:41,10.92,--,4,4368,卖盘
121,14:47:36,10.92,--,2,2184,卖盘
122,14:47:31,10.92,--,5,5460,卖盘
123,14:47:21,10.92,--,17,18564,买盘
124,14:47:16,10.92,--,83,90636,卖盘
125,14:47:01,10.92,--,15,16380,买盘
126,14:46:46,10.92,--,10,10920,买盘
127,14:46:41,10.92,0.01,3,3276,买盘
128,14:46:36,10.91,--,100,109100,卖盘
129,14:46:21,10.91,-0.01,61,66551,卖盘
130,14:46:16,10.92,-0.01,4,4368,卖盘
131,14:46:06,10.93,0.02,16,17488,买盘
132,14:46:01,10.91,-0.01,65,70915,卖盘
133,14:45:56,10.92,0.01,1,1092,买盘
134,14:45:51,10.91,-0.01,5,5455,卖盘
135,14:45:46,10.92,0.01,2,2184,买盘
136,14:45:31,10.91,--,0,0,卖盘
137,14:45:26,10.91,-0.03,37,40367,卖盘
138,14:45:21,10.94,0.03,18,19692,买盘
139,14:45:16,10.91,-0.03,4,4364,卖盘
140,14:45:11,10.94,--,25,27350,买盘
141,14:45:06,10.94,0.03,53,57982,买盘
142,14:45:01,10.91,-0.03,41,44731,卖盘
143,14:44:51,10.94,--,12,13128,买盘
144,14:44:46,10.94,--,54,59076,买盘
145,14:44:41,10.94,0.01,98,107212,买盘
146,14:44:36,10.93,0.01,60,65580,买盘
147,14:44:31,10.92,--,0,0,卖盘
148,14:44:26,10.92,--,35,38220,买盘
149,14:44:21,10.92,0.01,113,123396,买盘
150,14:44:16,10.91,--,245,267295,卖盘
151,14:44:11,10.91,-0.01,7,7637,卖盘
152,14:44:06,10.92,--,171,186732,买盘
153,14:43:56,10.92,--,34,37128,买盘
154,14:43:51,10.92,0.01,272,297024,买盘
155,14:43:46,10.91,--,22,24002,卖盘
156,14:43:41,10.91,--,29,31639,卖盘
157,14:43:31,10.91,-0.01,8,8728,卖盘
158,14:43:21,10.92,0.01,1,1092,买盘
159,14:43:16,10.91,--,3,3273,卖盘
160,14:43:06,10.91,--,50,54550,卖盘
161,14:42:31,10.91,-0.01,3,3273,卖盘
162,14:42:21,10.92,0.01,34,37128,买盘
163,14:42:11,10.91,--,49,53459,卖盘
164,14:42:01,10.91,-0.01,51,55641,卖盘
165,14:41:46,10.92,--,43,46956,买盘
166,14:41:41,10.92,--,34,37128,买盘
167,14:41:31,10.92,--,10,10920,买盘
168,14:41:26,10.92,--,3,3276,买盘
169,14:41:21,10.92,0.01,80,87360,买盘
170,14:41:16,10.91,-0.01,9,10735,卖盘
171,14:41:11,10.92,0.01,10,10920,买盘
172,14:41:06,10.91,-0.01,118,128738,卖盘
173,14:41:01,10.92,--,115,125580,买盘
174,14:40:56,10.92,--,59,64428,买盘
175,14:40:46,10.92,0.01,274,299208,买盘
176,14:40:41,10.91,-0.01,20,21820,卖盘
177,14:40:36,10.92,0.01,38,41496,买盘
178,14:40:16,10.91,--,12,13092,买盘
179,14:40:11,10.91,--,3,3273,买盘
180,14:40:06,10.91,-0.01,55,60005,卖盘
181,14:40:01,10.92,0.01,34,37128,买盘
182,14:39:56,10.91,--,81,88371,卖盘
183,14:39:40,10.91,--,63,68733,买盘
184,14:39:25,10.91,--,37,40367,买盘
185,14:39:20,10.91,0.01,10,10910,买盘
186,14:39:16,10.9,-0.01,94,102460,卖盘
187,14:39:10,10.91,--,16,17456,卖盘
188,14:39:05,10.91,--,10,10910,卖盘
189,14:39:00,10.91,0.01,5,5455,卖盘
190,14:38:55,10.9,-0.01,120,130800,卖盘
191,14:38:50,10.91,--,10,10910,买盘
192,14:38:45,10.91,-0.01,55,60005,买盘
193,14:38:40,10.92,0.01,112,122304,买盘
194,14:38:30,10.91,0.01,14,15274,买盘
195,14:38:25,10.9,-0.01,4,4360,卖盘
196,14:38:15,10.91,-0.01,77,84007,卖盘
197,14:38:10,10.92,0.01,69,75348,买盘
198,14:38:00,10.91,--,3,3273,卖盘
199,14:37:55,10.91,--,55,60005,卖盘
200,14:37:50,10.91,--,100,109100,卖盘
201,14:37:45,10.91,-0.01,10,10910,卖盘
202,14:37:40,10.92,--,114,124488,买盘
203,14:37:35,10.92,0.01,1,1092,买盘
204,14:37:30,10.91,--,501,546591,卖盘
205,14:37:25,10.91,--,31,33821,卖盘
206,14:37:15,10.91,-0.02,20,21820,卖盘
207,14:37:10,10.93,0.01,34,37162,买盘
208,14:37:05,10.92,--,98,107016,卖盘
209,14:37:00,10.92,--,47,51324,卖盘
210,14:36:55,10.92,--,30,32760,卖盘
211,14:36:50,10.92,--,70,76440,卖盘
212,14:36:45,10.92,--,7,7644,卖盘
213,14:36:40,10.92,--,2,2184,卖盘
214,14:36:30,10.92,--,5,5460,卖盘
215,14:36:25,10.92,-0.01,20,21840,卖盘
216,14:36:20,10.93,--,38,41534,买盘
217,14:36:10,10.93,0.01,51,55743,买盘
218,14:36:05,10.92,--,8,8736,卖盘
219,14:35:55,10.92,-0.01,141,153972,卖盘
220,14:35:50,10.93,--,57,62301,卖盘
221,14:35:45,10.93,--,29,31697,卖盘
222,14:35:35,10.93,--,24,26232,卖盘
223,14:35:30,10.93,--,120,131160,卖盘
224,14:35:25,10.93,0.01,12,13116,买盘
225,14:35:15,10.92,-0.01,37,40404,卖盘
226,14:35:10,10.93,0.01,34,37162,买盘
227,14:35:00,10.92,--,11,12012,卖盘
228,14:34:55,10.92,--,19,20748,卖盘
229,14:34:45,10.92,--,12,13104,卖盘
230,14:34:30,10.92,-0.01,7,7644,卖盘
231,14:34:25,10.93,--,17,18581,买盘
232,14:34:10,10.93,0.01,40,43720,买盘
233,14:34:05,10.92,-0.01,20,21840,卖盘
234,14:34:00,10.93,0.01,2,2186,买盘
235,14:33:55,10.92,0.01,4,4368,卖盘
236,14:33:29,10.91,--,16,17456,卖盘
237,14:33:25,10.91,-0.03,100,109100,卖盘
238,14:33:10,10.94,--,10,10940,买盘
239,14:33:05,10.94,0.01,1,1094,买盘
240,14:32:59,10.93,0.01,25,27325,买盘
241,14:32:55,10.92,--,10,10920,卖盘
242,14:32:44,10.92,--,20,21840,卖盘
243,14:32:34,10.92,--,75,81900,卖盘
244,14:32:29,10.92,--,3,3276,卖盘
245,14:32:25,10.92,--,3,3276,卖盘
246,14:32:20,10.92,-0.01,8,8736,卖盘
247,14:32:14,10.93,0.01,34,37162,买盘
248,14:32:10,10.92,-0.01,1,1092,卖盘
249,14:31:55,10.93,--,20,21860,中性盘
250,14:31:44,10.93,--,0,0,卖盘
251,14:31:40,10.93,--,25,27325,卖盘
252,14:31:29,10.93,0.01,3,3279,买盘
253,14:31:24,10.92,--,50,54600,卖盘
254,14:31:19,10.92,-0.01,18,19656,卖盘
255,14:31:14,10.93,--,1,1202,买盘
256,14:31:09,10.93,--,12,13116,中性盘
257,14:31:04,10.93,--,5,5465,卖盘
258,14:30:59,10.93,0.01,25,27325,买盘
259,14:30:54,10.92,-0.01,5,5460,卖盘
260,14:30:49,10.93,0.01,192,209856,买盘
261,14:30:39,10.92,-0.01,23,25116,卖盘
262,14:30:29,10.93,0.01,1,1093,买盘
263,14:30:19,10.92,-0.01,51,55692,卖盘
264,14:30:14,10.93,--,20,21860,买盘
265,14:30:09,10.93,--,8,8744,买盘
266,14:30:04,10.93,0.01,33,36069,买盘
267,14:29:54,10.92,-0.01,10,10920,卖盘
268,14:29:39,10.93,0.01,4,4372,买盘
269,14:29:34,10.92,-0.01,6,6552,卖盘
270,14:29:24,10.93,--,24,26232,卖盘
271,14:29:19,10.93,--,32,34976,卖盘
272,14:29:09,10.93,--,1,1093,卖盘
273,14:29:04,10.93,-0.01,20,21860,卖盘
274,14:28:54,10.94,--,2,2188,买盘
275,14:28:49,10.94,0.01,2,2188,买盘
276,14:28:44,10.93,-0.01,12,13116,卖盘
277,14:28:39,10.94,--,15,16410,卖盘
278,14:28:34,10.94,--,5,5470,卖盘
279,14:28:24,10.94,--,1,1094,卖盘
280,14:28:19,10.94,--,206,225364,卖盘
281,14:28:09,10.94,-0.01,5,5470,卖盘
282,14:27:59,10.95,--,30,32850,买盘
283,14:27:49,10.95,--,5,5475,卖盘
284,14:27:34,10.95,--,15,16425,买盘
285,14:27:29,10.95,--,1,1095,买盘
286,14:27:24,10.95,0.01,11,12045,买盘
287,14:27:19,10.94,--,53,57982,卖盘
288,14:26:59,10.94,--,6,6564,卖盘
289,14:26:54,10.94,0.01,35,38290,买盘
290,14:26:49,10.93,-0.01,238,260134,卖盘
291,14:26:44,10.94,--,50,54700,买盘
292,14:26:29,10.94,--,33,36102,买盘
293,14:26:24,10.94,--,5,5470,卖盘
294,14:26:09,10.94,-0.02,6,6564,卖盘
295,14:25:54,10.96,0.02,34,37264,买盘
296,14:25:49,10.94,--,6,6564,卖盘
297,14:25:44,10.94,--,0,0,卖盘
298,14:25:38,10.94,-0.02,6,6564,卖盘
299,14:25:34,10.96,0.01,88,96448,买盘
300,14:25:29,10.95,--,71,78829,卖盘
301,14:25:19,10.95,--,1,1095,卖盘
302,14:25:13,10.95,--,35,38325,卖盘
303,14:25:08,10.95,--,33,36135,卖盘
304,14:24:49,10.95,--,14,15329,卖盘
305,14:24:43,10.95,--,81,88695,卖盘
306,14:24:28,10.95,-0.01,7,7664,卖盘
307,14:23:58,10.96,0.01,59,64664,买盘
308,14:23:44,10.95,-0.02,44,48180,卖盘
309,14:23:38,10.97,0.01,34,37298,买盘
310,14:23:33,10.96,-0.01,29,31784,卖盘
311,14:23:13,10.97,0.01,10,10970,买盘
312,14:23:07,10.96,--,68,74528,卖盘
313,14:22:58,10.96,-0.01,29,31784,卖盘
314,14:22:43,10.97,--,34,37298,买盘
315,14:22:28,10.97,--,26,28522,买盘
316,14:22:18,10.97,0.01,34,37298,买盘
317,14:22:13,10.96,--,201,220296,卖盘
318,14:22:07,10.96,-0.01,13,14248,卖盘
319,14:21:58,10.97,--,13,14261,买盘
320,14:21:52,10.97,--,30,32910,买盘
321,14:21:48,10.97,--,70,76790,买盘
322,14:21:43,10.97,--,10,10970,买盘
323,14:21:37,10.97,--,1,1097,买盘
324,14:21:33,10.97,0.01,81,88857,买盘
325,14:21:28,10.96,-0.01,31,33976,卖盘
326,14:21:22,10.97,--,67,73499,买盘
327,14:21:18,10.97,--,11,12067,买盘
328,14:21:13,10.97,0.01,5,5485,买盘
329,14:21:07,10.96,-0.01,5,5480,卖盘
330,14:21:03,10.97,0.01,34,37298,买盘
331,14:20:48,10.96,--,10,10960,卖盘
332,14:20:43,10.96,--,20,21920,卖盘
333,14:20:37,10.96,--,11,12056,卖盘
334,14:20:33,10.96,0.01,272,298462,买盘
335,14:20:28,10.95,-0.01,23,25185,卖盘
336,14:20:18,10.96,0.01,10,10960,买盘
337,14:20:13,10.95,--,5,5475,卖盘
338,14:20:03,10.95,-0.01,20,21900,卖盘
339,14:19:58,10.96,--,12,13152,买盘
340,14:19:43,10.96,0.01,34,37264,买盘
341,14:19:33,10.95,-0.01,4,4380,卖盘
342,14:19:28,10.96,0.01,5,5480,买盘
343,14:19:22,10.95,--,1,1095,卖盘
344,14:19:18,10.95,--,86,94170,卖盘
345,14:19:07,10.95,--,14,15329,卖盘
346,14:19:03,10.95,--,30,32850,卖盘
347,14:18:58,10.95,--,15,16425,卖盘
348,14:18:47,10.95,0.02,156,171575,买盘
349,14:18:28,10.93,-0.02,29,31697,卖盘
350,14:18:22,10.95,0.01,34,37230,买盘
351,14:18:07,10.94,--,14,15316,卖盘
352,14:17:58,10.94,0.01,46,50324,买盘
353,14:17:46,10.93,--,8,8744,卖盘
354,14:17:43,10.93,-0.01,3,3279,卖盘
355,14:17:37,10.94,0.01,42,45948,买盘
356,14:17:31,10.93,-0.01,10,10930,卖盘
357,14:17:13,10.94,0.01,25,27350,买盘
358,14:17:07,10.93,-0.01,28,30604,卖盘
359,14:17:01,10.94,--,5,5470,卖盘
360,14:16:57,10.94,-0.01,15,16410,卖盘
361,14:16:52,10.95,0.01,34,37230,买盘
362,14:16:46,10.94,--,10,10940,卖盘
363,14:16:37,10.94,--,6,6564,卖盘
364,14:16:28,10.94,--,10,10940,买盘
365,14:16:22,10.94,--,1,1094,买盘
366,14:16:12,10.94,--,15,16410,买盘
367,14:15:57,10.94,--,39,42666,卖盘
368,14:15:52,10.94,-0.01,30,32820,卖盘
369,14:15:46,10.95,0.01,34,37230,买盘
370,14:15:42,10.94,--,57,62358,卖盘
371,14:15:37,10.94,--,13,14222,卖盘
372,14:15:31,10.94,--,2,2188,卖盘
373,14:15:22,10.94,-0.01,17,18598,卖盘
374,14:15:07,10.95,--,165,181014,卖盘
375,14:14:57,10.95,-0.01,1,1095,卖盘
376,14:14:52,10.96,0.01,18,19728,买盘
377,14:14:46,10.95,--,19,20805,卖盘
378,14:14:42,10.95,--,270,295650,卖盘
379,14:14:37,10.95,--,23,25185,卖盘
380,14:14:27,10.95,--,10,10950,卖盘
381,14:14:22,10.95,--,20,21900,卖盘
382,14:14:16,10.95,-0.01,3,3285,卖盘
383,14:14:12,10.96,0.01,4,4384,买盘
384,14:14:07,10.95,--,202,221190,卖盘
385,14:13:57,10.95,--,30,32850,卖盘
386,14:13:52,10.95,--,20,21900,卖盘
387,14:13:46,10.95,--,10,10950,卖盘
388,14:13:42,10.95,-0.01,19,20805,卖盘
389,14:13:37,10.96,0.01,63,69048,买盘
390,14:13:31,10.95,--,20,21900,卖盘
391,14:13:27,10.95,--,20,21900,卖盘
392,14:13:22,10.95,--,100,109500,卖盘
393,14:13:16,10.95,--,10,10950,卖盘
394,14:13:12,10.95,--,50,54750,卖盘
395,14:13:07,10.95,-0.01,44,48180,卖盘
396,14:13:01,10.96,--,50,54800,买盘
397,14:12:57,10.96,--,40,43840,买盘
398,14:12:42,10.96,--,88,97423,卖盘
399,14:12:37,10.96,-0.01,4,4384,卖盘
400,14:12:22,10.97,--,4,4388,买盘
401,14:12:12,10.97,0.01,22,24134,买盘
402,14:12:07,10.96,-0.01,78,85488,卖盘
403,14:11:57,10.97,0.01,9,9873,买盘
404,14:11:52,10.96,--,6,6576,卖盘
405,14:11:37,10.96,--,6,6576,卖盘
406,14:11:26,10.96,--,13,14248,卖盘
407,14:11:12,10.96,--,20,21920,卖盘
408,14:10:56,10.96,--,40,43840,卖盘
409,14:10:40,10.96,--,7,7672,卖盘
410,14:10:37,10.96,--,11,12176,买盘
411,14:10:31,10.96,-0.01,10,11946,卖盘
412,14:10:25,10.97,0.01,34,37298,买盘
413,14:10:16,10.96,--,51,55896,卖盘
414,14:09:52,10.96,--,100,109600,卖盘
415,14:09:46,10.96,-0.01,25,27400,卖盘
416,14:09:37,10.97,0.01,10,10970,买盘
417,14:09:31,10.96,--,10,10960,卖盘
418,14:09:25,10.96,-0.01,44,48224,卖盘
419,14:09:22,10.97,0.01,32,35104,买盘
420,14:09:16,10.96,--,65,71240,卖盘
421,14:09:10,10.96,-0.01,10,10960,卖盘
422,14:09:06,10.97,0.01,4,4388,买盘
423,14:09:01,10.96,-0.01,52,56992,卖盘
424,14:08:55,10.97,--,16,17552,买盘
425,14:08:51,10.97,--,16,17552,买盘
426,14:08:46,10.97,--,34,37298,买盘
427,14:08:40,10.97,-0.01,32,35104,买盘
428,14:08:36,10.98,--,0,0,买盘
429,14:08:31,10.98,0.02,27,29646,买盘
430,14:08:25,10.96,--,6,6576,卖盘
431,14:08:06,10.96,-0.02,109,119464,卖盘
432,14:07:55,10.98,--,18,19764,买盘
433,14:07:51,10.98,0.01,450,494100,买盘
434,14:07:46,10.97,0.01,52,57044,买盘
435,14:07:40,10.96,--,132,144672,卖盘
436,14:07:36,10.96,-0.01,20,21920,卖盘
437,14:07:16,10.97,--,58,63626,买盘
438,14:07:06,10.97,--,20,21940,买盘
439,14:07:01,10.97,-0.01,142,155774,卖盘
440,14:06:51,10.98,0.01,25,27450,买盘
441,14:06:46,10.97,--,10,10970,卖盘
442,14:06:36,10.97,--,5,5485,卖盘
443,14:06:31,10.97,-0.01,111,121767,卖盘
444,14:06:25,10.98,0.01,115,126270,买盘
445,14:06:21,10.97,--,20,21940,卖盘
446,14:06:16,10.97,0.01,10,10970,买盘
447,14:06:06,10.96,-0.01,30,32880,卖盘
448,14:06:01,10.97,--,41,44977,买盘
449,14:05:55,10.97,--,4,4388,买盘
450,14:05:51,10.97,--,29,31813,买盘
451,14:05:40,10.97,--,21,23037,买盘
452,14:05:36,10.97,-0.01,233,255601,中性盘
453,14:05:31,10.98,0.01,64,70272,买盘
454,14:05:25,10.97,-0.02,50,54850,卖盘
455,14:05:21,10.99,--,83,91217,买盘
456,14:05:15,10.99,0.02,32,35168,买盘
457,14:05:10,10.97,--,72,78984,卖盘
458,14:05:06,10.97,--,104,114088,卖盘
459,14:05:01,10.97,-0.01,413,453061,卖盘
460,14:04:51,10.98,--,526,577548,买盘
461,14:04:46,10.98,--,27,29646,买盘
462,14:04:40,10.98,--,47,51606,买盘
463,14:04:36,10.98,0.01,62,68076,买盘
464,14:04:31,10.97,-0.01,37,40589,卖盘
465,14:04:25,10.98,--,43,47214,买盘
466,14:04:21,10.98,--,14,15372,买盘
467,14:04:15,10.98,--,222,243756,买盘
468,14:04:10,10.98,0.01,35,38430,买盘
469,14:04:06,10.97,-0.01,9,9873,中性盘
470,14:04:01,10.98,0.01,77,84546,买盘
471,14:03:55,10.97,--,25,27425,买盘
472,14:03:51,10.97,-0.01,5,5485,买盘
473,14:03:45,10.98,0.01,59,64782,买盘
474,14:03:40,10.97,--,45,49365,买盘
475,14:03:35,10.97,-0.01,59,64723,卖盘
476,14:03:30,10.98,--,73,80154,买盘
477,14:03:25,10.98,0.01,523,574254,买盘
478,14:03:19,10.97,--,18,19746,卖盘
479,14:03:15,10.97,-0.01,64,70208,中性盘
480,14:03:10,10.98,0.01,46,50508,买盘
481,14:03:04,10.97,0.01,29,31813,买盘
482,14:03:00,10.96,-0.01,134,146864,卖盘
483,14:02:55,10.97,--,100,109700,卖盘
484,14:02:49,10.97,--,75,82275,买盘
485,14:02:45,10.97,--,49,53753,买盘
486,14:02:40,10.97,0.01,38,41686,买盘
487,14:02:34,10.96,-0.01,20,21920,卖盘
488,14:02:31,10.97,--,76,83372,买盘
489,14:02:25,10.97,--,236,258892,买盘
490,14:02:19,10.97,--,10,10970,买盘
491,14:02:15,10.97,--,45,49365,卖盘
492,14:02:10,10.97,--,47,51559,买盘
493,14:02:04,10.97,0.01,1,1097,买盘
494,14:02:00,10.96,-0.01,195,213720,卖盘
495,14:01:55,10.97,-0.01,13,14261,卖盘
496,14:01:49,10.98,0.01,305,334890,买盘
497,14:01:45,10.97,--,126,138222,买盘
498,14:01:40,10.97,--,232,254504,买盘
499,14:01:30,10.97,-0.01,73,80081,中性盘
500,14:01:25,10.98,0.01,516,566568,买盘
501,14:01:19,10.97,--,10,10970,买盘
502,14:01:15,10.97,--,37,40589,买盘
503,14:01:10,10.97,--,37,40589,买盘
504,14:01:04,10.97,--,210,230370,买盘
505,14:01:00,10.97,--,21,23037,买盘
506,14:00:55,10.97,--,1,1097,买盘
507,14:00:49,10.97,0.01,34,37298,买盘
508,14:00:45,10.96,--,2,2192,卖盘
509,14:00:40,10.96,--,154,168893,买盘
510,14:00:34,10.96,0.01,11,12056,买盘
511,14:00:30,10.95,-0.01,6,7643,卖盘
512,14:00:25,10.96,--,33,36168,买盘
513,14:00:19,10.96,--,6,6576,买盘
514,14:00:15,10.96,0.01,3,3288,买盘
515,14:00:10,10.95,--,160,175977,买盘
516,14:00:04,10.95,--,90,98550,买盘
517,14:00:00,10.95,--,40,43800,买盘
518,13:59:55,10.95,0.01,10,10950,买盘
519,13:59:49,10.94,--,20,21880,卖盘
520,13:59:45,10.94,--,23,25162,卖盘
521,13:59:40,10.94,--,10,10940,卖盘
522,13:59:30,10.94,--,33,36102,买盘
523,13:59:25,10.94,--,23,25162,买盘
524,13:59:19,10.94,--,123,134562,买盘
525,13:59:15,10.94,0.01,31,33914,买盘
526,13:59:10,10.93,-0.01,10,10930,卖盘
527,13:59:04,10.94,0.01,34,37196,买盘
528,13:59:00,10.93,--,5,5465,卖盘
529,13:58:55,10.93,--,70,76510,卖盘
530,13:58:49,10.93,--,53,57929,买盘
531,13:58:45,10.93,--,188,205484,买盘
532,13:58:40,10.93,--,70,76510,买盘
533,13:58:30,10.93,0.01,224,244832,买盘
534,13:58:25,10.92,-0.01,7,7644,卖盘
535,13:58:15,10.93,0.01,6,6558,买盘
536,13:58:04,10.92,--,10,10920,卖盘
537,13:58:00,10.92,--,47,51815,买盘
538,13:57:55,10.92,--,20,21840,买盘
539,13:57:45,10.92,--,39,42588,买盘
540,13:57:40,10.92,--,134,146928,卖盘
541,13:57:25,10.92,--,161,176303,买盘
542,13:57:15,10.92,--,11,12012,买盘
543,13:57:09,10.92,--,229,250668,卖盘
544,13:57:00,10.92,--,41,45263,买盘
545,13:56:49,10.92,--,17,19164,卖盘
546,13:56:45,10.92,--,100,109691,买盘
547,13:56:39,10.92,--,2,2184,买盘
548,13:56:09,10.92,0.01,13,14196,买盘
549,13:56:04,10.91,-0.01,9,9819,卖盘
550,13:55:58,10.92,--,1,1092,买盘
551,13:55:54,10.92,--,6,6552,买盘
552,13:55:39,10.92,0.01,1,1092,买盘
553,13:55:24,10.91,-0.01,8,8728,卖盘
554,13:55:19,10.92,--,20,21840,买盘
555,13:55:09,10.92,--,20,22440,卖盘
556,13:54:43,10.92,--,30,32760,卖盘
557,13:54:34,10.92,--,11,12012,卖盘
558,13:54:19,10.92,0.01,60,66011,买盘
559,13:54:09,10.91,-0.01,111,121101,卖盘
560,13:53:58,10.92,0.01,146,159432,买盘
561,13:53:54,10.91,-0.01,3,3273,卖盘
562,13:53:34,10.92,0.01,16,17472,买盘
563,13:53:28,10.91,-0.01,19,20729,卖盘
564,13:53:13,10.92,0.01,5,5460,买盘
565,13:53:09,10.91,--,3,3273,卖盘
566,13:52:49,10.91,--,2,2182,卖盘
567,13:52:43,10.91,--,40,43640,卖盘
568,13:52:39,10.91,--,5,5455,买盘
569,13:52:34,10.91,-0.01,4,4364,卖盘
570,13:52:24,10.92,--,5,5460,买盘
571,13:52:09,10.92,--,421,459732,买盘
572,13:51:49,10.92,0.01,65,70980,买盘
573,13:51:43,10.91,-0.01,5,5455,卖盘
574,13:51:39,10.92,--,4,4368,买盘
575,13:51:24,10.92,--,1,1092,买盘
576,13:50:58,10.92,--,2,2784,卖盘
577,13:50:54,10.92,--,29,32159,买盘
578,13:50:39,10.92,--,3,3276,买盘
579,13:50:34,10.92,--,60,65520,买盘
580,13:50:28,10.92,--,6,6552,买盘
581,13:50:19,10.92,--,16,17472,买盘
582,13:50:13,10.92,--,8,8736,卖盘
583,13:50:04,10.92,--,17,18564,卖盘
584,13:49:49,10.92,--,6,6552,卖盘
585,13:49:43,10.92,--,2,2184,卖盘
586,13:49:39,10.92,--,10,10920,卖盘
587,13:49:34,10.92,--,3,3276,卖盘
588,13:49:09,10.92,--,11,12012,卖盘
589,13:49:04,10.92,--,13,14196,卖盘
590,13:48:58,10.92,--,2,2184,卖盘
591,13:48:54,10.92,--,8,8736,卖盘
592,13:48:49,10.92,-0.01,15,16380,卖盘
593,13:48:43,10.93,0.01,20,21860,买盘
594,13:48:39,10.92,--,4,4368,卖盘
595,13:48:33,10.92,--,2,2184,卖盘
596,13:48:28,10.92,--,5,5460,卖盘
597,13:48:18,10.92,--,55,60060,卖盘
598,13:48:13,10.92,--,60,65520,卖盘
599,13:48:09,10.92,--,10,10920,卖盘
600,13:47:58,10.92,--,10,10920,卖盘
601,13:47:52,10.92,--,2,2184,卖盘
602,13:47:48,10.92,-0.01,14,15288,卖盘
603,13:47:43,10.93,0.01,35,38255,买盘
604,13:47:33,10.92,--,2,2184,卖盘
605,13:47:22,10.92,--,5,5460,卖盘
606,13:47:18,10.92,-0.01,37,40404,卖盘
607,13:47:13,10.93,--,5,5465,买盘
608,13:46:58,10.93,0.01,40,43720,买盘
609,13:46:43,10.92,--,12,13104,卖盘
610,13:46:28,10.92,-0.01,2,2184,卖盘
611,13:46:18,10.93,--,2,2186,买盘
612,13:46:13,10.93,--,59,64487,买盘
613,13:45:58,10.93,--,13,14209,买盘
614,13:45:48,10.93,--,0,0,买盘
615,13:45:43,10.93,0.02,18,19674,买盘
616,13:45:37,10.91,--,12,13092,卖盘
617,13:45:33,10.91,--,5,5455,卖盘
618,13:45:28,10.91,--,5,5455,卖盘
619,13:45:22,10.91,--,2,2182,卖盘
620,13:45:07,10.91,-0.01,6,6546,卖盘
621,13:45:03,10.92,--,7,7644,买盘
622,13:44:52,10.92,0.01,5,5460,买盘
623,13:44:33,10.91,--,6,6546,卖盘
624,13:44:07,10.91,--,18,19638,卖盘
625,13:44:03,10.91,-0.01,100,109100,卖盘
626,13:43:58,10.92,0.01,5,5460,卖盘
627,13:43:52,10.91,--,0,0,卖盘
628,13:43:48,10.91,-0.01,32,35686,卖盘
629,13:43:43,10.92,--,34,37128,买盘
630,13:43:37,10.92,0.01,12,13104,买盘
631,13:43:33,10.91,--,57,62187,卖盘
632,13:43:28,10.91,-0.01,20,21820,卖盘
633,13:43:22,10.92,--,1,1092,买盘
634,13:43:18,10.92,--,11,12012,买盘
635,13:43:13,10.92,0.01,21,22932,买盘
636,13:43:07,10.91,-0.01,6,6546,卖盘
637,13:43:03,10.92,--,2,2184,买盘
638,13:42:58,10.92,0.01,60,65520,买盘
639,13:42:52,10.91,-0.01,20,21820,卖盘
640,13:42:43,10.92,0.01,98,107016,买盘
641,13:42:33,10.91,--,8,8728,卖盘
642,13:42:13,10.91,--,3,3273,买盘
643,13:42:03,10.91,--,11,12001,买盘
644,13:41:58,10.91,--,55,60005,买盘
645,13:41:48,10.91,--,38,41458,买盘
646,13:41:43,10.91,0.01,20,21820,买盘
647,13:41:33,10.9,-0.01,4,4360,卖盘
648,13:41:22,10.91,--,11,12001,买盘
649,13:41:18,10.91,0.01,10,10910,买盘
650,13:41:13,10.9,-0.01,103,112270,卖盘
651,13:41:03,10.91,--,21,22911,买盘
652,13:40:58,10.91,--,8,8728,买盘
653,13:40:52,10.91,--,21,22911,买盘
654,13:40:48,10.91,--,10,10910,买盘
655,13:40:43,10.91,--,8,8728,买盘
656,13:40:37,10.91,0.01,8,8728,买盘
657,13:40:12,10.9,-0.01,7,7630,卖盘
658,13:39:57,10.91,--,33,36003,买盘
659,13:39:52,10.91,0.01,6,6546,买盘
660,13:39:37,10.9,--,1,1090,卖盘
661,13:39:27,10.9,-0.01,9,9810,卖盘
662,13:39:12,10.91,--,21,22911,卖盘
663,13:38:52,10.91,-0.01,1,1091,卖盘
664,13:38:42,10.92,--,0,0,买盘
665,13:38:12,10.92,0.02,66,72072,买盘
666,13:38:07,10.9,-0.01,4,4360,卖盘
667,13:38:01,10.91,--,43,47229,卖盘
668,13:37:57,10.91,--,10,10910,卖盘
669,13:37:52,10.91,--,63,68733,卖盘
670,13:37:46,10.91,--,5,5455,卖盘
671,13:37:21,10.91,--,28,30548,卖盘
672,13:37:12,10.91,-0.01,5,5455,卖盘
673,13:36:46,10.92,0.01,11,12012,买盘
674,13:36:42,10.91,--,244,266204,卖盘
675,13:36:36,10.91,-0.01,5,5455,卖盘
676,13:36:16,10.92,0.01,10,10920,买盘
677,13:36:12,10.91,--,36,39276,卖盘
678,13:36:07,10.91,--,10,10910,卖盘
679,13:35:57,10.91,--,14,15274,卖盘
680,13:35:51,10.91,--,13,14183,卖盘
681,13:35:46,10.91,--,6,6546,卖盘
682,13:35:42,10.91,-0.01,14,15274,卖盘
683,13:35:37,10.92,--,15,16380,买盘
684,13:35:27,10.92,--,15,16380,买盘
685,13:35:22,10.92,--,3,3276,卖盘
686,13:35:12,10.92,--,6,6552,卖盘
687,13:35:07,10.92,--,3,3276,卖盘
688,13:35:01,10.92,--,2,2184,卖盘
689,13:34:57,10.92,0.01,1,1092,中性盘
690,13:34:52,10.91,-0.01,9,9819,卖盘
691,13:34:46,10.92,--,10,10920,买盘
692,13:34:27,10.92,--,10,10920,买盘
693,13:34:22,10.92,--,30,32760,买盘
694,13:34:15,10.92,0.01,10,10920,买盘
695,13:34:12,10.91,-0.01,23,25093,卖盘
696,13:34:06,10.92,--,13,14196,买盘
697,13:33:52,10.92,0.01,9,9828,买盘
698,13:33:42,10.91,--,0,0,卖盘
699,13:33:30,10.91,-0.02,410,447310,卖盘
700,13:33:27,10.93,0.01,30,32790,买盘
701,13:33:21,10.92,--,5,5460,卖盘
702,13:33:12,10.92,-0.01,8,8736,卖盘
703,13:32:57,10.93,0.01,70,76510,买盘
704,13:32:51,10.92,--,200,218400,卖盘
705,13:32:37,10.92,-0.01,6,6552,卖盘
706,13:32:30,10.93,--,16,17488,买盘
707,13:32:11,10.93,0.01,10,10930,买盘
708,13:32:06,10.92,-0.01,6,6552,卖盘
709,13:32:00,10.93,0.01,7,7651,买盘
710,13:31:56,10.92,-0.01,3,3276,卖盘
711,13:31:45,10.93,0.01,5,5465,买盘
712,13:31:41,10.92,-0.01,200,218400,卖盘
713,13:31:36,10.93,--,8,8744,卖盘
714,13:31:30,10.93,--,25,27325,卖盘
715,13:31:26,10.93,--,10,10930,卖盘
716,13:31:21,10.93,--,120,131160,卖盘
717,13:31:15,10.93,--,7,7651,买盘
718,13:31:06,10.93,0.01,10,10930,买盘
719,13:31:00,10.92,-0.01,9,9828,卖盘
720,13:30:51,10.93,0.01,8,8744,买盘
721,13:30:45,10.92,-0.01,16,17472,卖盘
722,13:30:41,10.93,--,0,0,中性盘
723,13:30:36,10.93,0.01,4,4372,买盘
724,13:30:30,10.92,--,73,79716,卖盘
725,13:30:24,10.92,-0.01,12,13104,卖盘
726,13:30:21,10.93,0.01,10,10930,卖盘
727,13:30:09,10.92,--,0,0,卖盘
728,13:30:06,10.92,-0.01,433,472836,卖盘
729,13:30:00,10.93,--,1,1093,买盘
730,13:29:54,10.93,0.01,7,7651,买盘
731,13:29:51,10.92,--,150,163800,卖盘
732,13:29:36,10.92,-0.01,15,16380,卖盘
733,13:29:30,10.93,--,103,112579,买盘
734,13:29:24,10.93,--,12,13116,买盘
735,13:29:21,10.93,0.01,11,12023,买盘
736,13:29:09,10.92,--,8,9347,买盘
737,13:29:06,10.92,--,32,34944,买盘
738,13:29:00,10.92,--,15,16380,买盘
739,13:28:54,10.92,--,29,31668,买盘
740,13:28:51,10.92,0.01,3,3276,买盘
741,13:28:39,10.91,--,15,16365,卖盘
742,13:28:36,10.91,--,317,346010,买盘
743,13:28:30,10.91,--,13,14183,买盘
744,13:28:24,10.91,--,13,14183,买盘
745,13:28:21,10.91,--,100,109100,买盘
746,13:28:15,10.91,--,7,7637,买盘
747,13:28:06,10.91,0.01,23,25093,买盘
748,13:27:36,10.9,--,30,32700,卖盘
749,13:27:30,10.9,--,43,46870,卖盘
750,13:27:24,10.9,--,3,3270,卖盘
751,13:27:21,10.9,--,5,5450,卖盘
752,13:27:15,10.9,0.01,43,46870,买盘
753,13:27:09,10.89,-0.01,5,5445,卖盘
754,13:27:06,10.9,0.01,35,38150,买盘
755,13:27:00,10.89,-0.01,55,59895,卖盘
756,13:26:51,10.9,--,21,22890,买盘
757,13:26:45,10.9,0.01,4,4360,买盘
758,13:26:36,10.89,-0.01,11,11979,卖盘
759,13:26:30,10.9,0.01,10,10900,买盘
760,13:26:15,10.89,-0.01,20,21780,卖盘
761,13:26:09,10.9,--,15,16350,买盘
762,13:26:00,10.9,--,2,2180,买盘
763,13:25:54,10.9,0.01,22,23980,买盘
764,13:25:15,10.89,--,1,1089,卖盘
765,13:25:09,10.89,--,3,3267,卖盘
766,13:25:06,10.89,--,12,13144,买盘
767,13:25:00,10.89,--,20,21780,买盘
768,13:24:54,10.89,--,5,5445,买盘
769,13:24:45,10.89,--,124,135036,买盘
770,13:24:30,10.89,--,10,10890,买盘
771,13:24:24,10.89,--,62,67518,买盘
772,13:24:20,10.89,--,30,32670,买盘
773,13:24:15,10.89,--,27,29403,买盘
774,13:24:09,10.89,--,21,22869,买盘
775,13:24:06,10.89,--,10,10890,买盘
776,13:23:54,10.89,--,3,3267,买盘
777,13:23:45,10.89,0.01,32,34848,买盘
778,13:23:30,10.88,-0.01,8,8704,卖盘
779,13:23:24,10.89,--,4,4356,买盘
780,13:23:00,10.89,--,21,22869,买盘
781,13:22:54,10.89,--,30,32670,买盘
782,13:22:39,10.89,--,251,273339,买盘
783,13:22:30,10.89,--,5,5445,买盘
784,13:22:20,10.89,--,30,32670,买盘
785,13:22:15,10.89,--,96,104544,买盘
786,13:22:09,10.89,0.01,28,30492,买盘
787,13:22:00,10.88,-0.01,101,109888,卖盘
788,13:21:54,10.89,--,10,10890,买盘
789,13:21:48,10.89,0.01,22,23958,买盘
790,13:21:45,10.88,--,1,1088,卖盘
791,13:21:39,10.88,-0.01,24,26112,卖盘
792,13:21:30,10.89,--,23,25047,买盘
793,13:21:24,10.89,0.01,32,34848,买盘
794,13:21:09,10.88,--,10,10880,卖盘
795,13:20:45,10.88,-0.01,5,5440,卖盘
796,13:20:39,10.89,--,22,23958,买盘
797,13:20:24,10.89,0.01,30,32670,买盘
798,13:20:15,10.88,-0.01,7,7616,卖盘
799,13:20:09,10.89,--,67,72963,买盘
800,13:20:00,10.89,--,21,22869,买盘
801,13:19:54,10.89,--,10,10890,买盘
802,13:19:39,10.89,0.01,5,5445,买盘
803,13:19:30,10.88,-0.01,4,4352,卖盘
804,13:19:24,10.89,0.01,22,23958,买盘
805,13:19:09,10.88,--,100,108800,卖盘
806,13:19:03,10.88,-0.01,400,435200,卖盘
807,13:19:00,10.89,0.01,2,2178,买盘
808,13:18:33,10.88,-0.01,52,56576,卖盘
809,13:18:24,10.89,--,520,566280,买盘
810,13:18:18,10.89,0.01,5,5445,买盘
811,13:18:15,10.88,--,50,54400,卖盘
812,13:18:09,10.88,-0.01,31,33728,卖盘
813,13:18:03,10.89,--,111,120879,买盘
814,13:18:00,10.89,--,1,1089,买盘
815,13:17:54,10.89,--,32,34848,买盘
816,13:17:48,10.89,--,4,4356,买盘
817,13:17:39,10.89,--,10,10890,买盘
818,13:17:33,10.89,--,23,25047,买盘
819,13:17:24,10.89,--,58,63162,买盘
820,13:17:18,10.89,--,34,37026,买盘
821,13:17:03,10.89,0.01,42,45738,买盘
822,13:16:54,10.88,-0.01,2,2176,卖盘
823,13:16:48,10.89,0.01,76,82764,买盘
824,13:16:44,10.88,--,5,5440,卖盘
825,13:16:39,10.88,-0.01,31,33728,卖盘
826,13:16:33,10.89,--,1,1089,买盘
827,13:16:24,10.89,--,43,46827,买盘
828,13:16:18,10.89,--,10,10890,买盘
829,13:16:14,10.89,--,10,10890,买盘
830,13:16:09,10.89,0.01,26,28314,买盘
831,13:15:39,10.88,--,10,10880,卖盘
832,13:15:33,10.88,--,22,23936,卖盘
833,13:15:24,10.88,-0.01,100,108800,卖盘
834,13:15:09,10.89,0.01,165,179685,买盘
835,13:15:03,10.88,--,20,21760,买盘
836,13:14:59,10.88,--,2,2176,买盘
837,13:14:54,10.88,-0.01,22,23936,中性盘
838,13:14:48,10.89,--,50,54450,买盘
839,13:14:39,10.89,--,6,6534,买盘
840,13:14:33,10.89,--,134,145926,买盘
841,13:14:24,10.89,0.01,320,348480,买盘
842,13:14:18,10.88,-0.01,17,18496,卖盘
843,13:14:14,10.89,--,8,8712,买盘
844,13:14:09,10.89,--,3,3267,买盘
845,13:14:03,10.89,--,23,25047,买盘
846,13:13:44,10.89,0.01,71,77319,买盘
847,13:13:33,10.88,-0.01,27,29376,卖盘
848,13:13:27,10.89,0.01,20,21780,买盘
849,13:13:24,10.88,--,6,6528,卖盘
850,13:13:12,10.88,--,25,27200,卖盘
851,13:13:03,10.88,--,10,10880,卖盘
852,13:12:42,10.88,--,1,1088,卖盘
853,13:12:39,10.88,0.01,3,3264,买盘
854,13:12:33,10.87,--,23,25001,卖盘
855,13:12:27,10.87,-0.01,10,10870,卖盘
856,13:12:24,10.88,--,20,21760,买盘
857,13:12:09,10.88,0.01,5,5440,买盘
858,13:12:03,10.87,-0.01,1,1087,卖盘
859,13:11:48,10.88,--,3,3264,买盘
860,13:11:33,10.88,--,2,2176,卖盘
861,13:11:27,10.88,-0.01,10,10880,卖盘
862,13:11:18,10.89,0.02,30,32670,买盘
863,13:11:03,10.87,-0.01,199,216312,卖盘
864,13:10:48,10.88,--,29,31552,买盘
865,13:10:38,10.88,0.01,1,1088,买盘
866,13:10:33,10.87,--,0,0,卖盘
867,13:10:27,10.87,-0.02,1,1087,卖盘
868,13:10:12,10.89,0.01,107,116523,买盘
869,13:10:03,10.88,-0.01,5,5440,卖盘
870,13:09:57,10.89,0.01,1,1089,买盘
871,13:09:53,10.88,--,25,27200,买盘
872,13:09:48,10.88,--,2,2176,买盘
873,13:09:42,10.88,--,5,5440,买盘
874,13:09:38,10.88,--,23,25024,卖盘
875,13:09:27,10.88,--,42,45696,买盘
876,13:09:23,10.88,--,1,1088,买盘
877,13:09:18,10.88,--,1,1088,买盘
878,13:09:03,10.88,-0.01,22,23936,卖盘
879,13:08:53,10.89,--,1,1089,买盘
880,13:08:48,10.89,0.02,20,21780,买盘
881,13:08:27,10.87,-0.01,3,3260,卖盘
882,13:08:23,10.88,--,4,4352,买盘
883,13:08:18,10.88,--,22,23936,买盘
884,13:08:12,10.88,--,5,5440,买盘
885,13:08:03,10.88,--,100,108800,买盘
886,13:07:57,10.88,--,10,10880,买盘
887,13:07:53,10.88,0.01,2,2176,买盘
888,13:07:48,10.87,-0.01,4,4348,卖盘
889,13:07:38,10.88,0.01,2,2176,买盘
890,13:07:33,10.87,-0.01,9,9783,卖盘
891,13:07:27,10.88,--,35,38080,买盘
892,13:07:18,10.88,-0.01,7,7616,卖盘
893,13:07:03,10.89,0.02,20,21780,买盘
894,13:06:12,10.87,--,0,0,卖盘
895,13:06:03,10.87,-0.02,60,65219,卖盘
896,13:05:57,10.89,0.01,104,113256,买盘
897,13:05:42,10.88,--,26,28288,买盘
898,13:05:38,10.88,0.01,2,2176,买盘
899,13:05:33,10.87,-0.01,20,21740,卖盘
900,13:05:27,10.88,--,10,10880,买盘
901,13:05:18,10.88,0.01,23,25024,买盘
902,13:05:03,10.87,--,135,146745,卖盘
903,13:04:57,10.87,--,2,2174,卖盘
904,13:04:32,10.87,-0.01,1,1087,卖盘
905,13:04:12,10.88,--,5,5440,买盘
906,13:03:51,10.88,--,5,5440,买盘
907,13:03:36,10.88,--,2,2176,买盘
908,13:03:32,10.88,--,2,2176,买盘
909,13:03:27,10.88,--,17,18496,买盘
910,13:03:21,10.88,-0.01,69,75072,卖盘
911,13:03:12,10.89,--,5,5445,买盘
912,13:02:42,10.89,0.01,10,10890,买盘
913,13:02:36,10.88,--,52,56576,卖盘
914,13:02:27,10.88,--,4,4352,卖盘
915,13:02:12,10.88,--,50,54400,买盘
916,13:01:57,10.88,0.01,4,4352,买盘
917,13:01:42,10.87,-0.01,14,15217,卖盘
918,13:01:27,10.88,--,3,3264,买盘
919,13:01:17,10.88,0.01,10,10880,买盘
920,13:01:12,10.87,-0.01,25,27174,卖盘
921,13:00:57,10.88,--,30,32640,买盘
922,13:00:21,10.88,--,41,44608,买盘
923,13:00:12,10.88,0.01,48,52224,买盘
924,13:00:06,10.87,--,122,132614,卖盘
925,13:00:02,10.87,--,38,42045,买盘
926,11:30:00,10.87,--,0,0,买盘
927,11:30:00,10.87,--,0,0,买盘
928,11:29:58,10.87,--,150,163397,卖盘
929,11:29:52,10.87,-0.01,10,10870,卖盘
930,11:29:43,10.88,0.01,5,5440,买盘
931,11:29:34,10.87,--,1,1087,卖盘
932,11:29:28,10.87,-0.01,21,22827,卖盘
933,11:29:19,10.88,0.01,33,35904,买盘
934,11:29:13,10.87,--,55,60524,买盘
935,11:29:03,10.87,--,31,33697,买盘
936,11:28:58,10.87,--,35,38045,买盘
937,11:28:48,10.87,--,71,77177,买盘
938,11:28:33,10.87,0.01,80,86960,买盘
939,11:28:28,10.86,-0.01,30,32580,卖盘
940,11:28:22,10.87,0.01,20,21740,买盘
941,11:28:18,10.86,-0.01,50,54300,卖盘
942,11:28:13,10.87,--,14,15217,买盘
943,11:28:03,10.87,--,40,43480,买盘
944,11:27:37,10.87,-0.01,87,94916,卖盘
945,11:27:33,10.88,-0.01,1,1088,买盘
946,11:27:28,10.89,0.01,42,45738,买盘
947,11:27:22,10.88,0.01,12,13056,买盘
948,11:27:18,10.87,-0.01,2,2826,卖盘
949,11:26:58,10.88,-0.01,25,28211,卖盘
950,11:26:48,10.89,--,2,2178,买盘
951,11:26:28,10.89,--,5,5445,买盘
952,11:26:18,10.89,0.01,11,12055,买盘
953,11:26:13,10.88,-0.01,3,3264,卖盘
954,11:26:03,10.89,0.01,2,2178,买盘
955,11:25:58,10.88,-0.01,12,13056,卖盘
956,11:25:48,10.89,0.01,1,1089,买盘
957,11:25:43,10.88,0.01,90,97920,买盘
958,11:25:33,10.87,--,20,21740,卖盘
959,11:25:28,10.87,--,16,17392,卖盘
960,11:25:18,10.87,-0.01,10,10956,卖盘
961,11:25:07,10.88,0.01,22,23936,买盘
962,11:25:03,10.87,--,68,73916,卖盘
963,11:24:48,10.87,--,5,5435,卖盘
964,11:24:37,10.87,--,20,21740,买盘
965,11:24:27,10.87,--,30,32609,买盘
966,11:24:22,10.87,0.01,20,21740,买盘
967,11:24:18,10.86,-0.01,10,10936,卖盘
968,11:24:12,10.87,0.01,33,35871,买盘
969,11:24:03,10.86,-0.01,50,54300,卖盘
970,11:23:57,10.87,0.01,13,14130,买盘
971,11:23:37,10.86,-0.01,20,21720,卖盘
972,11:23:27,10.87,0.01,9,9783,买盘
973,11:23:22,10.86,--,10,10946,卖盘
974,11:23:12,10.86,--,35,38010,卖盘
975,11:23:07,10.86,-0.02,30,32580,卖盘
976,11:22:52,10.88,--,13,14144,买盘
977,11:22:46,10.88,0.02,6,6528,买盘
978,11:22:42,10.86,-0.02,100,108600,卖盘
979,11:22:31,10.88,--,2,2176,买盘
980,11:22:27,10.88,0.01,8,8780,买盘
981,11:22:22,10.87,--,19,20653,卖盘
982,11:22:16,10.87,--,3,3260,卖盘
983,11:22:12,10.87,--,46,50002,卖盘
984,11:22:07,10.87,--,4,4348,卖盘
985,11:22:01,10.87,--,135,146745,卖盘
986,11:21:57,10.87,-0.01,31,33697,卖盘
987,11:21:52,10.88,0.01,2,2176,买盘
988,11:21:42,10.87,--,7,7608,卖盘
989,11:21:27,10.87,--,3,3260,卖盘
990,11:21:22,10.87,--,77,83785,买盘
991,11:21:16,10.87,0.01,18,19566,买盘
992,11:21:12,10.86,-0.01,5,5430,卖盘
993,11:21:07,10.87,--,10,10870,买盘
994,11:21:01,10.87,--,5,5435,买盘
995,11:20:57,10.87,0.01,6,6521,买盘
996,11:20:52,10.86,-0.01,2,2172,卖盘
997,11:20:46,10.87,--,3,3260,买盘
998,11:20:42,10.87,--,22,23914,买盘
999,11:20:37,10.87,--,9,9783,买盘
1000,11:20:31,10.87,--,10,10870,买盘
1001,11:20:27,10.87,0.01,10,10870,买盘
1002,11:20:16,10.86,--,10,10936,卖盘
1003,11:20:07,10.86,-0.01,61,66246,卖盘
1004,11:20:01,10.87,--,6,6521,买盘
1005,11:19:57,10.87,--,4,4348,买盘
1006,11:19:42,10.87,0.01,4,4348,买盘
1007,11:19:37,10.86,-0.01,27,29322,卖盘
1008,11:19:31,10.87,--,10,10870,买盘
1009,11:19:22,10.87,0.01,16,17392,买盘
1010,11:19:16,10.86,--,10,10946,卖盘
1011,11:19:12,10.86,-0.01,59,64074,卖盘
1012,11:19:07,10.87,--,196,213051,卖盘
1013,11:18:57,10.87,--,3,3260,卖盘
1014,11:18:52,10.87,--,9,9783,卖盘
1015,11:18:46,10.87,--,3,3260,卖盘
1016,11:18:42,10.87,--,3,3260,卖盘
1017,11:18:37,10.87,0.01,21,22827,买盘
1018,11:18:31,10.86,--,2,2172,卖盘
1019,11:18:27,10.86,-0.01,46,49956,卖盘
1020,11:18:22,10.87,0.01,24,26087,买盘
1021,11:18:16,10.86,--,10,10936,卖盘
1022,11:18:12,10.86,--,10,10860,卖盘
1023,11:18:07,10.86,--,20,21720,卖盘
1024,11:17:57,10.86,-0.01,50,54300,卖盘
1025,11:17:52,10.87,--,194,210877,买盘
1026,11:17:42,10.87,0.01,144,156528,买盘
1027,11:17:27,10.86,--,6,6516,卖盘
1028,11:17:22,10.86,--,14,15204,卖盘
1029,11:17:16,10.86,--,16,17462,卖盘
1030,11:17:12,10.86,-0.01,42,45612,卖盘
1031,11:17:07,10.87,0.01,5,5435,买盘
1032,11:17:01,10.86,--,2,2172,卖盘
1033,11:16:57,10.86,--,10,10860,卖盘
1034,11:16:52,10.86,-0.01,25,27150,卖盘
1035,11:16:46,10.87,0.01,2,2174,买盘
1036,11:16:42,10.86,-0.01,23,24978,卖盘
1037,11:16:37,10.87,--,48,52175,买盘
1038,11:16:31,10.87,0.01,8,8696,买盘
1039,11:16:21,10.86,--,14,15204,卖盘
1040,11:16:16,10.86,--,10,10936,卖盘
1041,11:16:10,10.86,--,8,8688,卖盘
1042,11:16:06,10.86,--,2,2172,卖盘
1043,11:15:55,10.86,--,0,0,卖盘
1044,11:15:51,10.86,-0.01,300,325800,卖盘
1045,11:15:36,10.87,-0.01,41,44567,卖盘
1046,11:15:31,10.88,--,315,342741,卖盘
1047,11:15:25,10.88,--,63,68544,卖盘
1048,11:15:16,10.88,--,335,364567,卖盘
1049,11:15:06,10.88,-0.01,6,6528,卖盘
1050,11:15:01,10.89,--,12,13666,卖盘
1051,11:14:55,10.89,--,11,11979,卖盘
1052,11:14:51,10.89,--,197,214533,卖盘
1053,11:14:46,10.89,--,74,80586,卖盘
1054,11:14:40,10.89,--,36,39204,卖盘
1055,11:14:36,10.89,--,50,54450,卖盘
1056,11:14:31,10.89,--,10,10890,卖盘
1057,11:14:21,10.89,--,27,29403,卖盘
1058,11:14:16,10.89,--,13,14233,卖盘
1059,11:14:06,10.89,--,207,225423,卖盘
1060,11:13:55,10.89,--,17,18513,卖盘
1061,11:13:36,10.89,--,0,0,卖盘
1062,11:13:31,10.89,-0.01,36,39204,卖盘
1063,11:13:25,10.9,--,7,7630,卖盘
1064,11:13:21,10.9,-0.01,4,4360,卖盘
1065,11:13:16,10.91,0.01,12,13179,买盘
1066,11:13:06,10.9,--,58,63220,卖盘
1067,11:12:51,10.9,--,10,10900,卖盘
1068,11:12:36,10.9,-0.01,45,49050,卖盘
1069,11:12:31,10.91,0.01,36,39276,买盘
1070,11:12:21,10.9,--,10,10900,卖盘
1071,11:12:16,10.9,-0.01,12,13156,卖盘
1072,11:12:01,10.91,0.01,6,6546,买盘
1073,11:11:55,10.9,-0.01,50,54500,卖盘
1074,11:11:46,10.91,0.01,1,1091,买盘
1075,11:11:40,10.9,--,1,1090,卖盘
1076,11:11:31,10.9,--,19,20710,卖盘
1077,11:11:16,10.9,-0.01,42,45867,卖盘
1078,11:11:10,10.91,0.01,1,1091,买盘
1079,11:11:06,10.9,--,11,11990,卖盘
1080,11:11:01,10.9,0.01,251,273590,买盘
1081,11:10:55,10.89,--,53,57717,卖盘
1082,11:10:39,10.89,--,100,108900,卖盘
1083,11:10:36,10.89,--,20,21780,卖盘
1084,11:10:21,10.89,--,6,6534,卖盘
1085,11:10:16,10.89,--,10,10966,卖盘
1086,11:10:06,10.89,-0.01,8,8712,卖盘
1087,11:10:01,10.9,--,5,5450,买盘
1088,11:09:51,10.9,0.01,107,116630,买盘
1089,11:09:46,10.89,-0.01,9,9801,卖盘
1090,11:09:36,10.9,0.01,86,93740,买盘
1091,11:09:31,10.89,--,7,7623,卖盘
1092,11:09:16,10.89,--,42,45825,买盘
1093,11:08:46,10.89,0.01,7,7623,买盘
1094,11:08:35,10.88,-0.01,53,57664,卖盘
1095,11:08:31,10.89,--,10,10890,卖盘
1096,11:08:25,10.89,0.01,95,103618,买盘
1097,11:08:15,10.88,-0.01,10,10956,卖盘
1098,11:08:04,10.89,--,43,47752,卖盘
1099,11:08:00,10.89,--,11,11979,卖盘
1100,11:07:45,10.89,--,4,4519,买盘
1101,11:07:40,10.89,--,2,2178,买盘
1102,11:07:34,10.89,--,1,2014,卖盘
1103,11:07:30,10.89,--,12,13068,卖盘
1104,11:07:19,10.89,--,5,5608,买盘
1105,11:07:15,10.89,--,4,5368,卖盘
1106,11:07:04,10.89,--,27,29403,卖盘
1107,11:06:55,10.89,--,28,30568,买盘
1108,11:06:49,10.89,--,2,2178,买盘
1109,11:06:45,10.89,0.01,17,18513,买盘
1110,11:06:40,10.88,-0.01,9,10803,卖盘
1111,11:06:30,10.89,--,41,44725,买盘
1112,11:06:25,10.89,0.01,66,71874,买盘
1113,11:06:15,10.88,-0.01,28,30540,卖盘
1114,11:06:10,10.89,--,5,5445,买盘
1115,11:06:00,10.89,--,10,10890,买盘
1116,11:05:45,10.89,0.01,30,32670,买盘
1117,11:05:40,10.88,-0.01,41,44608,卖盘
1118,11:05:25,10.89,0.01,2,2178,买盘
1119,11:05:15,10.88,-0.01,10,10967,卖盘
1120,11:05:00,10.89,--,8,8712,买盘
1121,11:04:45,10.89,--,8,8712,买盘
1122,11:04:40,10.89,-0.01,39,43483,卖盘
1123,11:04:34,10.9,--,1,1090,买盘
1124,11:04:30,10.9,0.01,3,3270,买盘
1125,11:04:25,10.89,--,1,1089,卖盘
1126,11:04:15,10.89,-0.01,12,13144,卖盘
1127,11:04:00,10.9,0.02,8,8720,买盘
1128,11:03:55,10.88,--,0,0,卖盘
1129,11:03:45,10.88,-0.01,50,54400,卖盘
1130,11:03:30,10.89,0.01,103,112167,中性盘
1131,11:03:15,10.88,--,10,10967,卖盘
1132,11:03:10,10.88,--,20,21760,卖盘
1133,11:03:04,10.88,--,100,108800,卖盘
1134,11:03:00,10.88,-0.02,26,28288,卖盘
1135,11:02:55,10.9,0.02,37,40330,买盘
1136,11:02:49,10.88,--,2,2176,卖盘
1137,11:02:45,10.88,--,0,0,卖盘
1138,11:02:33,10.88,-0.01,50,54400,卖盘
1139,11:02:30,10.89,0.01,3,3267,买盘
1140,11:02:15,10.88,-0.01,10,10956,卖盘
1141,11:02:04,10.89,--,1,1089,买盘
1142,11:02:00,10.89,0.01,5,5445,买盘
1143,11:01:55,10.88,--,0,0,卖盘
1144,11:01:49,10.88,--,2,2176,卖盘
1145,11:01:30,10.88,--,0,0,卖盘
1146,11:01:25,10.88,--,20,21760,卖盘
1147,11:01:15,10.88,-0.01,18,19671,卖盘
1148,11:01:10,10.89,0.01,114,124146,买盘
1149,11:00:55,10.88,--,10,10880,卖盘
1150,11:00:48,10.88,-0.01,39,42432,卖盘
1151,11:00:39,10.89,0.01,4,4356,买盘
1152,11:00:25,10.88,--,10,10880,卖盘
1153,11:00:14,10.88,-0.01,10,10956,卖盘
1154,11:00:10,10.89,--,10,10890,买盘
1155,11:00:04,10.89,0.01,23,25047,买盘
1156,11:00:00,10.88,--,110,119680,卖盘
1157,10:59:54,10.88,--,15,16320,卖盘
1158,10:59:49,10.88,-0.01,11,11968,卖盘
1159,10:59:44,10.89,0.01,1,1089,买盘
1160,10:59:33,10.88,-0.01,15,16320,卖盘
1161,10:59:29,10.89,0.01,2,2178,买盘
1162,10:59:14,10.88,-0.01,10,10967,卖盘
1163,10:59:04,10.89,--,10,10890,买盘
1164,10:58:54,10.89,--,5,5445,卖盘
1165,10:58:43,10.89,--,13,14157,卖盘
1166,10:58:39,10.89,--,37,40293,买盘
1167,10:58:34,10.89,--,37,40293,买盘
1168,10:58:27,10.89,--,3,3267,买盘
1169,10:58:24,10.89,--,8,8712,买盘
1170,10:58:19,10.89,0.01,210,228690,买盘
1171,10:58:09,10.88,-0.01,10,10956,卖盘
1172,10:57:54,10.89,0.01,95,103455,买盘
1173,10:57:42,10.88,-0.01,1,1088,卖盘
1174,10:57:39,10.89,0.01,70,76230,买盘
1175,10:57:33,10.88,--,10,10880,卖盘
1176,10:57:12,10.88,--,10,10967,卖盘
1177,10:57:09,10.88,0.01,2,2176,卖盘
1178,10:56:57,10.87,-0.01,20,21740,卖盘
1179,10:56:54,10.88,--,43,46784,卖盘
1180,10:56:48,10.88,0.01,354,385239,买盘
1181,10:56:39,10.87,--,5,5435,卖盘
1182,10:56:33,10.87,0.01,234,254357,买盘
1183,10:56:27,10.86,-0.01,12,13032,卖盘
1184,10:56:24,10.87,--,45,48915,买盘
1185,10:56:18,10.87,0.01,12,13043,买盘
1186,10:56:09,10.86,-0.01,86,93472,卖盘
1187,10:55:54,10.87,--,16,17392,卖盘
1188,10:55:48,10.87,-0.01,126,136962,卖盘
1189,10:55:42,10.88,--,124,134912,买盘
1190,10:55:39,10.88,--,10,10880,买盘
1191,10:55:27,10.88,--,3,3264,买盘
1192,10:55:24,10.88,--,55,60840,卖盘
1193,10:55:18,10.88,--,5,5440,卖盘
1194,10:55:09,10.88,--,253,275351,卖盘
1195,10:55:03,10.88,-0.01,121,131648,卖盘
1196,10:54:57,10.89,0.01,96,104544,买盘
1197,10:54:54,10.88,--,15,16320,卖盘
1198,10:54:48,10.88,--,110,119680,卖盘
1199,10:54:42,10.88,--,24,26112,卖盘
1200,10:54:39,10.88,--,60,65280,卖盘
1201,10:54:33,10.88,--,20,21760,卖盘
1202,10:54:27,10.88,--,46,50048,卖盘
1203,10:54:24,10.88,--,15,16320,卖盘
1204,10:54:18,10.88,-0.01,97,105536,卖盘
1205,10:54:03,10.89,-0.01,224,243936,卖盘
1206,10:53:57,10.9,--,70,76300,买盘
1207,10:53:48,10.9,--,2,2180,买盘
1208,10:53:42,10.9,--,22,23980,买盘
1209,10:53:39,10.9,0.01,76,82840,买盘
1210,10:53:33,10.89,--,20,21780,卖盘
1211,10:53:27,10.89,--,57,62073,卖盘
1212,10:53:18,10.89,--,10,10890,卖盘
1213,10:53:12,10.89,--,15,16335,卖盘
1214,10:53:08,10.89,--,131,142659,卖盘
1215,10:53:03,10.89,--,9,9801,卖盘
1216,10:52:57,10.89,-0.01,50,54450,卖盘
1217,10:52:42,10.9,0.01,16,17440,买盘
1218,10:52:39,10.89,--,6,6534,卖盘
1219,10:52:33,10.89,-0.01,22,23958,卖盘
1220,10:52:27,10.9,0.01,10,10900,买盘
1221,10:52:12,10.89,--,20,21780,卖盘
1222,10:52:03,10.89,--,19,20691,卖盘
1223,10:51:57,10.89,--,2,2178,卖盘
1224,10:51:48,10.89,-0.01,3,3267,卖盘
1225,10:51:42,10.9,--,25,27250,买盘
1226,10:51:38,10.9,--,7,7630,买盘
1227,10:51:33,10.9,--,15,16350,买盘
1228,10:51:27,10.9,--,7,7630,买盘
1229,10:51:22,10.9,--,7,7630,买盘
1230,10:51:18,10.9,--,237,258330,买盘
1231,10:51:12,10.9,--,728,793520,卖盘
1232,10:50:51,10.9,--,30,32700,卖盘
1233,10:50:48,10.9,--,357,389130,买盘
1234,10:50:42,10.9,--,20,21800,买盘
1235,10:50:36,10.9,--,20,21800,买盘
1236,10:50:33,10.9,--,5,5450,买盘
1237,10:50:03,10.9,0.01,19,20710,买盘
1238,10:49:57,10.89,-0.01,2,2178,卖盘
1239,10:49:51,10.9,--,29,31610,买盘
1240,10:49:42,10.9,--,4,4360,买盘
1241,10:49:33,10.9,--,36,39240,买盘
1242,10:49:27,10.9,0.01,31,33790,买盘
1243,10:49:18,10.89,-0.01,113,123057,卖盘
1244,10:49:12,10.9,0.01,27,29430,买盘
1245,10:49:03,10.89,-0.01,20,21780,卖盘
1246,10:48:57,10.9,--,13,14170,买盘
1247,10:48:33,10.9,--,55,59950,买盘
1248,10:48:27,10.9,--,30,32700,买盘
1249,10:48:21,10.9,0.01,48,52320,买盘
1250,10:48:12,10.89,--,18,19602,卖盘
1251,10:48:03,10.89,-0.01,140,152460,卖盘
1252,10:47:57,10.9,--,66,71940,买盘
1253,10:47:48,10.9,--,8,8720,买盘
1254,10:47:42,10.9,0.01,2,2180,买盘
1255,10:47:33,10.89,-0.01,8,8712,卖盘
1256,10:47:18,10.9,--,34,37060,买盘
1257,10:47:12,10.9,--,118,128620,卖盘
1258,10:47:06,10.9,--,1,1090,卖盘
1259,10:47:03,10.9,--,11,11990,卖盘
1260,10:46:57,10.9,--,26,28340,买盘
1261,10:46:51,10.9,--,5,5450,买盘
1262,10:46:48,10.9,--,29,31610,买盘
1263,10:46:42,10.9,--,6,6540,买盘
1264,10:46:36,10.9,--,2,2180,买盘
1265,10:46:27,10.9,--,194,211460,买盘
1266,10:46:12,10.9,0.01,148,161320,买盘
1267,10:46:06,10.89,-0.01,13,14157,卖盘
1268,10:45:57,10.9,--,157,171130,买盘
1269,10:45:51,10.9,--,32,34880,买盘
1270,10:45:47,10.9,--,10,10900,买盘
1271,10:45:42,10.9,--,5,5450,买盘
1272,10:45:36,10.9,--,157,171130,买盘
1273,10:45:27,10.9,--,214,233260,买盘
1274,10:45:12,10.9,--,88,95920,买盘
1275,10:45:06,10.9,0.01,10,10900,买盘
1276,10:45:02,10.89,--,5,5445,卖盘
1277,10:44:57,10.89,--,10,10890,卖盘
1278,10:44:42,10.89,-0.01,78,84942,卖盘
1279,10:44:36,10.9,0.01,41,44690,买盘
1280,10:44:32,10.89,--,10,10890,卖盘
1281,10:44:21,10.89,--,69,75141,卖盘
1282,10:44:12,10.89,-0.01,14,15246,卖盘
1283,10:44:06,10.9,0.01,8,8720,买盘
1284,10:44:02,10.89,-0.01,31,33759,卖盘
1285,10:43:51,10.9,--,50,54500,买盘
1286,10:43:42,10.9,0.01,80,87200,买盘
1287,10:43:36,10.89,-0.01,1,1089,卖盘
1288,10:43:32,10.9,--,3,3270,买盘
1289,10:43:21,10.9,--,9,9810,买盘
1290,10:43:17,10.9,--,5,5450,买盘
1291,10:43:12,10.9,--,12,13080,买盘
1292,10:43:06,10.9,--,55,59950,买盘
1293,10:43:02,10.9,-0.01,125,136250,卖盘
1294,10:42:47,10.91,--,0,0,买盘
1295,10:42:42,10.91,0.01,101,110191,买盘
1296,10:42:27,10.9,0.01,100,109000,买盘
1297,10:42:21,10.89,-0.01,23,25047,卖盘
1298,10:42:12,10.9,--,6,6540,买盘
1299,10:42:06,10.9,0.01,1,1090,买盘
1300,10:41:57,10.89,-0.01,24,26136,卖盘
1301,10:41:51,10.9,--,232,252880,买盘
1302,10:41:42,10.9,--,39,42510,买盘
1303,10:41:36,10.9,0.01,111,120990,买盘
1304,10:41:21,10.89,-0.01,9,9801,卖盘
1305,10:41:15,10.9,--,1,1090,买盘
1306,10:41:06,10.9,--,10,10900,买盘
1307,10:41:00,10.9,--,316,345366,卖盘
1308,10:40:57,10.9,--,3,3270,卖盘
1309,10:40:51,10.9,--,217,236530,卖盘
1310,10:40:45,10.9,--,24,26160,卖盘
1311,10:40:36,10.9,--,5,5450,卖盘
1312,10:40:21,10.9,--,500,545163,卖盘
1313,10:40:12,10.9,--,5,5450,卖盘
1314,10:40:00,10.9,--,50,54500,卖盘
1315,10:39:57,10.9,--,2,2180,卖盘
1316,10:39:51,10.9,-0.01,3,3270,卖盘
1317,10:39:42,10.91,--,7,7637,卖盘
1318,10:39:36,10.91,--,2,2182,卖盘
1319,10:39:30,10.91,-0.01,200,218200,卖盘
1320,10:39:15,10.92,-0.01,5,5940,卖盘
1321,10:39:12,10.93,0.01,11,12023,买盘
1322,10:39:06,10.92,-0.01,202,220584,卖盘
1323,10:39:00,10.93,--,11,12023,买盘
1324,10:38:51,10.93,0.01,13,14209,买盘
1325,10:38:45,10.92,-0.01,10,10920,卖盘
1326,10:38:30,10.93,--,151,165043,卖盘
1327,10:38:11,10.93,--,0,0,中性盘
1328,10:38:06,10.93,--,4,4372,卖盘
1329,10:38:00,10.93,0.01,23,25139,买盘
1330,10:37:56,10.92,--,1,1092,卖盘
1331,10:37:41,10.92,--,1,1092,卖盘
1332,10:37:36,10.92,--,10,10920,卖盘
1333,10:37:26,10.92,--,20,22451,买盘
1334,10:37:21,10.92,--,10,10920,买盘
1335,10:37:15,10.92,--,5,5460,买盘
1336,10:37:06,10.92,-0.01,964,1053168,卖盘
1337,10:37:00,10.93,--,10,10930,卖盘
1338,10:36:51,10.93,-0.01,10,10930,卖盘
1339,10:36:36,10.94,0.01,64,70016,买盘
1340,10:36:30,10.93,-0.01,1,1093,卖盘
1341,10:36:26,10.94,0.01,10,10940,买盘
1342,10:36:15,10.93,--,6,6558,卖盘
1343,10:36:11,10.93,--,3,3279,卖盘
1344,10:35:45,10.93,-0.01,6,6558,卖盘
1345,10:35:41,10.94,0.01,5,5470,买盘
1346,10:35:36,10.93,--,3,3279,卖盘
1347,10:35:30,10.93,--,6,6558,卖盘
1348,10:35:21,10.93,--,0,0,卖盘
1349,10:35:00,10.93,-0.02,232,253576,卖盘
1350,10:34:51,10.95,--,12,13140,买盘
1351,10:34:45,10.95,--,18,19710,卖盘
1352,10:34:41,10.95,--,5,5475,卖盘
1353,10:34:36,10.95,--,2,2190,卖盘
1354,10:34:30,10.95,-0.01,5,5475,中性盘
1355,10:34:15,10.96,0.02,25,27400,买盘
1356,10:34:06,10.94,--,12,13128,卖盘
1357,10:34:00,10.94,--,9,9846,卖盘
1358,10:33:56,10.94,--,0,0,卖盘
1359,10:33:51,10.94,-0.02,13,14222,卖盘
1360,10:33:45,10.96,0.02,193,211528,买盘
1361,10:33:36,10.94,-0.01,14,15316,卖盘
1362,10:33:30,10.95,--,8,8760,买盘
1363,10:33:15,10.95,0.01,5,5475,买盘
1364,10:33:00,10.94,-0.01,2,2188,卖盘
1365,10:32:50,10.95,0.01,4,4380,买盘
1366,10:32:45,10.94,-0.01,40,44744,卖盘
1367,10:32:39,10.95,--,10,10950,卖盘
1368,10:32:36,10.95,--,51,55845,卖盘
1369,10:32:30,10.95,--,18,19710,卖盘
1370,10:32:24,10.95,-0.01,5,5475,卖盘
1371,10:32:15,10.96,0.01,118,129328,买盘
1372,10:31:54,10.95,--,45,49275,卖盘
1373,10:31:45,10.95,--,345,377884,买盘
1374,10:31:39,10.95,--,0,0,买盘
1375,10:31:30,10.95,--,30,32850,买盘
1376,10:31:24,10.95,0.01,41,44895,买盘
1377,10:31:15,10.94,--,9,9846,卖盘
1378,10:31:09,10.94,--,52,56888,买盘
1379,10:31:05,10.94,--,1,1094,买盘
1380,10:31:00,10.94,--,0,0,中性盘
1381,10:30:54,10.94,--,5,5470,买盘
1382,10:30:30,10.94,-0.01,9,9846,卖盘
1383,10:30:15,10.95,--,128,140160,买盘
1384,10:30:00,10.95,--,114,124829,卖盘
1385,10:29:54,10.95,--,10,10950,卖盘
1386,10:29:50,10.95,--,3,3285,卖盘
1387,10:29:39,10.95,-0.01,6,6570,买盘
1388,10:29:20,10.96,--,0,0,买盘
1389,10:29:15,10.96,0.03,41,44936,买盘
1390,10:29:05,10.93,--,11,12023,卖盘
1391,10:29:00,10.93,-0.02,220,240460,卖盘
1392,10:28:30,10.95,--,100,109500,买盘
1393,10:28:24,10.95,--,13,14234,卖盘
1394,10:28:20,10.95,--,2,2190,卖盘
1395,10:28:09,10.95,--,2,2190,卖盘
1396,10:28:05,10.95,--,1,1095,卖盘
1397,10:28:00,10.95,--,28,30659,买盘
1398,10:27:54,10.95,0.02,10,10950,买盘
1399,10:27:39,10.93,-0.01,248,271850,卖盘
1400,10:27:30,10.94,0.01,394,431954,买盘
1401,10:27:05,10.93,--,14,15302,卖盘
1402,10:26:54,10.93,-0.01,18,19674,卖盘
1403,10:26:30,10.94,--,2,2188,买盘
1404,10:26:19,10.94,--,442,483723,卖盘
1405,10:26:15,10.94,-0.01,23,25162,卖盘
1406,10:25:54,10.95,--,12,13140,买盘
1407,10:25:33,10.95,0.01,5,5475,买盘
1408,10:25:30,10.94,-0.01,130,142220,卖盘
1409,10:25:24,10.95,--,165,180675,买盘
1410,10:25:18,10.95,--,24,26280,买盘
1411,10:25:09,10.95,--,5,5475,买盘
1412,10:25:03,10.95,--,50,54750,买盘
1413,10:24:54,10.95,--,19,20805,买盘
1414,10:24:48,10.95,--,9,9855,买盘
1415,10:24:39,10.95,--,642,702990,买盘
1416,10:24:33,10.95,0.01,14,15329,买盘
1417,10:24:18,10.94,--,2,2188,卖盘
1418,10:24:14,10.94,-0.01,148,161912,卖盘
1419,10:24:03,10.95,0.01,3,3285,买盘
1420,10:23:59,10.94,--,10,10940,卖盘
1421,10:23:44,10.94,--,7,7658,卖盘
1422,10:23:39,10.94,--,5,5470,卖盘
1423,10:23:24,10.94,--,3,3282,卖盘
1424,10:23:18,10.94,0.01,156,171582,买盘
1425,10:23:09,10.93,--,20,21860,买盘
1426,10:23:03,10.93,--,66,72312,卖盘
1427,10:22:54,10.93,--,7,7651,卖盘
1428,10:22:44,10.93,--,56,62126,买盘
1429,10:22:33,10.93,--,23,25139,买盘
1430,10:22:24,10.93,0.01,3,3279,买盘
1431,10:22:18,10.92,-0.01,51,55692,卖盘
1432,10:22:14,10.93,0.01,32,34976,买盘
1433,10:22:09,10.92,-0.01,5,5460,卖盘
1434,10:21:59,10.93,0.01,17,18581,买盘
1435,10:21:54,10.92,-0.01,33,36036,卖盘
1436,10:21:48,10.93,0.01,6,6558,买盘
1437,10:21:33,10.92,--,5,5460,卖盘
1438,10:21:29,10.92,0.01,64,69888,买盘
1439,10:21:24,10.91,-0.01,6,6546,卖盘
1440,10:21:18,10.92,--,0,0,中性盘
1441,10:21:14,10.92,--,37,40404,买盘
1442,10:21:03,10.92,-0.01,23,25116,卖盘
1443,10:20:54,10.93,0.02,10,10930,买盘
1444,10:20:48,10.91,-0.01,80,87280,卖盘
1445,10:20:44,10.92,--,5,5460,卖盘
1446,10:20:39,10.92,--,6,6552,卖盘
1447,10:20:33,10.92,--,39,43407,买盘
1448,10:20:24,10.92,0.01,10,10920,买盘
1449,10:20:18,10.91,-0.01,3,3273,卖盘
1450,10:20:09,10.92,0.01,79,86268,买盘
1451,10:20:03,10.91,--,5,5455,卖盘
1452,10:19:54,10.91,-0.01,46,50186,卖盘
1453,10:19:48,10.92,--,5,5460,买盘
1454,10:19:39,10.92,--,1,1092,买盘
1455,10:19:33,10.92,--,1,1092,买盘
1456,10:19:29,10.92,0.01,5,5460,买盘
1457,10:19:24,10.91,-0.01,106,115646,卖盘
1458,10:19:14,10.92,--,1,1092,买盘
1459,10:19:09,10.92,--,16,17745,卖盘
1460,10:18:59,10.92,--,6,7371,卖盘
1461,10:18:54,10.92,--,5,5460,卖盘
1462,10:18:33,10.92,--,21,22932,卖盘
1463,10:18:29,10.92,0.01,70,76440,买盘
1464,10:18:24,10.91,--,68,74188,卖盘
1465,10:18:18,10.91,--,21,22911,卖盘
1466,10:18:14,10.91,--,21,22911,卖盘
1467,10:18:09,10.91,--,1,1091,卖盘
1468,10:18:03,10.91,-0.01,65,70915,卖盘
1469,10:17:53,10.92,0.01,5,5460,买盘
1470,10:17:48,10.91,--,10,10910,卖盘
1471,10:17:43,10.91,--,10,10910,买盘
1472,10:17:28,10.91,0.01,15,16365,中性盘
1473,10:17:24,10.9,-0.01,317,345530,卖盘
1474,10:17:18,10.91,--,0,0,卖盘
1475,10:17:12,10.91,-0.02,5,5455,卖盘
1476,10:17:08,10.93,0.01,59,64487,买盘
1477,10:17:03,10.92,--,15,16554,卖盘
1478,10:16:57,10.92,--,10,10920,卖盘
1479,10:16:48,10.92,--,88,97013,买盘
1480,10:16:42,10.92,0.01,6,6552,买盘
1481,10:16:27,10.91,--,1,1091,卖盘
1482,10:16:18,10.91,--,10,10910,卖盘
1483,10:16:12,10.91,-0.01,1,1091,卖盘
1484,10:16:08,10.92,0.01,13,14196,买盘
1485,10:15:57,10.91,--,10,10910,卖盘
1486,10:15:53,10.91,-0.01,5,5455,卖盘
1487,10:15:48,10.92,0.01,6,6552,买盘
1488,10:15:42,10.91,-0.01,1,1091,卖盘
1489,10:15:38,10.92,--,5,5460,买盘
1490,10:15:33,10.92,0.01,2,2184,买盘
1491,10:15:27,10.91,-0.01,9,9819,卖盘
1492,10:15:23,10.92,--,53,58050,卖盘
1493,10:15:18,10.92,--,10,10920,卖盘
1494,10:15:12,10.92,--,14,15288,卖盘
1495,10:15:08,10.92,--,171,187649,买盘
1496,10:15:03,10.92,0.02,1,1092,买盘
1497,10:14:57,10.9,--,13,14170,卖盘
1498,10:14:48,10.9,--,0,0,卖盘
1499,10:14:33,10.9,--,0,0,卖盘
1500,10:14:27,10.9,--,111,120990,卖盘
1501,10:14:23,10.9,--,0,0,卖盘
1502,10:14:18,10.9,--,208,226720,卖盘
1503,10:14:12,10.9,-0.01,15,16350,卖盘
1504,10:14:03,10.91,--,5,5455,买盘
1505,10:13:57,10.91,--,2,2182,买盘
1506,10:13:53,10.91,--,9,9819,买盘
1507,10:13:48,10.91,--,41,44731,买盘
1508,10:13:42,10.91,--,2,2182,买盘
1509,10:13:38,10.91,--,21,22911,买盘
1510,10:13:33,10.91,--,18,19638,买盘
1511,10:13:27,10.91,--,2,2182,买盘
1512,10:13:23,10.91,0.01,40,43640,买盘
1513,10:13:18,10.9,-0.01,95,103550,卖盘
1514,10:13:12,10.91,--,49,53459,买盘
1515,10:13:08,10.91,0.01,20,21820,买盘
1516,10:13:03,10.9,--,9,9810,卖盘
1517,10:12:57,10.9,--,20,21800,卖盘
1518,10:12:53,10.9,-0.01,15,16350,卖盘
1519,10:12:48,10.91,0.01,18,19638,买盘
1520,10:12:38,10.9,--,10,10900,卖盘
1521,10:12:33,10.9,0.01,25,27250,买盘
1522,10:12:27,10.89,-0.01,4,4356,卖盘
1523,10:12:23,10.9,0.01,1,1090,买盘
1524,10:12:18,10.89,-0.03,66,71874,卖盘
1525,10:12:12,10.92,0.02,76,82992,买盘
1526,10:12:08,10.9,0.01,243,264870,买盘
1527,10:12:03,10.89,-0.01,6,6534,卖盘
1528,10:11:48,10.9,--,977,1064930,卖盘
1529,10:11:42,10.9,-0.01,100,109000,卖盘
1530,10:11:33,10.91,--,36,39276,卖盘
1531,10:11:27,10.91,--,32,34912,卖盘
1532,10:11:23,10.91,--,20,21820,卖盘
1533,10:11:18,10.91,--,258,281478,卖盘
1534,10:11:12,10.91,--,5,5455,卖盘
1535,10:11:08,10.91,--,10,10910,卖盘
1536,10:11:03,10.91,-0.02,10,10910,卖盘
1537,10:10:57,10.93,0.02,15,16395,买盘
1538,10:10:53,10.91,-0.01,5,5455,卖盘
1539,10:10:48,10.92,--,10,10920,卖盘
1540,10:10:42,10.92,0.01,2,2184,中性盘
1541,10:10:38,10.91,-0.01,46,50186,卖盘
1542,10:10:33,10.92,-0.01,20,21840,卖盘
1543,10:10:12,10.93,--,189,206577,卖盘
1544,10:10:03,10.93,--,71,77603,卖盘
1545,10:09:57,10.93,--,6,6558,卖盘
1546,10:09:52,10.93,0.02,12,13116,买盘
1547,10:09:47,10.91,--,1,1091,卖盘
1548,10:09:37,10.91,-0.04,29,31639,卖盘
1549,10:09:21,10.95,--,0,0,买盘
1550,10:09:17,10.95,0.03,150,164250,买盘
1551,10:09:12,10.92,-0.01,200,218400,卖盘
1552,10:08:57,10.93,--,11,12023,卖盘
1553,10:08:51,10.93,--,2,2186,卖盘
1554,10:08:32,10.93,0.01,3,3279,买盘
1555,10:08:27,10.92,-0.02,19,20748,卖盘
1556,10:08:21,10.94,0.02,50,54700,买盘
1557,10:08:06,10.92,-0.02,50,54600,卖盘
1558,10:08:02,10.94,0.02,52,56888,买盘
1559,10:07:51,10.92,-0.03,21,22932,卖盘
1560,10:07:47,10.95,--,0,0,买盘
1561,10:07:42,10.95,0.04,30,32850,买盘
1562,10:07:36,10.91,-0.04,50,54550,卖盘
1563,10:07:27,10.95,0.03,31,33945,买盘
1564,10:07:21,10.92,0.01,123,134316,买盘
1565,10:07:12,10.91,-0.01,9,9819,卖盘
1566,10:07:06,10.92,--,79,86268,买盘
1567,10:07:02,10.92,0.01,22,24024,买盘
1568,10:06:57,10.91,--,48,52368,卖盘
1569,10:06:51,10.91,--,89,97099,卖盘
1570,10:06:47,10.91,-0.01,10,10910,卖盘
1571,10:06:36,10.92,--,2,2184,买盘
1572,10:06:32,10.92,0.01,26,28392,卖盘
1573,10:06:21,10.91,-0.01,485,529135,卖盘
1574,10:05:51,10.92,-0.01,150,163800,卖盘
1575,10:05:47,10.93,-0.02,3,3279,卖盘
1576,10:05:42,10.95,0.03,16,17520,买盘
1577,10:05:32,10.92,--,0,0,卖盘
1578,10:05:27,10.92,--,0,0,卖盘
1579,10:05:17,10.92,-0.03,4,4368,卖盘
1580,10:05:12,10.95,0.03,3,3285,中性盘
1581,10:05:06,10.92,-0.04,40,43680,卖盘
1582,10:05:02,10.96,--,0,0,买盘
1583,10:04:57,10.96,0.01,347,380312,买盘
1584,10:04:51,10.95,-0.01,4,4380,卖盘
1585,10:04:47,10.96,--,0,0,买盘
1586,10:04:42,10.96,0.01,3,3288,买盘
1587,10:04:36,10.95,-0.01,6,6570,卖盘
1588,10:04:32,10.96,0.01,95,104120,卖盘
1589,10:04:27,10.95,0.04,71,77745,买盘
1590,10:04:21,10.91,-0.04,74,80734,卖盘
1591,10:04:17,10.95,-0.03,10,10950,买盘
1592,10:04:11,10.98,--,23,25429,买盘
1593,10:04:06,10.98,0.07,837,919948,买盘
1594,10:04:02,10.91,-0.06,1471,1605035,卖盘
1595,10:03:51,10.97,0.02,14,15358,买盘
1596,10:03:47,10.95,--,54,59129,卖盘
1597,10:03:41,10.95,-0.02,15,16425,卖盘
1598,10:03:36,10.97,--,58,63626,买盘
1599,10:03:32,10.97,0.03,37,40589,买盘
1600,10:03:26,10.94,-0.04,27,29538,卖盘
1601,10:03:21,10.98,0.01,863,947574,买盘
1602,10:03:17,10.97,--,35,38395,卖盘
1603,10:03:11,10.97,-0.01,20,21940,卖盘
1604,10:03:06,10.98,0.01,44,48312,买盘
1605,10:03:01,10.97,--,92,100924,卖盘
1606,10:02:56,10.97,-0.01,110,120670,卖盘
1607,10:02:51,10.98,0.01,23,25254,买盘
1608,10:02:46,10.97,-0.01,2,2194,卖盘
1609,10:02:41,10.98,--,27,29646,买盘
1610,10:02:36,10.98,0.01,88,96624,买盘
1611,10:02:31,10.97,--,15,16455,买盘
1612,10:02:26,10.97,--,19,20843,买盘
1613,10:02:21,10.97,--,46,50462,买盘
1614,10:02:16,10.97,--,21,23037,买盘
1615,10:02:11,10.97,--,14,15358,买盘
1616,10:02:06,10.97,--,10,10970,买盘
1617,10:02:01,10.97,--,13,14261,买盘
1618,10:01:51,10.97,--,35,38395,卖盘
1619,10:01:46,10.97,0.01,5,5485,中性盘
1620,10:01:41,10.96,-0.01,120,131520,卖盘
1621,10:01:36,10.97,--,100,109700,买盘
1622,10:01:31,10.97,--,22,24134,买盘
1623,10:01:26,10.97,--,50,54850,买盘
1624,10:01:21,10.97,-0.01,28,30716,中性盘
1625,10:01:15,10.98,0.01,225,247050,买盘
1626,10:01:11,10.97,-0.01,5,5485,卖盘
1627,10:01:06,10.98,--,25,27450,买盘
1628,10:01:00,10.98,--,52,57096,买盘
1629,10:00:51,10.98,--,3,3294,买盘
1630,10:00:45,10.98,0.01,10,10980,买盘
1631,10:00:41,10.97,-0.02,1,1097,卖盘
1632,10:00:36,10.99,0.01,81,89019,买盘
1633,10:00:30,10.98,--,10,10980,买盘
1634,10:00:26,10.98,0.01,173,189954,买盘
1635,10:00:21,10.97,--,21,23037,买盘
1636,10:00:15,10.97,0.01,31,34007,买盘
1637,10:00:06,10.96,--,46,50416,卖盘
1638,10:00:00,10.96,0.01,53,58088,买盘
1639,09:59:56,10.95,-0.01,10,10950,卖盘
1640,09:59:45,10.96,0.01,229,250984,买盘
1641,09:59:36,10.95,--,16,17520,卖盘
1642,09:59:30,10.95,0.01,216,237439,买盘
1643,09:59:26,10.94,-0.01,278,304132,卖盘
1644,09:59:21,10.95,--,24,26280,买盘
1645,09:59:15,10.95,0.01,21,22995,买盘
1646,09:59:06,10.94,--,8,8752,卖盘
1647,09:59:00,10.94,-0.01,3,3282,卖盘
1648,09:58:56,10.95,0.01,20,21900,买盘
1649,09:58:51,10.94,0.01,38,41572,买盘
1650,09:58:45,10.93,-0.01,9,9837,卖盘
1651,09:58:41,10.94,--,164,179416,买盘
1652,09:58:36,10.94,0.01,5,5470,买盘
1653,09:58:30,10.93,-0.01,51,55743,卖盘
1654,09:58:21,10.94,--,180,196920,卖盘
1655,09:58:15,10.94,0.01,12,13128,中性盘
1656,09:58:11,10.93,-0.01,89,97277,卖盘
1657,09:58:06,10.94,--,16,17504,卖盘
1658,09:58:00,10.94,0.01,12,13128,买盘
1659,09:57:56,10.93,-0.01,10,10930,卖盘
1660,09:57:51,10.94,0.01,66,72204,买盘
1661,09:57:45,10.93,-0.01,38,41534,卖盘
1662,09:57:41,10.94,0.01,36,39384,买盘
1663,09:57:36,10.93,--,79,86347,卖盘
1664,09:57:30,10.93,0.01,11,12023,卖盘
1665,09:57:26,10.92,--,0,0,卖盘
1666,09:57:21,10.92,-0.02,30,32760,卖盘
1667,09:57:15,10.94,0.02,40,43760,买盘
1668,09:57:05,10.92,0.01,278,303576,买盘
1669,09:57:00,10.91,-0.01,226,246566,卖盘
1670,09:56:56,10.92,0.01,37,40404,买盘
1671,09:56:50,10.91,-0.01,62,67642,卖盘
1672,09:56:45,10.92,--,112,122304,买盘
1673,09:56:41,10.92,--,56,61152,买盘
1674,09:56:35,10.92,--,5,5460,买盘
1675,09:56:30,10.92,--,68,74256,买盘
1676,09:56:26,10.92,--,61,66612,买盘
1677,09:56:20,10.92,0.01,48,52416,买盘
1678,09:56:15,10.91,-0.01,133,145103,卖盘
1679,09:56:10,10.92,--,78,85176,买盘
1680,09:56:05,10.92,--,65,70980,买盘
1681,09:56:00,10.92,--,66,72072,买盘
1682,09:55:56,10.92,--,2,2184,买盘
1683,09:55:50,10.92,--,8,8736,买盘
1684,09:55:45,10.92,--,155,169260,买盘
1685,09:55:40,10.92,--,5,5460,买盘
1686,09:55:35,10.92,--,22,24024,买盘
1687,09:55:30,10.92,--,2,2184,买盘
1688,09:55:25,10.92,-0.01,116,126672,卖盘
1689,09:55:20,10.93,--,0,0,中性盘
1690,09:55:15,10.93,--,44,48092,买盘
1691,09:55:11,10.93,--,4,4372,买盘
1692,09:55:00,10.93,--,0,0,买盘
1693,09:54:55,10.93,0.01,67,73231,买盘
1694,09:54:45,10.92,--,201,219492,卖盘
1695,09:54:40,10.92,--,5,5460,卖盘
1696,09:54:35,10.92,--,91,99372,买盘
1697,09:54:30,10.92,0.01,90,98280,买盘
1698,09:54:25,10.91,-0.01,28,30548,卖盘
1699,09:54:15,10.92,--,6,6552,买盘
1700,09:54:10,10.92,0.01,41,44772,买盘
1701,09:54:00,10.91,--,125,136375,卖盘
1702,09:53:45,10.91,--,22,24002,卖盘
1703,09:53:40,10.91,--,26,28366,买盘
1704,09:53:30,10.91,--,10,10910,买盘
1705,09:53:25,10.91,0.01,9,9819,买盘
1706,09:53:15,10.9,--,6,6540,卖盘
1707,09:53:09,10.9,-0.01,11,11990,卖盘
1708,09:53:05,10.91,0.01,2,2182,买盘
1709,09:53:00,10.9,-0.02,29,31610,卖盘
1710,09:52:54,10.92,--,0,0,买盘
1711,09:52:50,10.92,0.02,32,34944,买盘
1712,09:52:45,10.9,-0.01,200,218000,卖盘
1713,09:52:39,10.91,--,20,21820,卖盘
1714,09:52:35,10.91,--,23,25093,买盘
1715,09:52:30,10.91,--,152,165832,卖盘
1716,09:52:24,10.91,-0.01,19,20729,卖盘
1717,09:52:20,10.92,0.01,34,37128,买盘
1718,09:52:15,10.91,-0.01,102,111282,卖盘
1719,09:52:09,10.92,--,111,121212,买盘
1720,09:52:05,10.92,--,20,21840,买盘
1721,09:52:00,10.92,--,3,3276,买盘
1722,09:51:54,10.92,--,9,9828,卖盘
1723,09:51:50,10.92,0.01,1,1092,卖盘
1724,09:51:39,10.91,0.01,6,6546,中性盘
1725,09:51:35,10.9,--,1,1090,卖盘
1726,09:51:20,10.9,--,20,21800,卖盘
1727,09:51:15,10.9,--,289,315010,买盘
1728,09:51:09,10.9,--,171,186390,买盘
1729,09:51:05,10.9,--,70,76300,买盘
1730,09:51:00,10.9,--,148,161320,买盘
1731,09:50:54,10.9,--,8,8720,买盘
1732,09:50:50,10.9,--,31,33790,买盘
1733,09:50:45,10.9,-0.02,1399,1524910,卖盘
1734,09:50:39,10.92,--,0,0,卖盘
1735,09:50:35,10.92,-0.02,26,28392,卖盘
1736,09:50:30,10.94,0.02,19,20786,买盘
1737,09:50:24,10.92,0.01,289,315588,中性盘
1738,09:50:20,10.91,--,7,7637,卖盘
1739,09:50:14,10.91,-0.01,24,26184,卖盘
1740,09:50:05,10.92,0.01,86,93912,中性盘
1741,09:49:59,10.91,-0.04,20,21820,卖盘
1742,09:49:54,10.95,0.05,260,284700,买盘
1743,09:49:50,10.9,-0.01,1026,1118340,卖盘
1744,09:49:44,10.91,--,21,22911,卖盘
1745,09:49:39,10.91,0.01,26,28366,买盘
1746,09:49:35,10.9,-0.01,9,9810,卖盘
1747,09:49:29,10.91,--,10,10910,买盘
1748,09:49:24,10.91,-0.04,970,1058270,卖盘
1749,09:49:20,10.95,--,60,65700,卖盘
1750,09:49:14,10.95,-0.01,20,21900,卖盘
1751,09:49:09,10.96,0.01,10,10960,买盘
1752,09:49:05,10.95,--,19,20805,卖盘
1753,09:48:59,10.95,-0.01,20,21900,卖盘
1754,09:48:50,10.96,0.01,97,106860,买盘
1755,09:48:39,10.95,-0.01,56,61319,卖盘
1756,09:48:35,10.96,0.01,21,23016,买盘
1757,09:48:29,10.95,--,3,3285,卖盘
1758,09:48:24,10.95,--,38,42157,买盘
1759,09:48:19,10.95,-0.01,118,129209,卖盘
1760,09:48:14,10.96,0.01,11,12056,买盘
1761,09:48:09,10.95,--,71,77745,卖盘
1762,09:47:59,10.95,--,11,12045,卖盘
1763,09:47:54,10.95,--,38,41610,卖盘
1764,09:47:49,10.95,-0.01,12,13140,卖盘
1765,09:47:44,10.96,0.01,11,12056,买盘
1766,09:47:39,10.95,--,103,112784,卖盘
1767,09:47:34,10.95,--,10,10950,卖盘
1768,09:47:24,10.95,--,212,232139,卖盘
1769,09:47:19,10.95,--,72,78840,卖盘
1770,09:47:14,10.95,--,17,18615,卖盘
1771,09:47:09,10.95,--,4,4380,卖盘
1772,09:47:04,10.95,--,78,85410,卖盘
1773,09:46:59,10.95,--,5,5475,卖盘
1774,09:46:49,10.95,-0.01,9,9855,卖盘
1775,09:46:39,10.96,--,11,12056,买盘
1776,09:46:34,10.96,--,5,5480,买盘
1777,09:46:29,10.96,--,22,24112,卖盘
1778,09:46:09,10.96,--,74,81104,买盘
1779,09:46:04,10.96,0.01,10,10960,买盘
1780,09:45:59,10.95,-0.01,8,8760,卖盘
1781,09:45:54,10.96,--,12,13152,买盘
1782,09:45:49,10.96,-0.01,14,15344,买盘
1783,09:45:44,10.97,--,0,0,买盘
1784,09:45:39,10.97,0.02,10,10970,买盘
1785,09:45:34,10.95,--,20,21900,买盘
1786,09:45:24,10.95,--,13,14234,卖盘
1787,09:45:19,10.95,-0.02,100,109500,卖盘
1788,09:45:09,10.97,0.01,164,179908,买盘
1789,09:45:03,10.96,0.01,21,23016,买盘
1790,09:44:59,10.95,-0.01,48,52560,卖盘
1791,09:44:54,10.96,--,14,15344,买盘
1792,09:44:48,10.96,--,15,16440,买盘
1793,09:44:44,10.96,0.01,3,3288,买盘
1794,09:44:39,10.95,--,230,251849,卖盘
1795,09:44:33,10.95,-0.01,4,4380,卖盘
1796,09:44:29,10.96,0.01,4,4384,买盘
1797,09:44:24,10.95,-0.01,31,33945,卖盘
1798,09:44:18,10.96,--,72,78912,买盘
1799,09:44:14,10.96,0.01,16,17536,买盘
1800,09:44:09,10.95,-0.01,200,219000,卖盘
1801,09:44:03,10.96,--,13,14248,买盘
1802,09:43:59,10.96,--,30,32880,买盘
1803,09:43:53,10.96,--,10,10960,买盘
1804,09:43:48,10.96,--,20,21920,买盘
1805,09:43:44,10.96,--,10,10960,买盘
1806,09:43:39,10.96,--,5,5480,买盘
1807,09:43:29,10.96,--,11,12056,买盘
1808,09:43:18,10.96,--,8,8768,买盘
1809,09:43:14,10.96,--,14,15344,买盘
1810,09:43:08,10.96,0.02,2,2192,买盘
1811,09:43:03,10.94,--,29,31726,卖盘
1812,09:42:58,10.94,--,50,54700,卖盘
1813,09:42:53,10.94,-0.01,10,10940,卖盘
1814,09:42:48,10.95,--,6,6570,中性盘
1815,09:42:44,10.95,--,55,60224,买盘
1816,09:42:33,10.95,--,106,116069,卖盘
1817,09:42:29,10.95,--,7,7664,卖盘
1818,09:42:23,10.95,-0.01,7,7664,卖盘
1819,09:42:18,10.96,0.01,2,2192,买盘
1820,09:42:14,10.95,-0.01,22,24090,卖盘
1821,09:42:08,10.96,--,1,1096,买盘
1822,09:42:03,10.96,0.01,36,39456,买盘
1823,09:41:59,10.95,--,237,259514,买盘
1824,09:41:53,10.95,--,5,5475,买盘
1825,09:41:43,10.95,--,59,64604,卖盘
1826,09:41:33,10.95,--,60,65700,卖盘
1827,09:41:28,10.95,-0.01,224,245279,卖盘
1828,09:41:18,10.96,--,426,466896,卖盘
1829,09:41:13,10.96,--,6,6576,卖盘
1830,09:41:08,10.96,--,3,3288,卖盘
1831,09:41:03,10.96,-0.01,40,43840,卖盘
1832,09:40:58,10.97,--,87,95439,买盘
1833,09:40:53,10.97,--,75,82999,卖盘
1834,09:40:48,10.97,--,113,123961,卖盘
1835,09:40:38,10.97,--,120,131640,卖盘
1836,09:40:33,10.97,-0.01,153,167841,卖盘
1837,09:40:28,10.98,--,89,97722,买盘
1838,09:40:23,10.98,--,97,107055,卖盘
1839,09:40:13,10.98,--,100,109800,卖盘
1840,09:40:08,10.98,--,22,24156,卖盘
1841,09:40:03,10.98,0.01,289,317871,买盘
1842,09:39:58,10.97,-0.01,2,2194,卖盘
1843,09:39:53,10.98,--,30,32940,买盘
1844,09:39:48,10.98,0.01,2,2196,买盘
1845,09:39:43,10.97,-0.01,11,12067,卖盘
1846,09:39:33,10.98,--,203,223443,卖盘
1847,09:39:28,10.98,--,19,20862,卖盘
1848,09:39:18,10.98,0.01,13,14823,卖盘
1849,09:39:13,10.97,-0.01,282,309726,卖盘
1850,09:39:03,10.98,0.01,48,52704,买盘
1851,09:38:58,10.97,-0.01,119,131288,卖盘
1852,09:38:48,10.98,--,214,234972,卖盘
1853,09:38:43,10.98,--,99,109053,买盘
1854,09:38:38,10.98,--,10,10980,买盘
1855,09:38:33,10.98,--,147,161406,买盘
1856,09:38:28,10.98,--,65,71370,买盘
1857,09:38:23,10.98,-0.01,254,279638,卖盘
1858,09:38:18,10.99,0.01,19,20881,买盘
1859,09:38:13,10.98,-0.01,60,65880,卖盘
1860,09:38:08,10.99,0.01,40,43960,买盘
1861,09:38:03,10.98,--,52,57447,买盘
1862,09:37:58,10.98,0.01,52,57096,买盘
1863,09:37:53,10.97,-0.01,116,127252,卖盘
1864,09:37:48,10.98,0.01,12,13176,买盘
1865,09:37:43,10.97,-0.01,147,161259,卖盘
1866,09:37:38,10.98,--,10,10980,买盘
1867,09:37:33,10.98,--,135,148230,买盘
1868,09:37:27,10.98,--,53,58194,买盘
1869,09:37:18,10.98,--,15,16470,买盘
1870,09:37:12,10.98,--,29,31842,买盘
1871,09:37:07,10.98,--,20,21960,买盘
1872,09:37:02,10.98,--,133,146034,卖盘
1873,09:36:57,10.98,-0.01,54,59292,卖盘
1874,09:36:52,10.99,0.01,26,28574,买盘
1875,09:36:48,10.98,--,28,30744,卖盘
1876,09:36:42,10.98,--,82,90036,买盘
1877,09:36:37,10.98,0.01,46,50508,买盘
1878,09:36:32,10.97,-0.01,64,70208,卖盘
1879,09:36:27,10.98,--,61,66978,买盘
1880,09:36:22,10.98,0.01,144,158112,买盘
1881,09:36:17,10.97,--,75,82275,卖盘
1882,09:36:12,10.97,0.02,153,167841,买盘
1883,09:36:07,10.95,-0.01,10,10950,卖盘
1884,09:35:57,10.96,--,10,10960,买盘
1885,09:35:52,10.96,-0.01,1,1096,卖盘
1886,09:35:47,10.97,0.01,100,109700,买盘
1887,09:35:42,10.96,--,36,39456,卖盘
1888,09:35:37,10.96,--,30,32880,卖盘
1889,09:35:32,10.96,--,33,36168,卖盘
1890,09:35:27,10.96,-0.01,4,4384,卖盘
1891,09:35:22,10.97,0.01,18,19746,买盘
1892,09:35:17,10.96,--,40,43840,卖盘
1893,09:35:12,10.96,-0.01,10,10960,卖盘
1894,09:35:07,10.97,--,69,75693,买盘
1895,09:35:02,10.97,--,5,5485,买盘
1896,09:34:57,10.97,0.01,31,34007,买盘
1897,09:34:52,10.96,0.01,149,163304,中性盘
1898,09:34:42,10.95,-0.01,145,158775,卖盘
1899,09:34:37,10.96,--,104,113984,买盘
1900,09:34:32,10.96,--,5,5480,买盘
1901,09:34:27,10.96,--,5,5480,买盘
1902,09:34:22,10.96,-0.01,60,65760,卖盘
1903,09:34:17,10.97,0.01,4,4388,买盘
1904,09:34:12,10.96,-0.01,471,516216,卖盘
1905,09:34:07,10.97,0.01,48,52656,买盘
1906,09:34:02,10.96,--,7,7672,卖盘
1907,09:33:57,10.96,--,74,81104,买盘
1908,09:33:52,10.96,--,5,5480,买盘
1909,09:33:47,10.96,0.03,10,10960,买盘
1910,09:33:42,10.93,--,145,158485,卖盘
1911,09:33:37,10.93,-0.03,8,8744,卖盘
1912,09:33:32,10.96,--,10,10960,买盘
1913,09:33:27,10.96,--,20,21920,买盘
1914,09:33:22,10.96,--,25,27400,买盘
1915,09:33:17,10.96,--,0,0,买盘
1916,09:33:12,10.96,--,45,49320,卖盘
1917,09:33:07,10.96,--,16,18610,卖盘
1918,09:33:02,10.96,--,6,6576,卖盘
1919,09:32:57,10.96,--,84,92064,卖盘
1920,09:32:47,10.96,--,36,39456,买盘
1921,09:32:42,10.96,0.01,3,3288,买盘
1922,09:32:37,10.95,0.04,10,10950,卖盘
1923,09:32:32,10.91,--,0,0,卖盘
1924,09:32:27,10.91,-0.01,57,62187,卖盘
1925,09:32:22,10.92,-0.01,44,48048,中性盘
1926,09:32:12,10.93,--,201,219693,买盘
1927,09:32:07,10.93,0.02,295,322435,买盘
1928,09:32:02,10.91,-0.01,20,21820,卖盘
1929,09:31:57,10.92,0.01,215,234780,买盘
1930,09:31:47,10.91,--,14,15274,买盘
1931,09:31:42,10.91,0.01,26,28366,买盘
1932,09:31:37,10.9,--,13,14170,卖盘
1933,09:31:32,10.9,-0.01,15,16350,卖盘
1934,09:31:27,10.91,0.01,24,26184,买盘
1935,09:31:22,10.9,--,7,7630,买盘
1936,09:31:17,10.9,-0.01,17,18530,卖盘
1937,09:31:12,10.91,0.01,5,5455,买盘
1938,09:31:07,10.9,--,107,116630,买盘
1939,09:31:02,10.9,-0.01,2,2180,买盘
1940,09:30:57,10.91,0.01,33,36003,买盘
1941,09:30:52,10.9,--,29,31610,卖盘
1942,09:30:41,10.9,--,32,34880,买盘
1943,09:30:32,10.9,--,1,1090,买盘
1944,09:30:26,10.9,-0.01,12,13080,卖盘
1945,09:30:22,10.91,--,22,24002,买盘
1946,09:30:17,10.91,--,11,12001,买盘
1947,09:30:11,10.91,0.01,134,146194,买盘
1948,09:30:06,10.9,-0.01,341,371690,卖盘
1949,09:28:55,10.91,--,0,0,卖盘
1950,09:25:04,10.91,10.91,227,247657,买盘
