,time,price,change,volume,amount,type
0,15:00:00,17.65,0.01,0,0,买盘
1,15:00:00,17.64,--,0,0,卖盘
2,14:59:59,17.64,-0.01,61,107604,卖盘
3,14:59:53,17.65,--,125,220624,卖盘
4,14:59:48,17.65,--,64,112959,卖盘
5,14:59:43,17.65,--,50,88250,卖盘
6,14:59:38,17.65,--,114,201209,卖盘
7,14:59:29,17.65,--,60,105899,卖盘
8,14:59:23,17.65,-0.01,63,111194,卖盘
9,14:59:18,17.66,0.01,71,125386,买盘
10,14:59:08,17.65,--,66,116489,中性盘
11,14:59:03,17.65,--,610,1076650,买盘
12,14:58:53,17.65,0.01,80,141200,买盘
13,14:58:48,17.64,-0.01,2,3528,卖盘
14,14:58:38,17.65,0.01,134,236509,买盘
15,14:58:33,17.64,--,2,3528,卖盘
16,14:58:23,17.64,--,69,121716,买盘
17,14:58:13,17.64,--,10,17640,买盘
18,14:58:08,17.64,--,524,924336,卖盘
19,14:58:03,17.64,--,60,105840,卖盘
20,14:57:58,17.64,--,177,312228,卖盘
21,14:57:53,17.64,--,204,359856,买盘
22,14:57:48,17.64,--,20,35280,买盘
23,14:57:38,17.64,-0.01,3,5292,卖盘
24,14:57:33,17.65,0.02,25,44125,买盘
25,14:57:28,17.63,--,204,359652,卖盘
26,14:57:23,17.63,--,0,0,卖盘
27,14:57:18,17.63,-0.02,213,375519,卖盘
28,14:57:13,17.65,--,10,17650,买盘
29,14:57:03,17.65,--,0,0,买盘
30,14:56:58,17.65,0.02,151,266515,买盘
31,14:56:53,17.63,-0.02,131,231517,卖盘
32,14:56:48,17.65,0.01,84,148260,买盘
33,14:56:43,17.64,--,54,95256,卖盘
34,14:56:38,17.64,-0.01,27,47628,卖盘
35,14:56:33,17.65,--,15,26474,买盘
36,14:56:28,17.65,0.01,9,15884,买盘
37,14:56:23,17.64,0.01,11,19404,卖盘
38,14:56:18,17.63,-0.01,837,1475631,卖盘
39,14:56:13,17.64,-0.01,39,68796,卖盘
40,14:56:08,17.65,0.01,35,61774,买盘
41,14:56:03,17.64,-0.01,26,45864,买盘
42,14:55:58,17.65,--,0,0,买盘
43,14:55:53,17.65,0.01,180,317700,买盘
44,14:55:48,17.64,--,72,127008,买盘
45,14:55:43,17.64,--,11,19404,买盘
46,14:55:37,17.64,--,31,54684,买盘
47,14:55:33,17.64,--,179,315756,买盘
48,14:55:28,17.64,--,35,61740,买盘
49,14:55:22,17.64,0.01,26,45864,买盘
50,14:55:18,17.63,-0.01,70,123410,卖盘
51,14:55:12,17.64,-0.01,135,238140,卖盘
52,14:55:08,17.65,0.01,54,95309,买盘
53,14:55:03,17.64,--,114,201096,买盘
54,14:54:57,17.64,--,10,17640,买盘
55,14:54:52,17.64,--,0,0,中性盘
56,14:54:48,17.64,-0.01,81,142884,卖盘
57,14:54:37,17.65,0.01,36,63539,买盘
58,14:54:33,17.64,-0.01,42,74088,卖盘
59,14:54:27,17.65,0.01,63,111194,买盘
60,14:54:22,17.64,--,26,45864,买盘
61,14:54:18,17.64,--,66,116424,买盘
62,14:54:07,17.64,--,2,3528,买盘
63,14:54:02,17.64,--,31,54684,买盘
64,14:53:57,17.64,--,70,123480,买盘
65,14:53:53,17.64,--,10,17640,买盘
66,14:53:47,17.64,--,84,148176,卖盘
67,14:53:42,17.64,--,8,14112,卖盘
68,14:53:37,17.64,-0.01,235,414540,卖盘
69,14:53:32,17.65,0.02,13,22944,买盘
70,14:53:27,17.63,-0.01,836,1473868,卖盘
71,14:53:23,17.64,--,11,19404,卖盘
72,14:53:17,17.64,--,12,21168,卖盘
73,14:53:12,17.64,-0.01,13,22932,卖盘
74,14:53:07,17.65,0.02,14,24709,买盘
75,14:53:02,17.63,--,69,121647,卖盘
76,14:52:57,17.63,-0.01,140,246820,卖盘
77,14:52:52,17.64,-0.01,31,54684,卖盘
78,14:52:47,17.65,0.02,1232,2174480,买盘
79,14:52:42,17.63,-0.01,9,15867,卖盘
80,14:52:37,17.64,--,7,12348,买盘
81,14:52:32,17.64,--,218,384552,买盘
82,14:52:27,17.64,0.01,37,65268,买盘
83,14:52:22,17.63,-0.01,14,24682,卖盘
84,14:52:17,17.64,0.01,303,534492,买盘
85,14:52:12,17.63,--,3,5289,卖盘
86,14:52:07,17.63,-0.01,116,204508,卖盘
87,14:52:02,17.64,0.01,20,35280,买盘
88,14:51:52,17.63,--,32,56416,卖盘
89,14:51:47,17.63,-0.01,13,22919,卖盘
90,14:51:37,17.64,0.01,210,370440,买盘
91,14:51:32,17.63,-0.01,722,1272886,卖盘
92,14:51:27,17.64,--,2,5186,卖盘
93,14:51:22,17.64,--,5,8820,卖盘
94,14:51:17,17.64,--,22,38808,卖盘
95,14:51:07,17.64,--,1027,1811751,卖盘
96,14:50:57,17.64,-0.01,48,86365,卖盘
97,14:50:52,17.65,0.01,4,7059,买盘
98,14:50:47,17.64,-0.01,3,5292,卖盘
99,14:50:42,17.65,--,243,428894,买盘
100,14:50:37,17.65,0.01,17,30004,买盘
101,14:50:32,17.64,-0.01,19,34186,卖盘
102,14:50:27,17.65,--,7,12354,买盘
103,14:50:22,17.65,--,2,3529,买盘
104,14:50:17,17.65,--,92,162380,卖盘
105,14:50:12,17.65,--,9,15884,卖盘
106,14:50:02,17.65,--,5,8825,卖盘
107,14:49:57,17.65,-0.01,62,109429,卖盘
108,14:49:52,17.66,0.01,15,26490,买盘
109,14:49:47,17.65,--,840,1482599,卖盘
110,14:49:37,17.65,-0.01,521,919564,卖盘
111,14:49:32,17.66,--,19,33554,卖盘
112,14:49:27,17.66,--,4,7064,卖盘
113,14:49:17,17.66,--,8,14128,卖盘
114,14:49:12,17.66,--,80,141280,卖盘
115,14:49:07,17.66,0.01,181,319875,买盘
116,14:49:02,17.65,--,179,317664,卖盘
117,14:48:52,17.65,--,284,501259,卖盘
118,14:48:47,17.65,-0.01,51,90015,卖盘
119,14:48:42,17.66,--,27,47682,买盘
120,14:48:32,17.66,--,650,1149542,卖盘
121,14:48:27,17.66,-0.01,64,113024,卖盘
122,14:48:17,17.67,0.01,12,21204,买盘
123,14:48:02,17.66,-0.01,12,21192,卖盘
124,14:47:57,17.67,0.01,9,15903,买盘
125,14:47:46,17.66,-0.01,3,5298,卖盘
126,14:47:31,17.67,0.01,7,12369,买盘
127,14:47:27,17.66,-0.02,6,10596,卖盘
128,14:47:22,17.68,--,842,1488656,买盘
129,14:47:16,17.68,0.01,158,280563,买盘
130,14:47:11,17.67,0.01,123,217341,中性盘
131,14:47:07,17.66,--,45,80176,卖盘
132,14:47:01,17.66,--,1490,2631340,卖盘
133,14:46:57,17.66,-0.01,2,5262,卖盘
134,14:46:51,17.67,--,3,5301,买盘
135,14:46:46,17.67,--,15,26575,卖盘
136,14:46:41,17.67,--,14,24738,卖盘
137,14:46:36,17.67,--,351,621913,买盘
138,14:46:31,17.67,--,6,10602,买盘
139,14:46:26,17.67,--,1,1767,买盘
140,14:46:16,17.67,0.01,11,19437,买盘
141,14:46:11,17.66,-0.01,558,985428,卖盘
142,14:46:06,17.67,--,199,351703,卖盘
143,14:46:01,17.67,0.01,357,632515,买盘
144,14:45:56,17.66,-0.01,62,110092,卖盘
145,14:45:51,17.67,0.01,1,1767,买盘
146,14:45:46,17.66,--,50,88300,卖盘
147,14:45:31,17.66,--,71,125386,卖盘
148,14:45:16,17.66,--,31,56459,卖盘
149,14:45:11,17.66,--,1049,1852534,卖盘
150,14:45:06,17.66,--,10,17660,卖盘
151,14:45:01,17.66,--,20,35920,卖盘
152,14:44:56,17.66,--,2,3532,卖盘
153,14:44:51,17.66,--,8,14128,卖盘
154,14:44:46,17.66,--,302,533332,卖盘
155,14:44:41,17.66,-0.01,19,33554,卖盘
156,14:44:31,17.67,--,22,38874,买盘
157,14:44:16,17.67,--,18,31806,买盘
158,14:44:11,17.67,--,1,1767,买盘
159,14:44:06,17.67,0.01,66,116622,买盘
160,14:44:01,17.66,-0.01,19,34136,卖盘
161,14:43:56,17.67,0.01,7,12369,买盘
162,14:43:46,17.66,--,3,5298,卖盘
163,14:43:41,17.66,-0.01,74,130684,卖盘
164,14:43:36,17.67,--,36,63612,买盘
165,14:43:31,17.67,0.01,9,15903,买盘
166,14:43:16,17.66,-0.01,3,5298,卖盘
167,14:43:11,17.67,0.01,486,858762,买盘
168,14:43:01,17.66,--,104,184264,卖盘
169,14:42:56,17.66,--,2,3532,卖盘
170,14:42:46,17.66,-0.01,4,7064,卖盘
171,14:42:41,17.67,0.01,79,139593,买盘
172,14:42:31,17.66,--,11,19426,卖盘
173,14:42:26,17.66,-0.01,10,17660,卖盘
174,14:42:16,17.67,0.01,12,21204,买盘
175,14:42:11,17.66,--,15,26490,卖盘
176,14:42:06,17.66,-0.01,272,480952,卖盘
177,14:41:56,17.67,0.01,30,53010,买盘
178,14:41:51,17.66,--,1,1766,卖盘
179,14:41:46,17.66,-0.01,3,5298,卖盘
180,14:41:41,17.67,--,2,3534,买盘
181,14:41:36,17.67,--,9,15903,买盘
182,14:41:26,17.67,--,20,35340,买盘
183,14:41:21,17.67,0.01,1,1767,买盘
184,14:41:16,17.66,--,4,7064,卖盘
185,14:41:11,17.66,--,11,21033,卖盘
186,14:41:06,17.66,-0.02,111,196785,卖盘
187,14:41:01,17.68,0.01,2000,3536000,买盘
188,14:40:51,17.67,0.01,768,1357056,买盘
189,14:40:46,17.66,-0.01,3,5298,卖盘
190,14:40:41,17.67,0.01,20,35340,买盘
191,14:40:36,17.66,-0.01,7,12362,卖盘
192,14:40:26,17.67,--,30,53010,买盘
193,14:40:21,17.67,--,25,44175,买盘
194,14:40:16,17.67,--,285,503595,卖盘
195,14:40:11,17.67,-0.01,37,65979,卖盘
196,14:40:06,17.68,0.01,100,176800,买盘
197,14:40:01,17.67,--,16,28272,卖盘
198,14:39:56,17.67,--,30,53010,卖盘
199,14:39:46,17.67,--,4,7068,卖盘
200,14:39:40,17.67,--,8,14136,卖盘
201,14:39:36,17.67,--,18,31806,卖盘
202,14:39:25,17.67,-0.01,4,7068,卖盘
203,14:39:21,17.68,0.01,8,14144,买盘
204,14:39:16,17.67,--,8,14136,卖盘
205,14:39:11,17.67,-0.01,15,27105,卖盘
206,14:39:05,17.68,--,7,12376,买盘
207,14:39:01,17.68,--,11,19448,买盘
208,14:38:56,17.68,0.01,17,30056,买盘
209,14:38:50,17.67,--,69,121923,卖盘
210,14:38:45,17.67,-0.01,4,7068,卖盘
211,14:38:40,17.68,--,9,15912,买盘
212,14:38:35,17.68,0.01,76,134368,买盘
213,14:38:31,17.67,--,100,176700,卖盘
214,14:38:25,17.67,-0.01,14,24738,卖盘
215,14:38:20,17.68,0.01,9,15912,买盘
216,14:38:15,17.67,--,34,60837,卖盘
217,14:38:10,17.67,-0.01,3,6908,卖盘
218,14:38:05,17.68,--,100,176800,买盘
219,14:38:00,17.68,--,28,49504,买盘
220,14:37:55,17.68,0.01,37,65416,买盘
221,14:37:50,17.67,-0.01,100,176700,卖盘
222,14:37:45,17.68,0.01,15,26520,买盘
223,14:37:35,17.67,--,17,30039,卖盘
224,14:37:30,17.67,--,1,1767,卖盘
225,14:37:25,17.67,-0.01,58,102486,卖盘
226,14:37:20,17.68,0.01,39,70366,买盘
227,14:37:15,17.67,-0.01,3,5301,卖盘
228,14:37:10,17.68,-0.01,1,1768,中性盘
229,14:37:05,17.69,0.02,179,316880,买盘
230,14:36:50,17.67,--,100,176700,卖盘
231,14:36:45,17.67,-0.02,6,10602,卖盘
232,14:36:40,17.69,0.01,1049,1855681,买盘
233,14:36:35,17.68,--,430,761937,买盘
234,14:36:30,17.68,0.01,5,8840,买盘
235,14:36:25,17.67,-0.01,13,22971,卖盘
236,14:36:20,17.68,0.01,44,78393,买盘
237,14:36:15,17.67,--,4,7068,卖盘
238,14:36:05,17.67,-0.01,89,157263,卖盘
239,14:35:55,17.68,--,8,14144,买盘
240,14:35:50,17.68,--,756,1336678,卖盘
241,14:35:45,17.68,--,11,19448,卖盘
242,14:35:35,17.68,-0.01,117,206856,卖盘
243,14:35:30,17.69,0.01,367,649223,买盘
244,14:35:25,17.68,--,349,617032,卖盘
245,14:35:20,17.68,--,38,68792,卖盘
246,14:35:15,17.68,-0.01,49,87392,卖盘
247,14:35:10,17.69,0.01,142,251198,买盘
248,14:35:05,17.68,--,4,7072,卖盘
249,14:35:00,17.68,-0.01,44,77792,卖盘
250,14:34:55,17.69,0.01,7,12383,买盘
251,14:34:50,17.68,--,178,314933,卖盘
252,14:34:45,17.68,-0.01,3,5304,卖盘
253,14:34:40,17.69,--,18,31842,买盘
254,14:34:35,17.69,0.01,67,118523,买盘
255,14:34:25,17.68,--,7,12376,卖盘
256,14:34:20,17.68,--,23,41265,卖盘
257,14:34:15,17.68,-0.01,4,7072,卖盘
258,14:34:00,17.69,0.01,11,19459,买盘
259,14:33:50,17.68,--,145,257809,卖盘
260,14:33:45,17.68,--,8,14144,卖盘
261,14:33:40,17.68,-0.01,5,8840,卖盘
262,14:33:35,17.69,--,19,33611,买盘
263,14:33:30,17.69,0.01,121,214049,买盘
264,14:33:25,17.68,--,15,26520,卖盘
265,14:33:20,17.68,--,11,20031,卖盘
266,14:33:15,17.68,-0.01,3,5304,卖盘
267,14:33:10,17.69,0.01,10,17690,买盘
268,14:33:00,17.68,--,1,1768,卖盘
269,14:32:55,17.68,--,10,17680,卖盘
270,14:32:50,17.68,-0.01,15,26520,卖盘
271,14:32:44,17.69,--,14,24766,买盘
272,14:32:40,17.69,0.01,1,1769,买盘
273,14:32:30,17.68,-0.01,65,114920,卖盘
274,14:32:25,17.69,--,2,3538,买盘
275,14:32:20,17.69,--,139,245891,卖盘
276,14:32:14,17.69,--,28,49532,卖盘
277,14:32:10,17.69,--,29,51301,卖盘
278,14:32:05,17.69,-0.01,205,362645,卖盘
279,14:31:59,17.7,0.01,9,15930,买盘
280,14:31:55,17.69,--,5,8845,卖盘
281,14:31:50,17.69,--,4,7076,卖盘
282,14:31:44,17.69,--,3,5307,卖盘
283,14:31:40,17.69,--,24,42456,卖盘
284,14:31:35,17.69,--,1012,1790228,卖盘
285,14:31:29,17.69,--,60,106759,卖盘
286,14:31:25,17.69,--,4,7677,卖盘
287,14:31:20,17.69,--,20,35380,卖盘
288,14:31:14,17.69,--,61,107909,买盘
289,14:31:10,17.69,--,9,15921,买盘
290,14:30:59,17.69,--,1,1769,买盘
291,14:30:54,17.69,--,3,5307,买盘
292,14:30:50,17.69,--,53,93757,卖盘
293,14:30:44,17.69,-0.01,9,15921,买盘
294,14:30:34,17.7,0.02,35,61950,买盘
295,14:30:29,17.68,-0.02,2,3536,卖盘
296,14:30:24,17.7,--,0,0,买盘
297,14:30:19,17.7,0.02,61,107970,买盘
298,14:30:14,17.68,-0.01,12,21216,卖盘
299,14:30:04,17.69,-0.01,256,454031,卖盘
300,14:29:59,17.7,0.01,14,24780,买盘
301,14:29:44,17.69,--,13,22997,卖盘
302,14:29:34,17.69,--,18,31842,卖盘
303,14:29:29,17.69,--,186,329635,卖盘
304,14:29:19,17.69,--,43,76067,卖盘
305,14:29:14,17.69,--,6,10614,卖盘
306,14:29:09,17.69,--,19,33611,卖盘
307,14:29:04,17.69,--,523,925187,卖盘
308,14:28:59,17.69,--,81,143289,卖盘
309,14:28:44,17.69,-0.01,62,109678,卖盘
310,14:28:34,17.7,0.02,5,8850,买盘
311,14:28:29,17.68,-0.01,87,154558,卖盘
312,14:28:19,17.69,0.01,10,17690,买盘
313,14:28:14,17.68,-0.01,3,5304,卖盘
314,14:28:09,17.69,--,1,1769,买盘
315,14:28:04,17.69,-0.01,14,24766,卖盘
316,14:27:59,17.7,--,8,14160,买盘
317,14:27:49,17.7,0.02,3,5310,买盘
318,14:27:44,17.68,-0.02,3,5304,卖盘
319,14:27:39,17.7,0.02,9,15930,买盘
320,14:27:34,17.68,--,2,5162,卖盘
321,14:27:29,17.68,-0.01,1002,1772296,卖盘
322,14:27:19,17.69,0.01,78,137982,买盘
323,14:27:14,17.68,--,4,7072,卖盘
324,14:27:09,17.68,-0.01,48,84864,卖盘
325,14:26:49,17.69,0.01,9,15921,买盘
326,14:26:44,17.68,--,106,187408,卖盘
327,14:26:34,17.68,--,187,331376,卖盘
328,14:26:29,17.68,--,32,56964,卖盘
329,14:26:14,17.68,-0.01,63,111932,卖盘
330,14:26:09,17.69,--,6,10614,买盘
331,14:26:04,17.69,0.01,12,21228,买盘
332,14:25:59,17.68,-0.01,1,3465,卖盘
333,14:25:44,17.69,--,13,22997,买盘
334,14:25:39,17.69,0.01,1,1769,买盘
335,14:25:34,17.68,-0.01,95,167960,卖盘
336,14:25:29,17.69,0.01,4,7076,买盘
337,14:25:23,17.68,-0.02,136,240448,卖盘
338,14:25:19,17.7,0.01,9,15930,买盘
339,14:25:13,17.69,--,3,5307,卖盘
340,14:25:09,17.69,-0.01,30,53070,卖盘
341,14:25:04,17.7,0.01,193,341610,买盘
342,14:24:59,17.69,-0.01,2,3891,卖盘
343,14:24:54,17.7,0.01,52,92040,买盘
344,14:24:49,17.69,--,8,14152,卖盘
345,14:24:43,17.69,--,32,56608,卖盘
346,14:24:38,17.69,--,4,7677,卖盘
347,14:24:29,17.69,0.01,3,5307,中性盘
348,14:24:23,17.68,-0.01,46,81328,卖盘
349,14:24:19,17.69,--,43,76067,买盘
350,14:24:14,17.69,-0.01,61,107909,卖盘
351,14:24:04,17.7,--,8,14160,买盘
352,14:23:53,17.7,0.02,21,37170,买盘
353,14:23:48,17.68,--,8,14144,卖盘
354,14:23:44,17.68,--,4,7072,卖盘
355,14:23:38,17.68,-0.01,4,7655,卖盘
356,14:23:29,17.69,0.01,77,136743,买盘
357,14:23:13,17.68,-0.01,4,7072,卖盘
358,14:23:07,17.69,--,13,22997,买盘
359,14:23:03,17.69,0.01,30,53070,买盘
360,14:22:48,17.68,--,9,15912,卖盘
361,14:22:43,17.68,--,3,5304,卖盘
362,14:22:37,17.68,-0.02,7,12977,卖盘
363,14:22:33,17.7,0.02,657,1162890,买盘
364,14:22:28,17.68,-0.01,237,419016,卖盘
365,14:22:22,17.69,0.01,2,3538,买盘
366,14:22:18,17.68,-0.01,50,88400,卖盘
367,14:22:13,17.69,--,16,28304,买盘
368,14:22:08,17.69,--,1,1769,买盘
369,14:22:03,17.69,0.01,5,8845,买盘
370,14:21:48,17.68,--,9,15912,卖盘
371,14:21:43,17.68,--,7,12977,卖盘
372,14:21:37,17.68,--,84,149413,买盘
373,14:21:22,17.68,--,1,1768,买盘
374,14:21:13,17.68,--,123,218330,卖盘
375,14:21:07,17.68,--,300,530400,卖盘
376,14:20:58,17.68,--,48,84864,卖盘
377,14:20:52,17.68,--,1,1768,卖盘
378,14:20:48,17.68,--,9,15912,卖盘
379,14:20:43,17.68,--,38,67785,卖盘
380,14:20:37,17.68,--,88,155584,卖盘
381,14:20:33,17.68,--,100,176800,卖盘
382,14:20:22,17.68,-0.01,105,185640,卖盘
383,14:20:18,17.69,--,20,35380,买盘
384,14:20:13,17.69,0.01,36,63684,买盘
385,14:20:07,17.68,--,1,1768,卖盘
386,14:20:03,17.68,--,275,486500,买盘
387,14:19:58,17.68,0.01,11,19448,买盘
388,14:19:52,17.67,--,27,48256,卖盘
389,14:19:48,17.67,--,11,21044,卖盘
390,14:19:43,17.67,--,4,7827,卖盘
391,14:19:37,17.67,--,10,17670,卖盘
392,14:19:33,17.67,-0.01,2,3534,卖盘
393,14:19:28,17.68,0.01,12,21216,买盘
394,14:19:22,17.67,--,10,17670,卖盘
395,14:19:13,17.67,--,57,100719,卖盘
396,14:19:03,17.67,-0.01,9,15903,卖盘
397,14:18:58,17.68,0.01,16,28288,买盘
398,14:18:48,17.67,--,9,15903,卖盘
399,14:18:43,17.67,-0.01,28,50076,卖盘
400,14:18:28,17.68,--,10,17680,买盘
401,14:18:17,17.68,--,1,1768,买盘
402,14:18:13,17.68,--,121,213928,买盘
403,14:18:07,17.68,--,17,30056,买盘
404,14:18:01,17.68,0.01,219,387192,买盘
405,14:17:58,17.67,--,1,1767,卖盘
406,14:17:52,17.67,--,2,5141,卖盘
407,14:17:48,17.67,--,13,23713,卖盘
408,14:17:43,17.67,--,17,30039,卖盘
409,14:17:37,17.67,-0.01,9,15903,卖盘
410,14:17:32,17.68,0.01,10,17680,买盘
411,14:17:28,17.67,-0.01,50,88350,卖盘
412,14:17:16,17.68,0.01,10,17680,买盘
413,14:17:13,17.67,-0.01,4,7068,卖盘
414,14:17:07,17.68,0.01,10,17680,买盘
415,14:17:01,17.67,--,10,17670,卖盘
416,14:16:57,17.67,-0.01,57,101478,卖盘
417,14:16:46,17.68,0.01,5,8840,买盘
418,14:16:43,17.67,-0.01,13,22971,卖盘
419,14:16:37,17.68,--,2,3536,买盘
420,14:16:31,17.68,--,9,15912,买盘
421,14:16:16,17.68,--,7,12376,买盘
422,14:16:01,17.68,--,75,134067,卖盘
423,14:15:52,17.68,--,53,94605,卖盘
424,14:15:46,17.68,--,12,21216,卖盘
425,14:15:31,17.68,--,14,24752,卖盘
426,14:15:27,17.68,--,172,304909,卖盘
427,14:15:22,17.68,--,59,104312,卖盘
428,14:15:16,17.68,--,54,95472,卖盘
429,14:15:07,17.68,-0.02,24,42432,卖盘
430,14:15:01,17.7,0.01,9,15930,买盘
431,14:14:57,17.69,--,1,1769,买盘
432,14:14:52,17.69,0.01,1,1769,中性盘
433,14:14:46,17.68,-0.01,12,21216,卖盘
434,14:14:42,17.69,--,4,7076,卖盘
435,14:14:37,17.69,--,7,12383,卖盘
436,14:14:22,17.69,--,463,819648,买盘
437,14:14:16,17.69,--,6,10614,买盘
438,14:14:12,17.69,0.01,2,3538,买盘
439,14:14:07,17.68,--,10,17680,卖盘
440,14:14:01,17.68,--,1,1768,卖盘
441,14:13:57,17.68,--,1,2528,卖盘
442,14:13:52,17.68,--,11,21056,卖盘
443,14:13:46,17.68,--,65,114920,卖盘
444,14:13:42,17.68,--,15,26520,卖盘
445,14:13:31,17.68,-0.01,7,13684,卖盘
446,14:13:27,17.69,0.01,9,15921,买盘
447,14:13:22,17.68,--,64,113487,卖盘
448,14:13:16,17.68,-0.01,15,26520,卖盘
449,14:13:12,17.69,--,15,26535,买盘
450,14:13:07,17.69,0.01,14,26375,买盘
451,14:13:01,17.68,--,167,296281,卖盘
452,14:12:57,17.68,--,15,26520,卖盘
453,14:12:52,17.68,--,3,5304,卖盘
454,14:12:46,17.68,-0.01,23,40664,卖盘
455,14:12:37,17.69,--,70,123830,买盘
456,14:12:27,17.69,--,10,17690,买盘
457,14:12:16,17.69,0.01,4,7076,买盘
458,14:12:12,17.68,--,2,5144,卖盘
459,14:12:07,17.68,--,12,21216,卖盘
460,14:12:01,17.68,--,118,209384,卖盘
461,14:11:57,17.68,-0.01,4,7072,卖盘
462,14:11:52,17.69,0.01,10,17690,买盘
463,14:11:46,17.68,-0.01,219,387474,卖盘
464,14:11:42,17.69,0.01,4,7606,买盘
465,14:11:31,17.68,-0.01,100,176800,卖盘
466,14:11:27,17.69,--,183,323727,买盘
467,14:11:22,17.69,0.01,1,1769,买盘
468,14:11:16,17.68,--,107,189176,卖盘
469,14:11:12,17.68,--,0,1591,卖盘
470,14:11:07,17.68,--,10,17680,卖盘
471,14:10:57,17.68,--,1,1768,卖盘
472,14:10:52,17.68,--,9,15912,卖盘
473,14:10:46,17.68,-0.01,39,69659,卖盘
474,14:10:40,17.69,--,9,15921,卖盘
475,14:10:31,17.69,0.01,6,10614,卖盘
476,14:10:22,17.68,--,0,0,卖盘
477,14:10:16,17.68,-0.02,25,44200,卖盘
478,14:10:10,17.7,0.02,2,3540,买盘
479,14:10:07,17.68,--,13,24592,卖盘
480,14:10:01,17.68,--,3,6064,卖盘
481,14:09:52,17.68,-0.02,208,368309,卖盘
482,14:09:46,17.7,0.02,6,10620,买盘
483,14:09:40,17.68,-0.02,6,10608,卖盘
484,14:09:37,17.7,0.02,1,1770,买盘
485,14:09:25,17.68,-0.02,100,176800,卖盘
486,14:09:22,17.7,0.02,3,5310,买盘
487,14:09:16,17.68,--,3,5304,卖盘
488,14:09:07,17.68,--,11,20208,卖盘
489,14:09:01,17.68,--,18,33432,卖盘
490,14:08:52,17.68,--,0,0,卖盘
491,14:08:46,17.68,-0.01,12,21216,卖盘
492,14:08:40,17.69,-0.01,9,15921,中性盘
493,14:08:37,17.7,0.02,285,504450,买盘
494,14:08:31,17.68,-0.01,1,1768,卖盘
495,14:08:22,17.69,0.01,11,19459,买盘
496,14:08:16,17.68,-0.01,5,8840,卖盘
497,14:08:06,17.69,-0.01,7,12383,卖盘
498,14:07:55,17.7,--,0,0,买盘
499,14:07:51,17.7,--,1,1770,买盘
500,14:07:46,17.7,0.01,177,313290,买盘
501,14:07:40,17.69,--,17,30073,买盘
502,14:07:36,17.69,0.01,563,995947,买盘
503,14:07:31,17.68,--,110,194480,卖盘
504,14:07:21,17.68,--,1,1768,卖盘
505,14:07:16,17.68,0.01,314,555152,买盘
506,14:07:10,17.67,-0.01,44,78348,卖盘
507,14:07:06,17.68,0.01,50,88400,买盘
508,14:06:55,17.67,-0.01,26,45942,卖盘
509,14:06:46,17.68,0.01,15,26520,中性盘
510,14:06:40,17.67,-0.02,227,402169,卖盘
511,14:06:36,17.69,0.01,9,15921,买盘
512,14:06:31,17.68,0.01,17,30056,买盘
513,14:06:25,17.67,--,109,192603,卖盘
514,14:06:16,17.67,--,4,7068,卖盘
515,14:06:10,17.67,-0.01,4,7668,卖盘
516,14:06:06,17.68,--,2,3536,买盘
517,14:06:01,17.68,0.01,3,5304,买盘
518,14:05:55,17.67,--,6,10602,卖盘
519,14:05:51,17.67,--,109,192603,卖盘
520,14:05:46,17.67,-0.02,6,10602,卖盘
521,14:05:40,17.69,--,3,5307,买盘
522,14:05:31,17.69,0.01,36,63684,买盘
523,14:05:25,17.68,--,1,1768,买盘
524,14:05:21,17.68,0.01,3,5304,买盘
525,14:05:16,17.67,-0.01,5,8835,卖盘
526,14:05:10,17.68,--,1,1768,卖盘
527,14:05:06,17.68,--,2,3536,卖盘
528,14:05:01,17.68,--,26,45968,卖盘
529,14:04:55,17.68,--,23,40664,卖盘
530,14:04:51,17.68,--,9,15912,卖盘
531,14:04:46,17.68,-0.01,4,7072,卖盘
532,14:04:36,17.69,--,10,17690,买盘
533,14:04:31,17.69,--,0,0,买盘
534,14:04:25,17.69,0.02,82,145058,买盘
535,14:04:16,17.67,-0.01,111,196137,卖盘
536,14:04:10,17.68,--,11,20049,买盘
537,14:04:06,17.68,--,9,15912,买盘
538,14:04:01,17.68,--,1,1768,买盘
539,14:03:55,17.68,0.01,13,22984,买盘
540,14:03:51,17.67,--,35,61845,卖盘
541,14:03:45,17.67,-0.01,3,5301,卖盘
542,14:03:40,17.68,--,15,26520,买盘
543,14:03:36,17.68,--,1,1768,买盘
544,14:03:31,17.68,--,51,90592,卖盘
545,14:03:25,17.68,-0.01,30,53040,卖盘
546,14:03:15,17.69,0.01,34,60906,买盘
547,14:03:10,17.68,--,12,22824,卖盘
548,14:03:06,17.68,-0.01,5,8840,卖盘
549,14:03:00,17.69,0.01,5,8845,买盘
550,14:02:55,17.68,--,9,15912,卖盘
551,14:02:50,17.68,--,81,144799,卖盘
552,14:02:45,17.68,--,8,14144,卖盘
553,14:02:40,17.68,-0.01,1,1768,卖盘
554,14:02:34,17.69,--,10,17690,买盘
555,14:02:31,17.69,0.01,86,152134,买盘
556,14:02:25,17.68,--,4,7072,卖盘
557,14:02:15,17.68,-0.01,49,86632,卖盘
558,14:02:10,17.69,-0.01,61,108651,卖盘
559,14:02:04,17.7,--,2,3540,买盘
560,14:01:55,17.7,0.01,27,47790,买盘
561,14:01:49,17.69,--,9,15921,卖盘
562,14:01:45,17.69,--,4,7076,卖盘
563,14:01:40,17.69,-0.01,147,260043,卖盘
564,14:01:34,17.7,--,2,3540,买盘
565,14:01:30,17.7,0.01,184,326104,买盘
566,14:01:25,17.69,--,4,7076,卖盘
567,14:01:15,17.69,--,7,12984,卖盘
568,14:01:04,17.69,--,44,77836,买盘
569,14:01:00,17.69,0.01,132,233720,买盘
570,14:00:55,17.68,-0.02,101,178568,卖盘
571,14:00:45,17.7,0.02,59,104430,买盘
572,14:00:40,17.68,-0.01,86,152048,卖盘
573,14:00:30,17.69,-0.01,141,249429,卖盘
574,14:00:15,17.7,--,4,7080,买盘
575,14:00:10,17.7,--,1846,3267420,买盘
576,14:00:04,17.7,-0.01,379,671644,卖盘
577,14:00:00,17.71,0.01,25,44275,买盘
578,13:59:55,17.7,--,14,24780,卖盘
579,13:59:45,17.7,-0.01,160,284793,卖盘
580,13:59:40,17.71,--,1115,1974665,买盘
581,13:59:34,17.71,0.01,2,3542,买盘
582,13:59:30,17.7,--,100,177000,卖盘
583,13:59:25,17.7,--,205,362850,卖盘
584,13:59:19,17.7,-0.01,4,7080,卖盘
585,13:59:15,17.71,--,5,8855,买盘
586,13:59:10,17.71,--,31,54901,买盘
587,13:59:04,17.71,--,41,72611,买盘
588,13:59:00,17.71,0.01,4,7084,买盘
589,13:58:55,17.7,--,45,79650,卖盘
590,13:58:49,17.7,--,17,30090,卖盘
591,13:58:45,17.7,-0.01,79,139830,卖盘
592,13:58:40,17.71,0.01,42,74382,买盘
593,13:58:34,17.7,--,2229,3946462,买盘
594,13:58:30,17.7,--,11,19470,买盘
595,13:58:25,17.7,0.02,38,67260,买盘
596,13:58:19,17.68,-0.02,163,288661,卖盘
597,13:58:15,17.7,--,5,8850,买盘
598,13:58:10,17.7,--,87,153990,买盘
599,13:58:04,17.7,0.01,1497,2649690,买盘
600,13:58:00,17.69,--,2,3538,买盘
601,13:57:49,17.69,--,15,26535,买盘
602,13:57:45,17.69,-0.01,18,31842,中性盘
603,13:57:40,17.7,--,1322,2339940,买盘
604,13:57:34,17.7,0.01,103,182310,买盘
605,13:57:30,17.69,-0.01,6,10614,卖盘
606,13:57:25,17.7,0.01,44,77880,买盘
607,13:57:19,17.69,--,6,10614,卖盘
608,13:57:15,17.69,--,241,426329,买盘
609,13:57:09,17.69,--,1,1769,买盘
610,13:57:00,17.69,--,1,1769,买盘
611,13:56:55,17.69,0.01,103,182207,买盘
612,13:56:49,17.68,--,9,15912,卖盘
613,13:56:45,17.68,-0.01,77,136136,卖盘
614,13:56:40,17.69,0.01,12,21228,买盘
615,13:56:34,17.68,-0.01,5,8840,卖盘
616,13:56:25,17.69,--,42,74298,买盘
617,13:56:19,17.69,0.01,2000,3538000,买盘
618,13:56:15,17.68,-0.01,4,7072,卖盘
619,13:56:09,17.69,--,8,14152,买盘
620,13:56:04,17.69,0.01,4,7076,买盘
621,13:55:49,17.68,0.01,92,162885,买盘
622,13:55:43,17.67,--,3,5301,卖盘
623,13:55:39,17.67,-0.01,130,230240,卖盘
624,13:55:34,17.68,--,5,8840,买盘
625,13:55:28,17.68,--,98,173264,买盘
626,13:55:24,17.68,--,12,21216,买盘
627,13:55:19,17.68,0.01,1,1768,买盘
628,13:55:13,17.67,--,25,44175,卖盘
629,13:55:09,17.67,--,26,45959,卖盘
630,13:55:04,17.67,--,19,33573,卖盘
631,13:54:58,17.67,--,2,3534,卖盘
632,13:54:43,17.67,-0.01,4,7068,卖盘
633,13:54:39,17.68,--,19,33592,买盘
634,13:54:34,17.68,0.01,2,3536,买盘
635,13:54:28,17.67,--,3,5301,卖盘
636,13:54:13,17.67,-0.01,3,5301,卖盘
637,13:54:09,17.68,0.01,2,3536,买盘
638,13:54:04,17.67,-0.01,70,123690,卖盘
639,13:53:58,17.68,0.01,3,5304,买盘
640,13:53:49,17.67,--,78,138038,卖盘
641,13:53:43,17.67,-0.01,6,10602,卖盘
642,13:53:39,17.68,--,75,132600,买盘
643,13:53:34,17.68,0.01,8,14144,买盘
644,13:53:28,17.67,-0.01,57,100719,卖盘
645,13:53:24,17.68,--,19,33592,买盘
646,13:53:19,17.68,0.01,14,24752,买盘
647,13:53:13,17.67,-0.01,3,5301,卖盘
648,13:53:09,17.68,--,1,1768,买盘
649,13:53:04,17.68,--,111,196248,买盘
650,13:52:54,17.68,0.01,104,183872,买盘
651,13:52:43,17.67,--,4,7068,卖盘
652,13:52:39,17.67,--,44,77748,卖盘
653,13:52:28,17.67,--,94,166098,卖盘
654,13:52:24,17.67,-0.01,68,120156,卖盘
655,13:52:13,17.68,--,15,26520,买盘
656,13:52:09,17.68,0.01,1,1768,买盘
657,13:52:04,17.67,-0.01,185,328184,卖盘
658,13:51:58,17.68,0.01,2,3536,买盘
659,13:51:49,17.67,--,57,100719,卖盘
660,13:51:43,17.67,--,11,19437,卖盘
661,13:51:39,17.67,-0.01,1,1767,卖盘
662,13:51:34,17.68,--,20,35360,买盘
663,13:51:28,17.68,0.01,2,3536,买盘
664,13:51:24,17.67,--,40,70680,卖盘
665,13:51:19,17.67,--,9,15903,卖盘
666,13:51:13,17.67,-0.01,4,7068,卖盘
667,13:51:09,17.68,--,5,8840,买盘
668,13:50:58,17.68,--,11,19448,买盘
669,13:50:49,17.68,--,3,5304,买盘
670,13:50:43,17.68,0.01,21,37128,买盘
671,13:50:28,17.67,--,215,379905,卖盘
672,13:50:19,17.67,--,11,19437,卖盘
673,13:50:13,17.67,--,32,56544,卖盘
674,13:50:09,17.67,-0.01,6,10602,卖盘
675,13:50:04,17.68,--,37,65416,买盘
676,13:49:58,17.68,--,59,104312,买盘
677,13:49:54,17.68,--,105,185640,买盘
678,13:49:43,17.68,--,56,99008,买盘
679,13:49:34,17.68,--,3,5304,买盘
680,13:49:28,17.68,0.01,4,7072,买盘
681,13:49:24,17.67,--,40,70680,卖盘
682,13:49:19,17.67,--,73,129574,卖盘
683,13:49:13,17.67,--,7,12369,卖盘
684,13:49:09,17.67,-0.01,6,10602,卖盘
685,13:49:04,17.68,0.01,75,132600,买盘
686,13:48:58,17.67,-0.01,1328,2347353,卖盘
687,13:48:43,17.68,--,45,79913,卖盘
688,13:48:34,17.68,--,140,247520,卖盘
689,13:48:28,17.68,-0.01,60,106080,卖盘
690,13:48:24,17.69,0.01,98,173362,买盘
691,13:48:19,17.68,--,40,70720,卖盘
692,13:48:13,17.68,-0.01,13,22984,卖盘
693,13:48:03,17.69,--,1,1769,买盘
694,13:47:58,17.69,--,2,3538,买盘
695,13:47:54,17.69,--,6,10614,卖盘
696,13:47:43,17.69,0.01,4,7076,卖盘
697,13:47:37,17.68,--,0,0,卖盘
698,13:47:33,17.68,-0.01,119,210392,卖盘
699,13:47:28,17.69,--,5,8845,买盘
700,13:47:18,17.69,--,17,30073,卖盘
701,13:47:13,17.69,--,3,5307,卖盘
702,13:47:07,17.69,--,7,12383,卖盘
703,13:46:58,17.69,--,16,28304,卖盘
704,13:46:48,17.69,--,10,17690,卖盘
705,13:46:43,17.69,0.01,67,118523,中性盘
706,13:46:33,17.68,-0.02,61,107848,卖盘
707,13:46:28,17.7,0.02,1,1770,买盘
708,13:46:22,17.68,--,23,40664,卖盘
709,13:46:18,17.68,--,100,176800,卖盘
710,13:46:13,17.68,-0.01,452,799136,卖盘
711,13:46:03,17.69,--,11,19459,买盘
712,13:45:52,17.69,--,670,1185230,卖盘
713,13:45:43,17.69,--,15,26535,卖盘
714,13:45:37,17.69,-0.01,4,7076,卖盘
715,13:45:33,17.7,0.01,2,3540,买盘
716,13:45:28,17.69,-0.01,38,67222,卖盘
717,13:45:22,17.7,0.01,3,5310,买盘
718,13:45:13,17.69,--,16,28304,卖盘
719,13:45:03,17.69,--,48,84912,卖盘
720,13:44:58,17.69,0.01,1109,1961821,买盘
721,13:44:48,17.68,--,35,61880,卖盘
722,13:44:43,17.68,-0.01,13,22984,卖盘
723,13:44:37,17.69,0.01,1,1769,买盘
724,13:44:33,17.68,--,346,611728,卖盘
725,13:44:28,17.68,-0.01,566,1000688,卖盘
726,13:44:18,17.69,0.01,5,8845,买盘
727,13:44:13,17.68,--,7,12376,卖盘
728,13:44:07,17.68,-0.01,35,61880,卖盘
729,13:44:03,17.69,--,82,145058,卖盘
730,13:43:58,17.69,-0.01,16,28304,卖盘
731,13:43:52,17.7,--,1,1770,买盘
732,13:43:48,17.7,0.01,2,3540,买盘
733,13:43:43,17.69,--,110,194590,买盘
734,13:43:37,17.69,0.01,15,26535,中性盘
735,13:43:33,17.68,-0.02,1,1768,卖盘
736,13:43:28,17.7,0.02,5,8850,买盘
737,13:43:22,17.68,-0.02,3,5304,卖盘
738,13:43:18,17.7,0.02,35,61950,买盘
739,13:43:13,17.68,--,15,26520,卖盘
740,13:43:07,17.68,-0.02,6,10608,卖盘
741,13:43:03,17.7,--,0,0,买盘
742,13:42:48,17.7,0.02,1,1770,买盘
743,13:42:43,17.68,--,51,90168,卖盘
744,13:42:37,17.68,--,1902,3362736,卖盘
745,13:42:18,17.68,--,2,4172,卖盘
746,13:42:13,17.68,-0.01,110,194480,卖盘
747,13:42:03,17.69,--,45,79605,买盘
748,13:41:58,17.69,0.01,1307,2312083,买盘
749,13:41:52,17.68,--,1,1768,买盘
750,13:41:48,17.68,--,49,86632,卖盘
751,13:41:43,17.68,-0.01,106,187408,卖盘
752,13:41:37,17.69,0.01,9,15921,买盘
753,13:41:33,17.68,-0.01,1,1768,卖盘
754,13:41:28,17.69,0.01,2,3538,买盘
755,13:41:22,17.68,0.01,3,5304,中性盘
756,13:41:13,17.67,--,48,84816,卖盘
757,13:41:07,17.67,--,8,14136,卖盘
758,13:40:58,17.67,--,49,86583,卖盘
759,13:40:52,17.67,--,46,81282,卖盘
760,13:40:48,17.67,--,100,176700,卖盘
761,13:40:43,17.67,--,55,97185,卖盘
762,13:40:37,17.67,--,69,121923,卖盘
763,13:40:28,17.67,-0.02,166,293322,卖盘
764,13:40:22,17.69,0.02,10,17690,买盘
765,13:40:13,17.67,--,5,8835,卖盘
766,13:40:07,17.67,--,7,12369,卖盘
767,13:39:58,17.67,--,13,22971,卖盘
768,13:39:52,17.67,--,154,272118,卖盘
769,13:39:43,17.67,-0.01,10,17670,卖盘
770,13:39:37,17.68,--,195,344760,买盘
771,13:39:27,17.68,-0.01,35,61880,卖盘
772,13:39:22,17.69,--,11,19459,买盘
773,13:39:18,17.69,0.01,2,3538,买盘
774,13:39:12,17.68,--,19,33592,卖盘
775,13:39:07,17.68,-0.01,2,3536,卖盘
776,13:38:58,17.69,0.01,9,15938,买盘
777,13:38:42,17.68,--,8,14144,卖盘
778,13:38:37,17.68,--,257,454376,买盘
779,13:38:27,17.68,0.01,1024,1810432,买盘
780,13:38:12,17.67,--,3,5301,卖盘
781,13:38:07,17.67,-0.01,299,528333,卖盘
782,13:38:01,17.68,--,101,178568,买盘
783,13:37:52,17.68,--,1,1768,买盘
784,13:37:42,17.68,0.01,11,19448,买盘
785,13:37:37,17.67,-0.01,119,210273,卖盘
786,13:37:27,17.68,--,1,1768,买盘
787,13:37:22,17.68,--,2,3536,买盘
788,13:37:16,17.68,--,3,5304,买盘
789,13:37:12,17.68,--,13,22984,买盘
790,13:37:07,17.68,0.01,29,51272,买盘
791,13:37:00,17.67,--,48,84816,卖盘
792,13:36:57,17.67,--,6,10602,卖盘
793,13:36:52,17.67,--,1000,1767000,卖盘
794,13:36:46,17.67,--,199,353064,卖盘
795,13:36:42,17.67,--,459,811053,卖盘
796,13:36:22,17.67,-0.01,1,1767,卖盘
797,13:36:16,17.68,0.01,1015,1794520,买盘
798,13:36:12,17.67,--,70,124414,卖盘
799,13:36:07,17.67,--,8,14136,卖盘
800,13:35:57,17.67,--,45,79515,卖盘
801,13:35:52,17.67,--,80,142755,卖盘
802,13:35:46,17.67,--,30,53010,卖盘
803,13:35:42,17.67,--,7,12369,卖盘
804,13:35:31,17.67,--,36,63612,卖盘
805,13:35:27,17.67,-0.01,33,58311,卖盘
806,13:35:22,17.68,--,117,206856,买盘
807,13:35:16,17.68,0.01,3,5304,买盘
808,13:35:12,17.67,--,6,10602,卖盘
809,13:35:07,17.67,--,13,22971,卖盘
810,13:35:01,17.67,--,12,21204,卖盘
811,13:34:57,17.67,--,174,307705,卖盘
812,13:34:52,17.67,0.01,416,735072,买盘
813,13:34:46,17.66,--,1,1766,卖盘
814,13:34:42,17.66,--,133,234878,卖盘
815,13:34:36,17.66,--,22,38852,卖盘
816,13:34:27,17.66,--,31,54746,卖盘
817,13:34:16,17.66,--,75,133739,卖盘
818,13:34:12,17.66,--,3,5298,卖盘
819,13:34:06,17.66,-0.01,24,42384,卖盘
820,13:34:01,17.67,0.01,15,26505,买盘
821,13:33:57,17.66,-0.01,8,14128,卖盘
822,13:33:52,17.67,--,97,171399,买盘
823,13:33:46,17.67,0.01,2,3534,买盘
824,13:33:42,17.66,--,130,231134,卖盘
825,13:33:30,17.66,-0.01,100,176600,卖盘
826,13:33:27,17.67,--,98,173166,买盘
827,13:33:22,17.67,--,9,15903,买盘
828,13:33:16,17.67,--,8,14136,买盘
829,13:33:07,17.67,0.01,20,35340,买盘
830,13:33:00,17.66,--,13,22958,卖盘
831,13:32:57,17.66,--,7,12362,卖盘
832,13:32:51,17.66,--,20,35320,卖盘
833,13:32:45,17.66,--,3,5298,卖盘
834,13:32:37,17.66,--,126,223575,卖盘
835,13:32:31,17.66,-0.01,31,54746,卖盘
836,13:32:26,17.67,0.01,2,3534,买盘
837,13:32:21,17.66,--,4,7064,卖盘
838,13:32:15,17.66,--,53,95205,卖盘
839,13:32:11,17.66,-0.01,43,76732,卖盘
840,13:32:06,17.67,--,44,77748,买盘
841,13:32:00,17.67,--,16,28272,买盘
842,13:31:52,17.67,--,7,12369,买盘
843,13:31:45,17.67,0.01,77,137437,买盘
844,13:31:41,17.66,--,24,42384,卖盘
845,13:31:36,17.66,0.01,7,12362,卖盘
846,13:31:30,17.65,--,0,0,卖盘
847,13:31:26,17.65,-0.02,8,14119,卖盘
848,13:31:21,17.67,--,0,0,买盘
849,13:31:15,17.67,0.02,8,14136,买盘
850,13:31:11,17.65,--,0,0,卖盘
851,13:31:06,17.65,--,20,35300,卖盘
852,13:31:00,17.65,--,165,291578,卖盘
853,13:30:51,17.65,-0.01,35,61774,卖盘
854,13:30:45,17.66,--,96,169536,卖盘
855,13:30:41,17.66,--,140,247240,卖盘
856,13:30:36,17.66,-0.02,58,103452,卖盘
857,13:30:30,17.68,--,0,0,买盘
858,13:30:26,17.68,--,138,243984,买盘
859,13:30:21,17.68,0.01,8,14144,买盘
860,13:30:15,17.67,--,4,7068,卖盘
861,13:30:06,17.67,0.01,104,183768,卖盘
862,13:30:00,17.66,--,0,0,卖盘
863,13:29:56,17.66,--,13,22958,卖盘
864,13:29:51,17.66,-0.02,6,10596,卖盘
865,13:29:45,17.68,--,101,178568,买盘
866,13:29:39,17.68,--,1,1768,买盘
867,13:29:36,17.68,0.02,7,12376,买盘
868,13:29:30,17.66,-0.02,31,54746,卖盘
869,13:29:24,17.68,--,10,17680,买盘
870,13:29:21,17.68,0.02,10,17680,买盘
871,13:29:15,17.66,-0.02,15,26490,卖盘
872,13:29:09,17.68,--,3,5304,买盘
873,13:28:45,17.68,0.02,13,22984,买盘
874,13:28:39,17.66,-0.02,6,10596,卖盘
875,13:28:36,17.68,0.02,1,1768,买盘
876,13:28:30,17.66,-0.02,14,24724,卖盘
877,13:28:15,17.68,0.02,7,12376,买盘
878,13:28:06,17.66,--,111,196026,卖盘
879,13:28:00,17.66,-0.03,144,254304,卖盘
880,13:27:51,17.69,--,10,17690,买盘
881,13:27:45,17.69,0.02,13,22997,买盘
882,13:27:39,17.67,0.01,128,226176,买盘
883,13:27:36,17.66,-0.02,141,249006,卖盘
884,13:27:30,17.68,--,998,1764464,买盘
885,13:27:21,17.68,--,27,47736,买盘
886,13:27:15,17.68,0.02,697,1232296,买盘
887,13:27:06,17.66,--,17,30022,卖盘
888,13:27:00,17.66,--,500,883000,卖盘
889,13:26:51,17.66,-0.02,20,35320,卖盘
890,13:26:45,17.68,0.02,9,15912,买盘
891,13:26:30,17.66,-0.02,31,54746,卖盘
892,13:26:24,17.68,0.02,10,17680,买盘
893,13:26:15,17.66,-0.02,3,5298,卖盘
894,13:26:09,17.68,0.02,5,8840,买盘
895,13:26:06,17.66,--,112,197792,卖盘
896,13:26:00,17.66,--,1,1766,卖盘
897,13:25:54,17.66,--,14,24724,卖盘
898,13:25:51,17.66,--,10,17660,卖盘
899,13:25:45,17.66,--,3,5298,卖盘
900,13:25:39,17.66,-0.02,24,42384,卖盘
901,13:25:36,17.68,--,11,19448,买盘
902,13:25:30,17.68,-0.01,20,35360,卖盘
903,13:25:24,17.69,0.01,13,22997,买盘
904,13:25:15,17.68,-0.01,4,7072,卖盘
905,13:25:09,17.69,-0.01,13,22997,卖盘
906,13:25:00,17.7,0.01,1,1770,买盘
907,13:24:54,17.69,--,9,15921,买盘
908,13:24:50,17.69,--,112,198251,卖盘
909,13:24:45,17.69,0.03,386,684479,买盘
910,13:24:39,17.66,--,636,1123176,卖盘
911,13:24:30,17.66,-0.03,67,118322,卖盘
912,13:24:24,17.69,0.03,19,33611,买盘
913,13:24:15,17.66,--,41,73271,卖盘
914,13:24:09,17.66,--,14,24724,卖盘
915,13:24:06,17.66,--,97,171302,卖盘
916,13:23:50,17.66,-0.02,31,54746,卖盘
917,13:23:45,17.68,--,152,268736,买盘
918,13:23:39,17.68,--,5,8840,买盘
919,13:23:35,17.68,--,10,17680,买盘
920,13:23:30,17.68,0.02,642,1135056,买盘
921,13:23:15,17.66,-0.01,71,125386,卖盘
922,13:23:09,17.67,0.01,11,19437,买盘
923,13:23:05,17.66,0.01,44,77704,买盘
924,13:23:00,17.65,--,36,63539,卖盘
925,13:22:54,17.65,-0.01,15,26474,卖盘
926,13:22:50,17.66,0.01,15,26490,买盘
927,13:22:45,17.65,-0.01,3,5295,卖盘
928,13:22:39,17.66,0.01,10,17660,买盘
929,13:22:24,17.65,--,35,61774,卖盘
930,13:22:20,17.65,--,0,0,卖盘
931,13:22:15,17.65,-0.02,3,5295,卖盘
932,13:22:09,17.67,0.02,10,17670,买盘
933,13:22:05,17.65,-0.02,99,174735,卖盘
934,13:22:00,17.67,--,5,8835,买盘
935,13:21:54,17.67,0.01,1,1767,买盘
936,13:21:48,17.66,--,0,0,卖盘
937,13:21:45,17.66,-0.02,4,7064,卖盘
938,13:21:39,17.68,0.01,9,15912,买盘
939,13:21:30,17.67,0.01,11,19437,买盘
940,13:21:24,17.66,0.01,85,150110,买盘
941,13:21:15,17.65,--,5,8825,买盘
942,13:21:09,17.65,0.01,10,17650,买盘
943,13:21:03,17.64,-0.01,6,10584,卖盘
944,13:21:00,17.65,--,15,26474,买盘
945,13:20:54,17.65,0.01,20,35300,买盘
946,13:20:45,17.64,--,29,51156,卖盘
947,13:20:39,17.64,-0.01,20,35280,卖盘
948,13:20:24,17.65,--,5,8825,卖盘
949,13:20:15,17.65,--,16,28239,买盘
950,13:20:03,17.65,--,100,176500,卖盘
951,13:20:00,17.65,--,38,67070,卖盘
952,13:19:54,17.65,--,270,476549,卖盘
953,13:19:45,17.65,--,3,5295,卖盘
954,13:19:39,17.65,-0.03,7,12354,卖盘
955,13:19:30,17.68,--,10,17680,买盘
956,13:19:24,17.68,0.03,113,199784,买盘
957,13:19:15,17.65,--,3,5295,卖盘
958,13:19:09,17.65,--,13,22944,卖盘
959,13:19:03,17.65,--,7,12354,卖盘
960,13:19:00,17.65,--,7,12354,卖盘
961,13:18:54,17.65,0.01,8,14119,卖盘
962,13:18:45,17.64,--,7,12348,卖盘
963,13:18:39,17.64,-0.04,16,28224,卖盘
964,13:18:33,17.68,--,58,102544,买盘
965,13:18:30,17.68,0.04,28,49504,买盘
966,13:18:18,17.64,--,0,0,卖盘
967,13:18:15,17.64,-0.04,4,7056,卖盘
968,13:18:09,17.68,0.04,98,173264,买盘
969,13:18:03,17.64,-0.04,134,236376,卖盘
970,13:18:00,17.68,--,2,3536,买盘
971,13:17:54,17.68,0.02,13,22984,买盘
972,13:17:45,17.66,--,89,157174,卖盘
973,13:17:33,17.66,0.01,11,20503,买盘
974,13:17:30,17.65,-0.03,21,37065,卖盘
975,13:17:24,17.68,0.03,14,24752,买盘
976,13:17:14,17.65,-0.01,4,7059,卖盘
977,13:17:09,17.66,--,15,26490,中性盘
978,13:17:03,17.66,--,1,1766,买盘
979,13:17:00,17.66,--,2,3532,买盘
980,13:16:54,17.66,--,11,19426,买盘
981,13:16:48,17.66,--,134,236644,买盘
982,13:16:44,17.66,--,9,15894,买盘
983,13:16:29,17.66,0.02,8,14128,买盘
984,13:16:24,17.64,-0.02,50,88200,卖盘
985,13:16:14,17.66,0.02,8,14128,买盘
986,13:16:09,17.64,--,116,204624,卖盘
987,13:16:03,17.64,-0.05,88,155232,卖盘
988,13:15:59,17.69,0.03,98,173362,买盘
989,13:15:44,17.66,--,3,5298,卖盘
990,13:15:39,17.66,--,0,0,中性盘
991,13:15:33,17.66,--,109,192494,卖盘
992,13:15:18,17.66,0.02,14,26242,买盘
993,13:15:14,17.64,--,3,5292,卖盘
994,13:15:09,17.64,--,15,26460,卖盘
995,13:14:54,17.64,-0.03,10,17640,卖盘
996,13:14:48,17.67,0.03,7,12369,买盘
997,13:14:44,17.64,-0.03,4,7056,卖盘
998,13:14:33,17.67,--,85,150195,买盘
999,13:14:29,17.67,0.03,3,5301,买盘
1000,13:14:24,17.64,-0.03,21,37044,卖盘
1001,13:14:18,17.67,--,1,1767,买盘
1002,13:14:14,17.67,0.03,20,35340,买盘
1003,13:14:09,17.64,--,47,83613,卖盘
1004,13:14:03,17.64,-0.03,138,243432,卖盘
1005,13:13:54,17.67,0.01,65,114855,买盘
1006,13:13:48,17.66,0.02,33,58278,买盘
1007,13:13:44,17.64,--,3,5292,卖盘
1008,13:13:39,17.64,-0.02,61,107604,卖盘
1009,13:13:24,17.66,0.02,12,21192,买盘
1010,13:13:18,17.64,--,5,8820,卖盘
1011,13:13:12,17.64,--,4,7056,卖盘
1012,13:13:09,17.64,--,8,14112,卖盘
1013,13:13:03,17.64,--,7,12348,卖盘
1014,13:12:54,17.64,--,5,8820,卖盘
1015,13:12:42,17.64,--,3,5292,卖盘
1016,13:12:39,17.64,--,90,158760,卖盘
1017,13:12:33,17.64,-0.02,9,15876,卖盘
1018,13:12:27,17.66,0.02,156,275496,买盘
1019,13:12:24,17.64,--,52,92433,卖盘
1020,13:12:18,17.64,--,100,176400,卖盘
1021,13:12:12,17.64,--,7,12348,卖盘
1022,13:12:09,17.64,--,54,95256,卖盘
1023,13:12:03,17.64,-0.02,139,245196,卖盘
1024,13:11:57,17.66,0.02,10,17660,买盘
1025,13:11:54,17.64,-0.02,61,107604,卖盘
1026,13:11:48,17.66,0.01,31,54746,买盘
1027,13:11:42,17.65,--,5,8825,卖盘
1028,13:11:39,17.65,--,2,3529,卖盘
1029,13:11:27,17.65,0.01,3,5295,买盘
1030,13:11:23,17.64,--,79,140238,卖盘
1031,13:11:18,17.64,--,4,7056,卖盘
1032,13:11:12,17.64,--,15,26460,卖盘
1033,13:11:09,17.64,--,15,26460,卖盘
1034,13:10:53,17.64,--,36,64209,卖盘
1035,13:10:48,17.64,-0.01,66,116424,卖盘
1036,13:10:42,17.65,0.01,50,89732,买盘
1037,13:10:38,17.64,--,21,37044,卖盘
1038,13:10:23,17.64,--,3,5292,卖盘
1039,13:10:18,17.64,--,26,45864,卖盘
1040,13:10:12,17.64,0.01,7,12348,卖盘
1041,13:10:08,17.63,--,8,14104,卖盘
1042,13:10:03,17.63,-0.02,140,246820,卖盘
1043,13:09:53,17.65,0.02,20,35300,买盘
1044,13:09:42,17.63,-0.02,4,7052,卖盘
1045,13:09:23,17.65,--,98,172970,买盘
1046,13:09:18,17.65,0.02,998,1761469,买盘
1047,13:09:12,17.63,--,6,10578,卖盘
1048,13:09:03,17.63,-0.02,1,1763,卖盘
1049,13:08:57,17.65,0.02,1,1764,买盘
1050,13:08:42,17.63,--,3,5289,卖盘
1051,13:08:38,17.63,-0.02,192,338496,卖盘
1052,13:08:33,17.65,0.01,44,77660,买盘
1053,13:08:27,17.64,--,0,0,卖盘
1054,13:08:23,17.64,0.01,54,95256,买盘
1055,13:08:18,17.63,--,1,1763,卖盘
1056,13:08:12,17.63,--,7,12341,卖盘
1057,13:08:08,17.63,--,8,14104,卖盘
1058,13:08:03,17.63,--,138,243294,卖盘
1059,13:07:57,17.63,-0.01,11,19393,卖盘
1060,13:07:48,17.64,0.01,3,5292,买盘
1061,13:07:42,17.63,--,3,5289,卖盘
1062,13:07:38,17.63,-0.01,3,5289,卖盘
1063,13:07:33,17.64,0.01,2,3528,买盘
1064,13:07:27,17.63,--,3,5289,卖盘
1065,13:07:23,17.63,--,1,1763,卖盘
1066,13:07:12,17.63,--,4,7052,卖盘
1067,13:07:08,17.63,--,16,28208,卖盘
1068,13:07:03,17.63,--,8,14104,卖盘
1069,13:06:53,17.63,--,47,82861,卖盘
1070,13:06:48,17.63,--,141,248583,卖盘
1071,13:06:42,17.63,--,6,10578,卖盘
1072,13:06:33,17.63,--,3,5289,卖盘
1073,13:06:27,17.63,--,5,8815,卖盘
1074,13:06:12,17.63,--,154,271502,卖盘
1075,13:06:08,17.63,--,13,22919,卖盘
1076,13:06:03,17.63,--,22,38786,卖盘
1077,13:05:57,17.63,--,16,28208,卖盘
1078,13:05:53,17.63,--,8,14104,卖盘
1079,13:05:42,17.63,--,3,5289,卖盘
1080,13:05:38,17.63,--,4,7052,卖盘
1081,13:05:33,17.63,--,8,14104,卖盘
1082,13:05:27,17.63,--,5,8815,卖盘
1083,13:05:12,17.63,-0.01,3,5289,卖盘
1084,13:05:03,17.64,--,29,51156,买盘
1085,13:04:53,17.64,0.01,28,49392,买盘
1086,13:04:42,17.63,--,67,118121,卖盘
1087,13:04:36,17.63,--,2,3526,卖盘
1088,13:04:32,17.63,--,7,12341,卖盘
1089,13:04:27,17.63,-0.01,4,7052,卖盘
1090,13:04:21,17.64,0.01,1,1764,买盘
1091,13:04:12,17.63,--,11,19393,卖盘
1092,13:04:06,17.63,--,8,14104,卖盘
1093,13:04:02,17.63,--,8,14104,卖盘
1094,13:03:42,17.63,-0.01,4,7052,卖盘
1095,13:03:36,17.64,--,1,1764,买盘
1096,13:03:32,17.64,-0.01,20,35280,卖盘
1097,13:03:27,17.65,0.01,2,3529,买盘
1098,13:03:12,17.64,--,11,19404,卖盘
1099,13:03:06,17.64,--,8,14112,卖盘
1100,13:02:47,17.64,--,6,10584,卖盘
1101,13:02:42,17.64,0.01,15,26460,买盘
1102,13:02:12,17.63,-0.01,3,5289,卖盘
1103,13:02:06,17.64,--,5,8820,卖盘
1104,13:02:02,17.64,0.01,10,17640,买盘
1105,13:01:51,17.63,-0.01,1,1763,卖盘
1106,13:01:47,17.64,0.01,1,1764,买盘
1107,13:01:42,17.63,-0.01,9,15867,卖盘
1108,13:01:36,17.64,--,0,0,中性盘
1109,13:01:32,17.64,0.01,10,17640,买盘
1110,13:01:17,17.63,--,2,3526,卖盘
1111,13:01:12,17.63,--,12,21156,卖盘
1112,13:01:06,17.63,--,1,1763,卖盘
1113,13:01:02,17.63,--,28,49364,卖盘
1114,13:00:57,17.63,--,0,0,卖盘
1115,13:00:51,17.63,--,1,1763,卖盘
1116,13:00:47,17.63,-0.01,35,61705,卖盘
1117,13:00:42,17.64,-0.01,3,5292,卖盘
1118,13:00:36,17.65,0.01,8,14119,买盘
1119,13:00:32,17.64,--,27,48298,买盘
1120,13:00:21,17.64,0.01,5,8820,买盘
1121,13:00:17,17.63,-0.01,40,70520,卖盘
1122,13:00:12,17.64,0.01,27,47628,中性盘
1123,13:00:06,17.63,-0.01,608,1071904,卖盘
1124,13:00:02,17.64,--,167,295787,买盘
1125,11:30:00,17.64,--,0,0,买盘
1126,11:30:00,17.64,--,0,0,买盘
1127,11:29:58,17.64,0.01,1,1764,买盘
1128,11:29:43,17.63,-0.01,3,5289,卖盘
1129,11:29:37,17.64,-0.01,5,8820,买盘
1130,11:29:34,17.65,--,0,0,买盘
1131,11:29:28,17.65,0.02,154,271810,买盘
1132,11:29:19,17.63,-0.02,1,1763,卖盘
1133,11:29:13,17.65,--,58,102369,买盘
1134,11:29:07,17.65,0.01,98,172970,买盘
1135,11:28:58,17.64,--,2,3528,卖盘
1136,11:28:43,17.64,--,3,5292,卖盘
1137,11:28:37,17.64,--,3,6879,卖盘
1138,11:28:28,17.64,0.01,61,108080,买盘
1139,11:28:22,17.63,--,4,7052,卖盘
1140,11:28:13,17.63,--,9,15867,卖盘
1141,11:28:07,17.63,-0.01,110,193930,卖盘
1142,11:27:58,17.64,--,50,88200,买盘
1143,11:27:48,17.64,0.01,8,14112,买盘
1144,11:27:43,17.63,-0.01,4,7052,卖盘
1145,11:27:37,17.64,0.01,10,17640,买盘
1146,11:27:33,17.63,--,286,504218,买盘
1147,11:27:28,17.63,0.01,49,86387,买盘
1148,11:27:13,17.62,-0.01,261,460463,卖盘
1149,11:27:03,17.63,--,15,26445,买盘
1150,11:26:58,17.63,--,83,146329,买盘
1151,11:26:52,17.63,0.01,17,29971,买盘
1152,11:26:48,17.62,--,216,381948,卖盘
1153,11:26:43,17.62,--,4,7048,卖盘
1154,11:26:37,17.62,--,21,37002,卖盘
1155,11:26:28,17.62,-0.01,19,34834,卖盘
1156,11:26:22,17.63,0.01,3,5289,买盘
1157,11:26:13,17.62,--,203,357686,卖盘
1158,11:26:07,17.62,-0.01,19,34834,卖盘
1159,11:26:03,17.63,--,10,17630,买盘
1160,11:25:58,17.63,--,3,5289,买盘
1161,11:25:52,17.63,0.01,291,513033,买盘
1162,11:25:48,17.62,--,18,33072,卖盘
1163,11:25:43,17.62,--,14,24668,卖盘
1164,11:25:28,17.62,-0.01,1031,1817978,卖盘
1165,11:25:18,17.63,0.01,1,1763,买盘
1166,11:25:13,17.62,--,96,169152,卖盘
1167,11:25:07,17.62,-0.01,18,33072,卖盘
1168,11:25:03,17.63,--,4,7052,买盘
1169,11:24:58,17.63,--,104,183352,买盘
1170,11:24:52,17.63,0.01,5,8815,买盘
1171,11:24:48,17.62,--,57,101385,卖盘
1172,11:24:43,17.62,--,5,8810,卖盘
1173,11:24:37,17.62,-0.01,169,297778,卖盘
1174,11:24:33,17.63,--,21,37023,买盘
1175,11:24:28,17.63,--,2,3526,买盘
1176,11:24:22,17.63,-0.01,1133,1997479,卖盘
1177,11:24:18,17.64,--,34,59976,买盘
1178,11:24:12,17.64,--,44,77616,买盘
1179,11:24:07,17.64,--,1476,2604546,卖盘
1180,11:23:58,17.64,-0.01,1,1764,卖盘
1181,11:23:52,17.65,0.01,1,1764,买盘
1182,11:23:48,17.64,--,18,33110,卖盘
1183,11:23:42,17.64,--,3,5292,卖盘
1184,11:23:27,17.64,--,23,41930,卖盘
1185,11:23:12,17.64,--,3,5292,卖盘
1186,11:23:07,17.64,-0.01,24,43694,卖盘
1187,11:22:52,17.65,0.01,99,174735,买盘
1188,11:22:46,17.64,--,18,33110,卖盘
1189,11:22:42,17.64,-0.01,4,7056,卖盘
1190,11:22:27,17.65,0.01,24,43719,买盘
1191,11:22:22,17.64,--,1,1764,卖盘
1192,11:22:12,17.64,-0.01,3,5292,卖盘
1193,11:22:07,17.65,--,8,14119,买盘
1194,11:21:57,17.65,0.01,20,35300,买盘
1195,11:21:52,17.64,--,1,1764,卖盘
1196,11:21:42,17.64,--,13,22932,卖盘
1197,11:21:37,17.64,--,14,24696,卖盘
1198,11:21:31,17.64,-0.01,3,5292,卖盘
1199,11:21:27,17.65,--,37,65304,买盘
1200,11:21:12,17.65,0.01,10,17650,买盘
1201,11:21:07,17.64,-0.01,27,47628,卖盘
1202,11:20:52,17.65,--,107,188854,买盘
1203,11:20:46,17.65,0.01,5,8825,买盘
1204,11:20:42,17.64,--,4,7056,卖盘
1205,11:20:27,17.64,--,9,15876,卖盘
1206,11:20:22,17.64,--,102,179928,卖盘
1207,11:20:12,17.64,--,14,24696,卖盘
1208,11:20:07,17.64,--,79,140731,卖盘
1209,11:20:01,17.64,-0.01,144,254016,卖盘
1210,11:19:57,17.65,0.01,46,81190,买盘
1211,11:19:52,17.64,-0.01,9,15876,卖盘
1212,11:19:46,17.65,0.01,10,17650,买盘
1213,11:19:42,17.64,--,5,8820,卖盘
1214,11:19:37,17.64,--,40,70560,卖盘
1215,11:19:31,17.64,-0.01,5,8820,卖盘
1216,11:19:27,17.65,--,161,284165,买盘
1217,11:19:22,17.65,--,27,47654,买盘
1218,11:19:16,17.65,0.01,9,15884,买盘
1219,11:19:12,17.64,-0.01,4,7056,卖盘
1220,11:19:07,17.65,--,5,8825,买盘
1221,11:19:01,17.65,0.01,92,162380,买盘
1222,11:18:52,17.64,-0.01,10,17640,卖盘
1223,11:18:46,17.65,--,10,17650,买盘
1224,11:18:31,17.65,--,64,112959,买盘
1225,11:18:27,17.65,0.01,18,31769,买盘
1226,11:18:22,17.64,--,1,1764,卖盘
1227,11:18:16,17.64,-0.01,3,5292,卖盘
1228,11:18:07,17.65,0.01,10,17650,买盘
1229,11:18:01,17.64,--,26,45864,卖盘
1230,11:17:52,17.64,--,15,26460,卖盘
1231,11:17:46,17.64,--,21,37044,卖盘
1232,11:17:37,17.64,--,3,5292,卖盘
1233,11:17:31,17.64,-0.01,14,24696,卖盘
1234,11:17:22,17.65,--,7,12354,买盘
1235,11:17:16,17.65,--,5,8825,买盘
1236,11:17:07,17.65,--,1681,2967247,卖盘
1237,11:16:52,17.65,--,12,21180,卖盘
1238,11:16:46,17.65,--,4,7059,卖盘
1239,11:16:31,17.65,-0.01,42,74130,卖盘
1240,11:16:22,17.66,0.01,1,1766,买盘
1241,11:16:16,17.65,--,3,5295,卖盘
1242,11:16:07,17.65,--,17,30004,卖盘
1243,11:15:57,17.65,--,9,15884,卖盘
1244,11:15:46,17.65,--,27,47654,卖盘
1245,11:15:40,17.65,--,100,176500,卖盘
1246,11:15:36,17.65,-0.01,2,3529,卖盘
1247,11:15:31,17.66,0.01,8,14128,买盘
1248,11:15:25,17.65,--,65,114724,卖盘
1249,11:15:21,17.65,--,25,44125,卖盘
1250,11:15:16,17.65,--,119,210034,卖盘
1251,11:15:10,17.65,-0.01,159,280635,卖盘
1252,11:15:06,17.66,--,378,667548,卖盘
1253,11:15:01,17.66,--,605,1068430,卖盘
1254,11:14:55,17.66,-0.01,32,56512,卖盘
1255,11:14:51,17.67,--,156,275652,卖盘
1256,11:14:46,17.67,0.01,233,411711,买盘
1257,11:14:40,17.66,--,52,91832,卖盘
1258,11:14:36,17.66,--,24,42384,卖盘
1259,11:14:31,17.66,--,40,70640,卖盘
1260,11:14:25,17.66,-0.01,45,79470,卖盘
1261,11:14:21,17.67,--,114,201773,卖盘
1262,11:14:16,17.67,--,38,67146,卖盘
1263,11:14:06,17.67,-0.01,6,10602,卖盘
1264,11:14:01,17.68,--,7,12376,买盘
1265,11:13:55,17.68,0.01,1,1768,买盘
1266,11:13:46,17.67,--,4,7068,卖盘
1267,11:13:40,17.67,-0.01,5,8835,卖盘
1268,11:13:36,17.68,0.01,36,63648,买盘
1269,11:13:31,17.67,--,10,17670,卖盘
1270,11:13:21,17.67,--,12,21204,卖盘
1271,11:13:16,17.67,--,4,7068,卖盘
1272,11:12:51,17.67,-0.01,10,17670,卖盘
1273,11:12:46,17.68,--,10,17680,买盘
1274,11:12:31,17.68,--,13,22984,买盘
1275,11:12:21,17.68,0.01,20,35360,买盘
1276,11:12:16,17.67,-0.01,5,8835,卖盘
1277,11:12:06,17.68,0.01,1,1768,买盘
1278,11:12:01,17.67,--,0,0,卖盘
1279,11:11:55,17.67,-0.01,48,84816,卖盘
1280,11:11:46,17.68,--,3,5304,卖盘
1281,11:11:40,17.68,--,46,81328,买盘
1282,11:11:31,17.68,--,4,7072,卖盘
1283,11:11:25,17.68,--,2,3536,卖盘
1284,11:11:16,17.68,0.01,4,7072,买盘
1285,11:11:10,17.67,-0.01,1,1767,卖盘
1286,11:10:55,17.68,0.01,1,1768,买盘
1287,11:10:46,17.67,-0.03,3,5301,卖盘
1288,11:10:40,17.7,0.02,9,15930,买盘
1289,11:10:36,17.68,0.01,31,54808,买盘
1290,11:10:25,17.67,--,6,10602,卖盘
1291,11:10:16,17.67,-0.01,4,7068,卖盘
1292,11:10:10,17.68,0.01,8,14144,买盘
1293,11:10:06,17.67,--,0,0,卖盘
1294,11:09:55,17.67,--,0,0,卖盘
1295,11:09:46,17.67,--,4,7068,卖盘
1296,11:09:31,17.67,-0.03,10,17670,卖盘
1297,11:09:25,17.7,0.03,28,49560,买盘
1298,11:09:21,17.67,--,9,15903,卖盘
1299,11:09:16,17.67,-0.03,3,5301,卖盘
1300,11:09:10,17.7,0.03,7,12390,买盘
1301,11:09:06,17.67,--,59,105701,卖盘
1302,11:08:51,17.67,--,2,3534,卖盘
1303,11:08:46,17.67,-0.02,12,21204,卖盘
1304,11:08:36,17.69,0.02,9,15921,买盘
1305,11:08:31,17.67,--,96,169632,卖盘
1306,11:08:25,17.67,--,48,84816,卖盘
1307,11:08:15,17.67,--,3,5301,卖盘
1308,11:08:10,17.67,--,10,17670,卖盘
1309,11:08:06,17.67,--,0,0,卖盘
1310,11:08:01,17.67,-0.02,53,95099,卖盘
1311,11:07:55,17.69,0.02,9,15921,买盘
1312,11:07:46,17.67,-0.01,3,5301,卖盘
1313,11:07:40,17.68,-0.02,15,26520,卖盘
1314,11:07:30,17.7,--,15,26550,买盘
1315,11:07:15,17.7,--,89,158556,卖盘
1316,11:07:04,17.7,--,28,51223,卖盘
1317,11:07:00,17.7,--,1,1770,卖盘
1318,11:06:55,17.7,-0.01,19,33630,卖盘
1319,11:06:45,17.71,--,28,51252,买盘
1320,11:06:34,17.71,0.01,26,46046,买盘
1321,11:06:30,17.7,--,84,148680,卖盘
1322,11:06:25,17.7,-0.01,36,65383,卖盘
1323,11:06:15,17.71,0.01,11,19481,买盘
1324,11:06:10,17.7,-0.01,8,14160,卖盘
1325,11:06:04,17.71,0.01,2,3542,买盘
1326,11:06:00,17.7,-0.01,133,237073,卖盘
1327,11:05:55,17.71,0.01,38,67298,买盘
1328,11:05:45,17.7,-0.01,324,573940,卖盘
1329,11:05:40,17.71,0.01,33,58443,买盘
1330,11:05:30,17.7,--,4,7080,卖盘
1331,11:05:25,17.7,--,55,99013,卖盘
1332,11:05:19,17.7,-0.01,51,90270,卖盘
1333,11:05:15,17.71,0.01,11,19481,买盘
1334,11:05:10,17.7,--,4,7080,卖盘
1335,11:05:00,17.7,--,32,58303,卖盘
1336,11:04:45,17.7,--,40,72463,卖盘
1337,11:04:40,17.7,--,48,84960,卖盘
1338,11:04:30,17.7,--,152,269040,卖盘
1339,11:04:25,17.7,--,37,67153,卖盘
1340,11:04:19,17.7,--,5,8850,卖盘
1341,11:04:15,17.7,--,103,182310,卖盘
1342,11:04:10,17.7,--,15,26550,卖盘
1343,11:04:04,17.7,--,19,35293,卖盘
1344,11:04:00,17.7,--,65,115050,卖盘
1345,11:03:55,17.7,--,2,3540,卖盘
1346,11:03:45,17.7,-0.01,23,42373,卖盘
1347,11:03:40,17.71,0.01,7,12397,买盘
1348,11:03:30,17.7,--,12,21240,卖盘
1349,11:03:25,17.7,0.01,319,565975,买盘
1350,11:03:19,17.69,--,10,17690,买盘
1351,11:03:15,17.69,0.01,4,7076,买盘
1352,11:03:10,17.68,--,13,22984,卖盘
1353,11:03:04,17.68,-0.01,50,89849,买盘
1354,11:03:00,17.69,--,0,0,中性盘
1355,11:02:55,17.69,--,0,0,买盘
1356,11:02:49,17.69,0.02,9,15921,买盘
1357,11:02:45,17.67,-0.03,4,7068,卖盘
1358,11:02:40,17.7,0.03,7,12390,买盘
1359,11:02:34,17.67,--,0,0,卖盘
1360,11:02:30,17.67,--,2,3534,卖盘
1361,11:02:25,17.67,--,0,0,卖盘
1362,11:02:15,17.67,-0.03,3,5301,卖盘
1363,11:02:09,17.7,0.02,8,14160,买盘
1364,11:02:04,17.68,-0.01,21,37128,买盘
1365,11:02:00,17.69,--,0,0,中性盘
1366,11:01:55,17.69,0.02,31,54839,买盘
1367,11:01:49,17.67,--,1,1767,卖盘
1368,11:01:45,17.67,-0.03,4,7068,卖盘
1369,11:01:40,17.7,--,2,3540,买盘
1370,11:01:34,17.7,--,18,31860,买盘
1371,11:01:25,17.7,0.03,1,1770,买盘
1372,11:01:15,17.67,-0.03,5,8835,卖盘
1373,11:01:04,17.7,--,128,228223,卖盘
1374,11:01:00,17.7,--,2,3540,卖盘
1375,11:00:55,17.7,--,37,65490,卖盘
1376,11:00:45,17.7,--,22,40603,卖盘
1377,11:00:40,17.7,-0.01,7,12390,卖盘
1378,11:00:25,17.71,--,58,104382,买盘
1379,11:00:19,17.71,0.01,78,139395,买盘
1380,11:00:15,17.7,--,4,7080,卖盘
1381,11:00:10,17.7,--,12,21240,卖盘
1382,11:00:04,17.7,-0.01,44,79543,卖盘
1383,10:59:54,17.71,0.01,7,12397,买盘
1384,10:59:49,17.7,--,32,56640,卖盘
1385,10:59:45,17.7,-0.01,274,486643,卖盘
1386,10:59:40,17.71,0.01,9,15939,买盘
1387,10:59:33,17.7,-0.01,146,258420,卖盘
1388,10:59:25,17.71,0.01,28,51252,买盘
1389,10:59:19,17.7,--,8,14160,卖盘
1390,10:59:14,17.7,--,3,5310,卖盘
1391,10:59:04,17.7,--,39,70693,卖盘
1392,10:59:00,17.7,--,2,3540,卖盘
1393,10:58:54,17.7,--,22,38940,卖盘
1394,10:58:44,17.7,-0.01,22,40603,卖盘
1395,10:58:39,17.71,0.01,7,12397,买盘
1396,10:58:34,17.7,0.04,2092,3704503,买盘
1397,10:58:29,17.66,--,2,3532,卖盘
1398,10:58:24,17.66,--,1,1766,卖盘
1399,10:58:13,17.66,-0.03,4,7064,卖盘
1400,10:58:09,17.69,-0.01,8,14152,买盘
1401,10:58:03,17.7,--,0,0,买盘
1402,10:57:54,17.7,--,1,1770,买盘
1403,10:57:49,17.7,--,4,7080,买盘
1404,10:57:42,17.7,--,6,10620,买盘
1405,10:57:39,17.7,--,7,12390,买盘
1406,10:57:33,17.7,--,48,84960,卖盘
1407,10:57:27,17.7,--,22,38940,卖盘
1408,10:57:24,17.7,--,214,378780,卖盘
1409,10:57:18,17.7,--,129,228330,卖盘
1410,10:57:12,17.7,--,15,26550,卖盘
1411,10:57:09,17.7,--,130,230100,卖盘
1412,10:57:04,17.7,--,18,31860,卖盘
1413,10:56:54,17.7,--,8,14160,卖盘
1414,10:56:42,17.7,0.04,2453,4341810,买盘
1415,10:56:39,17.66,--,87,155019,买盘
1416,10:56:33,17.66,0.01,5,8830,买盘
1417,10:56:27,17.65,-0.01,1,1764,卖盘
1418,10:56:24,17.66,0.01,1,1766,买盘
1419,10:56:12,17.65,-0.01,3,5295,卖盘
1420,10:56:09,17.66,--,8,14128,买盘
1421,10:56:03,17.66,-0.04,64,113024,卖盘
1422,10:55:57,17.7,--,5,8850,卖盘
1423,10:55:54,17.7,0.01,1,1770,卖盘
1424,10:55:48,17.69,0.03,5,8845,买盘
1425,10:55:42,17.66,-0.04,6,10596,卖盘
1426,10:55:39,17.7,--,1124,1990913,卖盘
1427,10:55:33,17.7,-0.01,11,19470,卖盘
1428,10:55:27,17.71,0.01,5,8855,买盘
1429,10:55:24,17.7,--,33,58410,卖盘
1430,10:55:18,17.7,--,21,37170,卖盘
1431,10:55:12,17.7,-0.01,27,47790,卖盘
1432,10:55:09,17.71,--,12,21252,买盘
1433,10:55:03,17.71,0.01,31,54901,买盘
1434,10:54:54,17.7,--,3,5310,卖盘
1435,10:54:48,17.7,--,20,35400,卖盘
1436,10:54:42,17.7,-0.01,4,7080,卖盘
1437,10:54:39,17.71,0.01,35,61985,买盘
1438,10:54:33,17.7,--,10,17700,卖盘
1439,10:54:27,17.7,--,67,118590,卖盘
1440,10:54:24,17.7,--,39,69030,卖盘
1441,10:54:18,17.7,--,37,65490,卖盘
1442,10:54:12,17.7,-0.01,20,35400,卖盘
1443,10:54:09,17.71,0.01,153,270963,买盘
1444,10:54:03,17.7,--,50,88500,卖盘
1445,10:53:57,17.7,--,52,92040,卖盘
1446,10:53:54,17.7,--,408,722496,买盘
1447,10:53:42,17.7,0.04,16,28320,买盘
1448,10:53:39,17.66,0.01,24,42384,卖盘
1449,10:53:33,17.65,--,180,317700,卖盘
1450,10:53:27,17.65,--,0,0,卖盘
1451,10:53:24,17.65,-0.05,501,885694,卖盘
1452,10:53:18,17.7,--,712,1260240,卖盘
1453,10:53:12,17.7,--,4,7080,卖盘
1454,10:53:09,17.7,0.04,1061,1878306,买盘
1455,10:53:03,17.66,0.01,11,19426,买盘
1456,10:52:57,17.65,--,31,54714,卖盘
1457,10:52:54,17.65,--,63,111194,卖盘
1458,10:52:42,17.65,-0.05,112,197679,卖盘
1459,10:52:39,17.7,--,7,12390,买盘
1460,10:52:33,17.7,--,251,445703,卖盘
1461,10:52:27,17.7,--,250,442500,卖盘
1462,10:52:24,17.7,--,53,93810,卖盘
1463,10:52:18,17.7,--,398,704460,卖盘
1464,10:52:12,17.7,--,111,196470,卖盘
1465,10:52:09,17.7,--,108,191160,卖盘
1466,10:52:03,17.7,--,69,122130,卖盘
1467,10:51:57,17.7,--,1446,2559420,卖盘
1468,10:51:48,17.7,--,123,217710,卖盘
1469,10:51:42,17.7,--,6,10620,卖盘
1470,10:51:38,17.7,--,52,92040,卖盘
1471,10:51:33,17.7,0.03,489,865866,买盘
1472,10:51:27,17.67,--,3,5301,卖盘
1473,10:51:23,17.67,0.02,2,3534,卖盘
1474,10:51:18,17.65,--,62,109429,卖盘
1475,10:51:12,17.65,-0.01,7,12354,卖盘
1476,10:51:08,17.66,--,6,10596,卖盘
1477,10:50:57,17.66,-0.01,7,12362,卖盘
1478,10:50:53,17.67,--,18,31806,买盘
1479,10:50:42,17.67,0.01,8,14136,买盘
1480,10:50:36,17.66,0.01,25,44150,买盘
1481,10:50:33,17.65,--,40,70600,卖盘
1482,10:50:21,17.65,--,10,17650,卖盘
1483,10:50:18,17.65,--,38,67070,卖盘
1484,10:50:12,17.65,--,41,72365,卖盘
1485,10:50:03,17.65,--,146,257689,卖盘
1486,10:49:57,17.65,--,99,174735,卖盘
1487,10:49:48,17.65,--,5,8825,卖盘
1488,10:49:42,17.65,--,56,98839,卖盘
1489,10:49:36,17.65,--,336,593040,卖盘
1490,10:49:33,17.65,--,10,17650,卖盘
1491,10:49:27,17.65,-0.05,9,15884,卖盘
1492,10:49:21,17.7,0.05,204,361080,买盘
1493,10:49:18,17.65,--,36,63539,卖盘
1494,10:49:12,17.65,--,3,5295,卖盘
1495,10:49:06,17.65,--,5,8825,卖盘
1496,10:49:03,17.65,--,50,88250,卖盘
1497,10:48:57,17.65,-0.01,143,252394,卖盘
1498,10:48:48,17.66,0.01,19,33554,中性盘
1499,10:48:42,17.65,-0.05,570,1006049,卖盘
1500,10:48:33,17.7,--,74,130980,卖盘
1501,10:48:27,17.7,0.03,4371,7736670,买盘
1502,10:48:18,17.67,0.01,12,21204,买盘
1503,10:48:12,17.66,0.01,28,49448,买盘
1504,10:48:03,17.65,-0.02,4,7059,卖盘
1505,10:47:57,17.67,0.02,34,60078,买盘
1506,10:47:48,17.65,--,12,21180,卖盘
1507,10:47:42,17.65,--,17,30004,卖盘
1508,10:47:36,17.65,--,53,93544,卖盘
1509,10:47:33,17.65,--,51,90015,卖盘
1510,10:47:27,17.65,--,1,1764,卖盘
1511,10:47:21,17.65,--,4,7059,卖盘
1512,10:47:12,17.65,--,205,361824,卖盘
1513,10:47:06,17.65,-0.02,3,5295,卖盘
1514,10:47:03,17.67,0.02,6,10602,买盘
1515,10:46:57,17.65,--,3,5295,卖盘
1516,10:46:48,17.65,--,4,7059,卖盘
1517,10:46:42,17.65,--,15,26474,卖盘
1518,10:46:33,17.65,--,16,28239,卖盘
1519,10:46:27,17.65,--,52,91779,卖盘
1520,10:46:18,17.65,--,21,37065,卖盘
1521,10:46:12,17.65,--,4,7059,卖盘
1522,10:46:03,17.65,--,67,118254,卖盘
1523,10:45:57,17.65,--,18,31769,卖盘
1524,10:45:47,17.65,--,16,28239,卖盘
1525,10:45:42,17.65,--,3,5295,卖盘
1526,10:45:36,17.65,--,60,105899,卖盘
1527,10:45:32,17.65,--,41,72365,卖盘
1528,10:45:27,17.65,--,12,21180,卖盘
1529,10:45:18,17.65,--,15,26474,卖盘
1530,10:45:12,17.65,--,28,49419,卖盘
1531,10:45:06,17.65,-0.02,2,3529,卖盘
1532,10:45:02,17.67,0.02,2,3534,买盘
1533,10:44:57,17.65,--,8,14949,卖盘
1534,10:44:51,17.65,--,7,12354,卖盘
1535,10:44:42,17.65,--,14,24709,卖盘
1536,10:44:36,17.65,-0.02,34,60009,卖盘
1537,10:44:27,17.67,-0.02,15,26505,卖盘
1538,10:44:21,17.69,0.04,20,35380,买盘
1539,10:44:17,17.65,--,144,254159,卖盘
1540,10:44:12,17.65,--,56,98839,卖盘
1541,10:44:02,17.65,-0.04,65,114724,卖盘
1542,10:43:57,17.69,0.04,20,35380,买盘
1543,10:43:51,17.65,-0.03,15,26474,卖盘
1544,10:43:47,17.68,0.03,10,17680,卖盘
1545,10:43:42,17.65,--,3,5295,卖盘
1546,10:43:36,17.65,--,30,52949,卖盘
1547,10:43:32,17.65,--,34,60009,卖盘
1548,10:43:27,17.65,--,61,107664,卖盘
1549,10:43:21,17.65,--,59,104134,卖盘
1550,10:43:12,17.65,-0.04,13,22944,卖盘
1551,10:43:06,17.69,0.04,4,7076,买盘
1552,10:43:02,17.65,--,234,413009,卖盘
1553,10:42:57,17.65,--,9,15884,卖盘
1554,10:42:51,17.65,--,5,8825,卖盘
1555,10:42:42,17.65,-0.04,29,51184,卖盘
1556,10:42:36,17.69,--,27,47763,买盘
1557,10:42:32,17.69,0.04,1,1769,买盘
1558,10:42:27,17.65,--,97,171205,卖盘
1559,10:42:21,17.65,-0.05,89,157085,卖盘
1560,10:42:17,17.7,0.04,5,8850,买盘
1561,10:42:12,17.66,0.01,35,61810,卖盘
1562,10:42:06,17.65,--,0,0,卖盘
1563,10:42:00,17.65,-0.04,198,349470,卖盘
1564,10:41:57,17.69,--,158,279502,中性盘
1565,10:41:51,17.69,-0.01,1,1769,中性盘
1566,10:41:46,17.7,--,152,269040,卖盘
1567,10:41:42,17.7,--,512,906240,卖盘
1568,10:41:36,17.7,--,179,316830,卖盘
1569,10:41:30,17.7,--,425,752250,卖盘
1570,10:41:27,17.7,--,71,125670,卖盘
1571,10:41:21,17.7,--,24,42480,卖盘
1572,10:41:15,17.7,--,694,1228380,卖盘
1573,10:41:12,17.7,--,1446,2559420,买盘
1574,10:41:06,17.7,0.01,1,1770,买盘
1575,10:41:00,17.69,0.04,2,3538,买盘
1576,10:40:57,17.65,--,24,42360,卖盘
1577,10:40:51,17.65,--,3,5295,卖盘
1578,10:40:42,17.65,--,93,164145,卖盘
1579,10:40:36,17.65,--,17,30004,卖盘
1580,10:40:30,17.65,--,1,1764,卖盘
1581,10:40:27,17.65,--,357,630105,卖盘
1582,10:40:21,17.65,--,72,127079,卖盘
1583,10:40:12,17.65,-0.05,99,174735,卖盘
1584,10:40:06,17.7,0.05,47,84234,买盘
1585,10:40:00,17.65,--,79,139435,卖盘
1586,10:39:57,17.65,--,29,51184,卖盘
1587,10:39:51,17.65,-0.05,381,672465,卖盘
1588,10:39:45,17.7,--,110,194700,买盘
1589,10:39:42,17.7,--,199,352513,卖盘
1590,10:39:36,17.7,--,53,93810,卖盘
1591,10:39:30,17.7,--,10,17700,卖盘
1592,10:39:27,17.7,--,283,500910,卖盘
1593,10:39:21,17.7,--,91,161070,卖盘
1594,10:39:12,17.7,--,460,814200,卖盘
1595,10:39:06,17.7,-0.01,58,102660,卖盘
1596,10:39:00,17.71,0.01,1,1771,买盘
1597,10:38:57,17.7,--,447,791190,卖盘
1598,10:38:51,17.7,--,27,47790,卖盘
1599,10:38:42,17.7,--,289,511530,卖盘
1600,10:38:36,17.7,--,98,173460,卖盘
1601,10:38:27,17.7,0.05,1135,2010436,买盘
1602,10:38:15,17.65,--,41,72365,卖盘
1603,10:38:12,17.65,--,10,17650,卖盘
1604,10:38:00,17.65,--,54,95309,卖盘
1605,10:37:56,17.65,--,116,204739,卖盘
1606,10:37:45,17.65,--,187,330055,卖盘
1607,10:37:42,17.65,--,20,35300,卖盘
1608,10:37:36,17.65,--,5,8825,卖盘
1609,10:37:26,17.65,--,106,187089,卖盘
1610,10:37:21,17.65,-0.05,18,31769,卖盘
1611,10:37:15,17.7,0.05,6,10620,买盘
1612,10:37:11,17.65,-0.04,46,81190,卖盘
1613,10:37:06,17.69,0.04,75,132675,买盘
1614,10:37:00,17.65,--,1,1764,卖盘
1615,10:36:56,17.65,-0.05,144,254159,卖盘
1616,10:36:51,17.7,--,254,449580,卖盘
1617,10:36:41,17.7,--,284,502680,卖盘
1618,10:36:36,17.7,--,197,348690,卖盘
1619,10:36:30,17.7,-0.01,18,31860,卖盘
1620,10:36:26,17.71,0.01,150,265650,买盘
1621,10:36:15,17.7,-0.01,473,837210,卖盘
1622,10:36:11,17.71,0.01,27,47817,买盘
1623,10:36:06,17.7,--,189,334530,卖盘
1624,10:36:00,17.7,0.05,1432,2534640,买盘
1625,10:35:56,17.65,--,35,61774,卖盘
1626,10:35:51,17.65,0.01,58,102369,中性盘
1627,10:35:45,17.64,--,74,130536,卖盘
1628,10:35:36,17.64,-0.01,121,213444,卖盘
1629,10:35:30,17.65,-0.06,184,324760,卖盘
1630,10:35:26,17.71,0.06,10,17710,买盘
1631,10:35:21,17.65,--,252,444779,卖盘
1632,10:35:15,17.65,-0.05,554,977809,卖盘
1633,10:35:11,17.7,--,35,61950,卖盘
1634,10:35:06,17.7,--,506,895620,卖盘
1635,10:35:00,17.7,--,2323,4113249,买盘
1636,10:34:56,17.7,0.05,42,74340,买盘
1637,10:34:51,17.65,--,136,240039,卖盘
1638,10:34:45,17.65,--,4,7059,卖盘
1639,10:34:41,17.65,--,23,40595,卖盘
1640,10:34:36,17.65,--,10,17650,卖盘
1641,10:34:26,17.65,--,29,51184,卖盘
1642,10:34:21,17.65,--,91,160615,卖盘
1643,10:34:15,17.65,-0.02,37,65304,卖盘
1644,10:34:11,17.67,0.02,123,217341,中性盘
1645,10:34:06,17.65,--,121,213564,卖盘
1646,10:34:00,17.65,-0.05,7,12354,卖盘
1647,10:33:56,17.7,0.05,2,3540,买盘
1648,10:33:51,17.65,-0.05,147,259454,卖盘
1649,10:33:45,17.7,--,273,483210,卖盘
1650,10:33:39,17.7,--,30,53100,卖盘
1651,10:33:36,17.7,--,110,194700,卖盘
1652,10:33:30,17.7,-0.01,99,175230,卖盘
1653,10:33:26,17.71,0.01,8,14168,买盘
1654,10:33:21,17.7,--,339,600030,卖盘
1655,10:33:15,17.7,-0.01,10,17700,卖盘
1656,10:33:10,17.71,0.01,29,51359,买盘
1657,10:33:06,17.7,--,390,690300,卖盘
1658,10:33:00,17.7,--,255,451350,卖盘
1659,10:32:54,17.7,--,32,56640,卖盘
1660,10:32:51,17.7,--,68,120360,卖盘
1661,10:32:45,17.7,--,58,102660,卖盘
1662,10:32:39,17.7,--,391,692070,卖盘
1663,10:32:36,17.7,--,227,401790,卖盘
1664,10:32:30,17.7,--,42,74340,卖盘
1665,10:32:24,17.7,--,215,380550,卖盘
1666,10:32:21,17.7,--,47,83190,卖盘
1667,10:32:15,17.7,0.05,835,1477950,买盘
1668,10:32:09,17.65,-0.05,4,7059,卖盘
1669,10:32:06,17.7,0.05,33,58410,买盘
1670,10:32:00,17.65,--,16,28239,卖盘
1671,10:31:51,17.65,--,15,26474,卖盘
1672,10:31:45,17.65,-0.05,48,84720,卖盘
1673,10:31:39,17.7,--,8,14160,买盘
1674,10:31:35,17.7,0.05,1,1770,买盘
1675,10:31:20,17.65,--,91,160615,卖盘
1676,10:31:15,17.65,-0.05,89,157085,卖盘
1677,10:31:05,17.7,0.05,317,561090,买盘
1678,10:31:00,17.65,-0.05,45,79425,卖盘
1679,10:30:54,17.7,--,2,3540,买盘
1680,10:30:50,17.7,--,344,608880,卖盘
1681,10:30:45,17.7,--,1253,2217810,卖盘
1682,10:30:39,17.7,--,34,60180,卖盘
1683,10:30:35,17.7,--,89,157530,卖盘
1684,10:30:30,17.7,--,2,3540,卖盘
1685,10:30:24,17.7,--,132,233640,卖盘
1686,10:30:20,17.7,--,21,37170,卖盘
1687,10:30:15,17.7,--,306,541620,卖盘
1688,10:30:09,17.7,-0.01,30,53100,卖盘
1689,10:30:05,17.71,0.01,49,86779,买盘
1690,10:30:00,17.7,0.03,798,1412460,买盘
1691,10:29:54,17.67,0.03,1,1767,买盘
1692,10:29:50,17.64,-0.01,128,225792,卖盘
1693,10:29:45,17.65,--,10,17650,卖盘
1694,10:29:39,17.65,--,0,0,卖盘
1695,10:29:35,17.65,-0.03,16,28239,卖盘
1696,10:29:30,17.68,-0.02,29,51272,买盘
1697,10:29:24,17.7,--,0,0,买盘
1698,10:29:20,17.7,0.06,7,12390,买盘
1699,10:29:15,17.64,--,51,89964,卖盘
1700,10:29:05,17.64,-0.06,20,35280,卖盘
1701,10:29:00,17.7,0.06,32,56640,买盘
1702,10:28:54,17.64,-0.06,152,268128,卖盘
1703,10:28:50,17.7,0.05,14,24780,中性盘
1704,10:28:45,17.65,-0.05,65,114724,卖盘
1705,10:28:39,17.7,--,604,1069080,卖盘
1706,10:28:35,17.7,--,19,33630,卖盘
1707,10:28:30,17.7,--,35,61950,卖盘
1708,10:28:24,17.7,0.05,2286,4046220,买盘
1709,10:28:15,17.65,0.01,81,142965,卖盘
1710,10:28:09,17.64,--,0,0,卖盘
1711,10:28:05,17.64,--,10,17640,卖盘
1712,10:28:00,17.64,--,9,15876,卖盘
1713,10:27:54,17.64,--,2,3528,卖盘
1714,10:27:45,17.64,-0.01,30,52920,卖盘
1715,10:27:39,17.65,--,2,3529,买盘
1716,10:27:35,17.65,0.01,8,14119,买盘
1717,10:27:30,17.64,--,101,178164,卖盘
1718,10:27:20,17.64,--,4,7056,卖盘
1719,10:27:15,17.64,-0.05,389,686196,卖盘
1720,10:27:09,17.69,0.04,10,17690,买盘
1721,10:27:05,17.65,-0.01,20,35300,卖盘
1722,10:27:00,17.66,0.01,4,7064,买盘
1723,10:26:54,17.65,-0.01,11,19415,卖盘
1724,10:26:45,17.66,0.01,10,17660,买盘
1725,10:26:39,17.65,--,21,37065,卖盘
1726,10:26:30,17.65,--,7,12354,卖盘
1727,10:26:24,17.65,--,5,8825,卖盘
1728,10:26:15,17.65,--,12,21180,卖盘
1729,10:26:09,17.65,-0.03,20,35300,卖盘
1730,10:26:00,17.68,0.03,15,26520,买盘
1731,10:25:54,17.65,-0.04,37,65304,卖盘
1732,10:25:50,17.69,--,0,0,买盘
1733,10:25:45,17.69,0.03,17,30073,买盘
1734,10:25:39,17.66,0.01,6,10596,卖盘
1735,10:25:30,17.65,--,3,5295,卖盘
1736,10:25:24,17.65,--,10,17650,卖盘
1737,10:25:15,17.65,--,18,31769,卖盘
1738,10:25:03,17.65,--,1,1764,卖盘
1739,10:25:00,17.65,--,47,82955,卖盘
1740,10:24:54,17.65,--,9,15884,卖盘
1741,10:24:48,17.65,--,3,5295,卖盘
1742,10:24:45,17.65,--,3,5295,卖盘
1743,10:24:39,17.65,--,59,104134,卖盘
1744,10:24:29,17.65,-0.05,17,30004,卖盘
1745,10:24:24,17.7,0.05,95,168150,买盘
1746,10:24:14,17.65,-0.05,56,98839,卖盘
1747,10:24:09,17.7,--,118,208860,卖盘
1748,10:24:03,17.7,-0.01,220,389400,卖盘
1749,10:23:59,17.71,0.01,219,387849,买盘
1750,10:23:54,17.7,--,230,407100,卖盘
1751,10:23:48,17.7,--,43,76110,卖盘
1752,10:23:44,17.7,--,14,24780,卖盘
1753,10:23:39,17.7,--,68,120360,卖盘
1754,10:23:33,17.7,--,100,177000,卖盘
1755,10:23:29,17.7,--,612,1083240,卖盘
1756,10:23:24,17.7,--,19,33630,卖盘
1757,10:23:18,17.7,--,12,21240,卖盘
1758,10:23:14,17.7,--,978,1731060,卖盘
1759,10:23:09,17.7,0.05,561,992970,买盘
1760,10:23:03,17.65,0.01,51,90015,卖盘
1761,10:22:59,17.64,-0.01,148,261072,卖盘
1762,10:22:54,17.65,-0.03,3,5295,卖盘
1763,10:22:48,17.68,--,132,233376,买盘
1764,10:22:44,17.68,0.04,52,91936,买盘
1765,10:22:39,17.64,--,508,896112,卖盘
1766,10:22:29,17.64,-0.06,525,926399,卖盘
1767,10:22:24,17.7,0.02,2544,4504349,买盘
1768,10:22:18,17.68,0.03,1,1768,买盘
1769,10:22:14,17.65,--,8,14119,卖盘
1770,10:22:09,17.65,--,11,19415,卖盘
1771,10:21:59,17.65,--,10,17650,卖盘
1772,10:21:54,17.65,--,13,22944,卖盘
1773,10:21:44,17.65,-0.04,19,33535,卖盘
1774,10:21:39,17.69,0.04,20,35380,买盘
1775,10:21:29,17.65,-0.04,7,12354,卖盘
1776,10:21:24,17.69,0.04,18,31842,买盘
1777,10:21:18,17.65,-0.01,17,30004,卖盘
1778,10:21:14,17.66,-0.03,4,7064,中性盘
1779,10:21:09,17.69,0.04,9,15921,买盘
1780,10:21:03,17.65,-0.04,5,8825,卖盘
1781,10:20:59,17.69,--,19,33611,买盘
1782,10:20:54,17.69,--,0,0,买盘
1783,10:20:48,17.69,0.03,6,10614,买盘
1784,10:20:44,17.66,-0.03,3,5298,卖盘
1785,10:20:39,17.69,0.03,7,12383,买盘
1786,10:20:29,17.66,-0.03,4,7064,中性盘
1787,10:20:24,17.69,0.05,3,5307,买盘
1788,10:20:18,17.64,--,0,0,卖盘
1789,10:20:14,17.64,-0.05,12,21168,卖盘
1790,10:20:03,17.69,0.05,4,7076,买盘
1791,10:19:59,17.64,--,28,49392,卖盘
1792,10:19:44,17.64,-0.05,77,135828,卖盘
1793,10:19:39,17.69,0.05,39,68991,卖盘
1794,10:19:33,17.64,--,0,0,卖盘
1795,10:19:29,17.64,-0.05,297,523908,卖盘
1796,10:19:24,17.69,0.05,1,1769,买盘
1797,10:19:18,17.64,0.01,73,128772,中性盘
1798,10:19:14,17.63,-0.07,68,119884,卖盘
1799,10:19:09,17.7,--,167,296722,卖盘
1800,10:19:03,17.7,--,287,507990,卖盘
1801,10:18:59,17.7,--,10,17700,卖盘
1802,10:18:54,17.7,--,145,256650,卖盘
1803,10:18:48,17.7,--,655,1159350,卖盘
1804,10:18:44,17.7,--,31,54870,卖盘
1805,10:18:39,17.7,--,403,713310,卖盘
1806,10:18:33,17.7,--,473,837210,卖盘
1807,10:18:29,17.7,--,49,87367,卖盘
1808,10:18:24,17.7,0.08,1343,2377110,买盘
1809,10:18:18,17.62,-0.01,520,916240,卖盘
1810,10:18:14,17.63,--,12,21156,买盘
1811,10:18:09,17.63,-0.03,824,1452712,卖盘
1812,10:18:03,17.66,-0.04,181,319646,卖盘
1813,10:17:59,17.7,--,171,302670,卖盘
1814,10:17:54,17.7,0.04,2934,5193180,买盘
1815,10:17:48,17.66,0.05,24,42384,买盘
1816,10:17:44,17.61,-0.01,609,1072449,卖盘
1817,10:17:39,17.62,0.01,35,61810,买盘
1818,10:17:33,17.61,-0.01,383,676083,卖盘
1819,10:17:29,17.62,-0.08,1380,2431560,卖盘
1820,10:17:24,17.7,0.08,2014,3564921,买盘
1821,10:17:18,17.62,--,132,232584,卖盘
1822,10:17:14,17.62,0.01,39,68718,中性盘
1823,10:17:08,17.61,-0.01,863,1519743,卖盘
1824,10:17:03,17.62,0.01,233,410546,中性盘
1825,10:16:59,17.61,--,2,3522,卖盘
1826,10:16:54,17.61,-0.03,501,882261,卖盘
1827,10:16:48,17.64,0.01,251,442764,买盘
1828,10:16:44,17.63,0.01,39,68757,买盘
1829,10:16:39,17.62,--,3124,5504488,卖盘
1830,10:16:33,17.62,-0.01,207,364734,卖盘
1831,10:16:18,17.63,0.01,77,135751,卖盘
1832,10:16:12,17.62,-0.03,145,255490,卖盘
1833,10:16:08,17.65,0.03,205,361824,买盘
1834,10:15:57,17.62,--,7,12334,卖盘
1835,10:15:42,17.62,-0.03,20,35240,卖盘
1836,10:15:38,17.65,--,8,14119,买盘
1837,10:15:27,17.65,-0.02,5,8825,买盘
1838,10:15:23,17.67,0.05,65,114855,买盘
1839,10:15:18,17.62,0.01,687,1210494,买盘
1840,10:15:12,17.61,0.02,175,308175,中性盘
1841,10:15:08,17.59,-0.08,3667,6450253,卖盘
1842,10:15:03,17.67,--,960,1696320,买盘
1843,10:14:57,17.67,0.07,21,37107,买盘
1844,10:14:53,17.6,-0.09,1405,2472800,卖盘
1845,10:14:48,17.69,0.07,1829,3235501,买盘
1846,10:14:42,17.62,0.01,939,1654518,中性盘
1847,10:14:38,17.61,0.01,2027,3569547,卖盘
1848,10:14:33,17.6,--,882,1552320,卖盘
1849,10:14:27,17.6,-0.11,1010,1777600,卖盘
1850,10:14:23,17.71,0.01,2507,4439897,买盘
1851,10:14:18,17.7,0.09,6383,11297910,买盘
1852,10:14:12,17.61,-0.04,16,28176,卖盘
1853,10:14:08,17.65,0.01,61,107664,买盘
1854,10:14:03,17.64,0.03,36,63504,买盘
1855,10:13:57,17.61,-0.01,84,147924,卖盘
1856,10:13:53,17.62,--,16,28192,买盘
1857,10:13:48,17.62,0.01,8,14096,中性盘
1858,10:13:42,17.61,-0.01,24,42264,卖盘
1859,10:13:38,17.62,-0.01,2,3524,买盘
1860,10:13:33,17.63,--,11,19393,买盘
1861,10:13:27,17.63,0.02,22,38786,买盘
1862,10:13:23,17.61,-0.01,8,14088,卖盘
1863,10:13:18,17.62,0.01,1,1762,买盘
1864,10:13:12,17.61,--,9,15849,卖盘
1865,10:13:08,17.61,-0.01,23,40503,卖盘
1866,10:13:03,17.62,--,0,0,卖盘
1867,10:12:57,17.62,--,124,218488,卖盘
1868,10:12:48,17.62,-0.01,202,355924,卖盘
1869,10:12:42,17.63,--,6,10578,买盘
1870,10:12:38,17.63,0.01,81,142803,买盘
1871,10:12:33,17.62,--,42,74004,卖盘
1872,10:12:27,17.62,--,99,174438,卖盘
1873,10:12:23,17.62,-0.01,83,146246,卖盘
1874,10:12:18,17.63,0.01,280,493640,买盘
1875,10:12:12,17.62,-0.01,63,111006,卖盘
1876,10:12:08,17.63,--,854,1505602,买盘
1877,10:12:03,17.63,--,35,61705,买盘
1878,10:11:57,17.63,--,26,45838,买盘
1879,10:11:53,17.63,0.01,8,14104,买盘
1880,10:11:48,17.62,--,5,8810,卖盘
1881,10:11:42,17.62,-0.01,39,68718,卖盘
1882,10:11:33,17.63,0.01,101,178063,买盘
1883,10:11:27,17.62,--,93,163866,卖盘
1884,10:11:23,17.62,-0.01,10,17620,卖盘
1885,10:11:18,17.63,0.01,7,12341,买盘
1886,10:11:12,17.62,--,3,5286,卖盘
1887,10:11:08,17.62,-0.03,95,167390,卖盘
1888,10:11:03,17.65,0.02,188,331820,买盘
1889,10:10:57,17.63,--,26,45838,卖盘
1890,10:10:53,17.63,-0.01,522,920286,卖盘
1891,10:10:48,17.64,0.01,1,1764,买盘
1892,10:10:42,17.63,--,5,8815,卖盘
1893,10:10:38,17.63,-0.01,27,47601,卖盘
1894,10:10:33,17.64,0.01,61,107604,买盘
1895,10:10:27,17.63,--,6,10578,卖盘
1896,10:10:23,17.63,--,30,52890,卖盘
1897,10:10:18,17.63,--,36,63468,卖盘
1898,10:10:12,17.63,--,14,24682,卖盘
1899,10:10:08,17.63,-0.01,11,19393,卖盘
1900,10:10:03,17.64,0.01,20,35280,买盘
1901,10:09:57,17.63,--,14,24682,卖盘
1902,10:09:53,17.63,--,10,17630,卖盘
1903,10:09:48,17.63,-0.01,89,156907,卖盘
1904,10:09:42,17.64,0.01,6,10584,买盘
1905,10:09:38,17.63,--,65,114595,卖盘
1906,10:09:32,17.63,--,42,74046,卖盘
1907,10:09:27,17.63,--,148,260923,卖盘
1908,10:09:22,17.63,--,27,47601,卖盘
1909,10:09:17,17.63,--,102,179826,卖盘
1910,10:09:12,17.63,--,53,93439,卖盘
1911,10:09:08,17.63,--,147,259160,卖盘
1912,10:09:03,17.63,-0.01,420,740460,卖盘
1913,10:08:57,17.64,0.01,58,102312,中性盘
1914,10:08:52,17.63,--,850,1498550,卖盘
1915,10:08:47,17.63,-0.07,290,511798,卖盘
1916,10:08:42,17.7,0.06,2428,4298799,买盘
1917,10:08:36,17.64,-0.01,21,37044,卖盘
1918,10:08:32,17.65,0.01,50,88250,买盘
1919,10:08:21,17.64,-0.01,1,1764,卖盘
1920,10:08:17,17.65,0.01,9,15884,买盘
1921,10:08:12,17.64,-0.01,17,29988,卖盘
1922,10:08:02,17.65,--,20,35300,买盘
1923,10:07:57,17.65,0.01,6,10590,买盘
1924,10:07:47,17.64,--,15,26460,卖盘
1925,10:07:42,17.64,--,16,28224,卖盘
1926,10:07:36,17.64,--,39,68796,卖盘
1927,10:07:32,17.64,-0.01,116,204624,卖盘
1928,10:07:17,17.65,0.01,325,573625,买盘
1929,10:07:12,17.64,--,3,5292,卖盘
1930,10:07:06,17.64,--,43,75852,卖盘
1931,10:07:02,17.64,--,129,227556,卖盘
1932,10:06:57,17.64,--,12,21168,卖盘
1933,10:06:51,17.64,--,60,105840,卖盘
1934,10:06:47,17.64,--,15,26460,卖盘
1935,10:06:42,17.64,0.01,31,54684,买盘
1936,10:06:32,17.63,--,22,38786,卖盘
1937,10:06:27,17.63,--,8,14104,卖盘
1938,10:06:17,17.63,--,1,1763,卖盘
1939,10:06:12,17.63,--,107,188641,卖盘
1940,10:06:02,17.63,-0.01,11,19393,卖盘
1941,10:05:57,17.64,--,10,17640,买盘
1942,10:05:51,17.64,0.01,25,44100,买盘
1943,10:05:42,17.63,--,13,22919,卖盘
1944,10:05:32,17.63,--,51,89913,卖盘
1945,10:05:21,17.63,--,9,15867,卖盘
1946,10:05:17,17.63,--,25,44075,卖盘
1947,10:05:12,17.63,--,3,5289,卖盘
1948,10:05:02,17.63,--,4,7052,卖盘
1949,10:04:57,17.63,--,28,49364,卖盘
1950,10:04:51,17.63,--,15,26445,卖盘
1951,10:04:47,17.63,-0.02,332,585316,卖盘
1952,10:04:42,17.65,-0.01,12,21180,买盘
1953,10:04:36,17.66,0.01,83,146578,买盘
1954,10:04:27,17.65,0.01,280,495647,买盘
1955,10:04:17,17.64,--,40,70560,卖盘
1956,10:04:12,17.64,--,27,47628,卖盘
1957,10:04:06,17.64,--,260,458640,卖盘
1958,10:04:02,17.64,0.01,71,125244,买盘
1959,10:03:57,17.63,--,146,257398,卖盘
1960,10:03:51,17.63,-0.01,124,218612,卖盘
1961,10:03:47,17.64,--,35,61740,卖盘
1962,10:03:41,17.64,--,108,191446,卖盘
1963,10:03:36,17.64,--,88,155232,卖盘
1964,10:03:32,17.64,--,20,35280,卖盘
1965,10:03:26,17.64,--,70,123480,卖盘
1966,10:03:21,17.64,--,79,139356,卖盘
1967,10:03:17,17.64,--,66,116424,卖盘
1968,10:03:11,17.64,-0.01,79,139356,卖盘
1969,10:03:06,17.65,--,24,42360,买盘
1970,10:03:02,17.65,0.01,11,19415,买盘
1971,10:02:56,17.64,--,118,208152,卖盘
1972,10:02:51,17.64,0.01,398,702072,买盘
1973,10:02:47,17.63,--,3,5289,卖盘
1974,10:02:41,17.63,--,43,75809,卖盘
1975,10:02:36,17.63,--,752,1327256,卖盘
1976,10:02:32,17.63,-0.01,10,17630,卖盘
1977,10:02:21,17.64,0.01,35,61740,买盘
1978,10:02:11,17.63,-0.01,3,5289,卖盘
1979,10:02:06,17.64,0.01,42,74088,买盘
1980,10:02:01,17.63,-0.01,27,47601,卖盘
1981,10:01:51,17.64,--,49,86436,买盘
1982,10:01:41,17.64,--,6,10584,买盘
1983,10:01:31,17.64,0.01,8,14112,买盘
1984,10:01:26,17.63,-0.01,97,171011,卖盘
1985,10:01:21,17.64,0.01,14,24696,买盘
1986,10:01:11,17.63,-0.01,12,21156,卖盘
1987,10:01:06,17.64,0.01,1,1764,买盘
1988,10:00:56,17.63,-0.01,157,276791,卖盘
1989,10:00:51,17.64,0.01,6,10584,买盘
1990,10:00:46,17.63,--,35,61705,卖盘
1991,10:00:41,17.63,-0.01,3,5289,卖盘
1992,10:00:36,17.64,--,11,19404,买盘
1993,10:00:30,17.64,0.01,37,65268,买盘
1994,10:00:26,17.63,--,7,12341,卖盘
1995,10:00:21,17.63,--,79,139277,买盘
1996,10:00:15,17.63,0.01,29,51127,买盘
1997,10:00:11,17.62,--,297,524829,卖盘
1998,10:00:00,17.62,--,7,12334,卖盘
1999,09:59:56,17.62,-0.02,21,37002,卖盘
2000,09:59:51,17.64,0.02,19,33516,买盘
2001,09:59:45,17.62,--,0,0,卖盘
2002,09:59:41,17.62,--,6,10572,卖盘
2003,09:59:36,17.62,-0.02,39,68718,卖盘
2004,09:59:30,17.64,0.02,3,5292,买盘
2005,09:59:26,17.62,--,23,40526,卖盘
2006,09:59:15,17.62,--,11,19382,卖盘
2007,09:59:11,17.62,--,55,96910,卖盘
2008,09:59:06,17.62,--,93,163866,卖盘
2009,09:59:00,17.62,-0.01,41,72242,卖盘
2010,09:58:56,17.63,-0.01,55,96965,卖盘
2011,09:58:51,17.64,0.01,7,12348,买盘
2012,09:58:41,17.63,-0.01,49,86387,卖盘
2013,09:58:36,17.64,0.01,55,97020,买盘
2014,09:58:30,17.63,--,264,465432,卖盘
2015,09:58:26,17.63,--,50,88150,卖盘
2016,09:58:21,17.63,0.01,123,216849,买盘
2017,09:58:15,17.62,--,1,1762,卖盘
2018,09:58:11,17.62,-0.01,100,176200,卖盘
2019,09:58:06,17.63,0.01,4,7052,买盘
2020,09:57:56,17.62,-0.01,1,1762,卖盘
2021,09:57:51,17.63,0.01,18,31734,买盘
2022,09:57:41,17.62,-0.01,39,68718,卖盘
2023,09:57:36,17.63,0.01,6,10578,买盘
2024,09:57:30,17.62,-0.01,4,7048,卖盘
2025,09:57:26,17.63,0.01,28,49364,买盘
2026,09:57:21,17.62,-0.01,12,21144,卖盘
2027,09:57:15,17.63,--,11,19393,买盘
2028,09:57:11,17.63,0.01,77,135751,买盘
2029,09:57:06,17.62,--,5,8810,卖盘
2030,09:57:00,17.62,-0.01,7,12334,卖盘
2031,09:56:56,17.63,--,8,14104,买盘
2032,09:56:51,17.63,0.01,71,125173,买盘
2033,09:56:45,17.62,--,10,17620,卖盘
2034,09:56:41,17.62,-0.01,3,5286,中性盘
2035,09:56:36,17.63,0.01,345,608235,买盘
2036,09:56:26,17.62,-0.01,1,1762,卖盘
2037,09:56:20,17.63,0.01,23,40549,买盘
2038,09:56:15,17.62,--,2,3524,卖盘
2039,09:56:11,17.62,--,196,345352,卖盘
2040,09:56:05,17.62,--,70,123340,卖盘
2041,09:55:56,17.62,0.01,2,3524,买盘
2042,09:55:50,17.61,--,0,0,卖盘
2043,09:55:45,17.61,-0.01,348,612828,卖盘
2044,09:55:40,17.62,-0.01,85,149770,卖盘
2045,09:55:35,17.63,-0.01,36,63468,买盘
2046,09:55:30,17.64,0.02,31,54684,买盘
2047,09:55:20,17.62,--,6,11012,买盘
2048,09:55:15,17.62,--,124,218488,买盘
2049,09:55:05,17.62,-0.03,75,133471,卖盘
2050,09:55:00,17.65,0.03,214,377709,买盘
2051,09:54:55,17.62,-0.02,166,292492,卖盘
2052,09:54:50,17.64,0.02,285,503181,买盘
2053,09:54:45,17.62,0.02,19,33478,买盘
2054,09:54:40,17.6,-0.02,44,77440,卖盘
2055,09:54:30,17.62,--,3,5286,买盘
2056,09:54:25,17.62,--,10,17620,买盘
2057,09:54:20,17.62,0.02,21,37002,买盘
2058,09:54:15,17.6,-0.01,165,290400,卖盘
2059,09:54:00,17.61,--,147,258867,卖盘
2060,09:53:55,17.61,-0.01,13,22893,卖盘
2061,09:53:50,17.62,--,8,14096,买盘
2062,09:53:45,17.62,0.01,24,42288,买盘
2063,09:53:40,17.61,-0.01,38,66918,卖盘
2064,09:53:35,17.62,0.01,38,66956,买盘
2065,09:53:20,17.61,--,51,89811,卖盘
2066,09:53:15,17.61,--,19,33459,卖盘
2067,09:53:10,17.61,-0.01,6,10566,卖盘
2068,09:52:55,17.62,--,5,8810,买盘
2069,09:52:45,17.62,0.01,5,8810,买盘
2070,09:52:40,17.61,-0.01,1,1761,卖盘
2071,09:52:35,17.62,0.01,1,1762,买盘
2072,09:52:30,17.61,0.01,53,94389,买盘
2073,09:52:25,17.6,--,48,84480,卖盘
2074,09:52:20,17.6,--,158,278080,卖盘
2075,09:52:15,17.6,--,3,5280,卖盘
2076,09:52:09,17.6,--,13,22880,卖盘
2077,09:52:05,17.6,--,8,14080,卖盘
2078,09:52:00,17.6,--,0,0,卖盘
2079,09:51:54,17.6,-0.01,203,357280,卖盘
2080,09:51:50,17.61,--,3,5283,买盘
2081,09:51:45,17.61,0.01,80,140880,卖盘
2082,09:51:30,17.6,--,0,0,卖盘
2083,09:51:20,17.6,-0.01,202,355520,卖盘
2084,09:51:15,17.61,-0.01,63,110943,卖盘
2085,09:50:54,17.62,--,0,0,买盘
2086,09:50:50,17.62,--,11,19382,买盘
2087,09:50:45,17.62,0.02,130,229060,买盘
2088,09:50:39,17.6,--,10,17600,卖盘
2089,09:50:35,17.6,--,26,45760,卖盘
2090,09:50:30,17.6,-0.01,18,31680,卖盘
2091,09:50:15,17.61,0.01,5,8805,中性盘
2092,09:50:09,17.6,-0.02,24,42240,卖盘
2093,09:50:05,17.62,--,73,128626,买盘
2094,09:50:00,17.62,0.02,95,167390,买盘
2095,09:49:54,17.6,-0.01,20,35200,卖盘
2096,09:49:50,17.61,--,17,29937,卖盘
2097,09:49:45,17.61,0.01,3,5283,卖盘
2098,09:49:35,17.6,--,0,0,卖盘
2099,09:49:24,17.6,--,3,5280,卖盘
2100,09:49:20,17.6,-0.01,638,1122880,卖盘
2101,09:49:14,17.61,--,14,24654,买盘
2102,09:49:09,17.61,0.01,4,7044,买盘
2103,09:49:05,17.6,--,129,228360,卖盘
2104,09:48:59,17.6,-0.01,30,52800,卖盘
2105,09:48:54,17.61,0.01,2,3522,买盘
2106,09:48:50,17.6,0.01,174,306240,买盘
2107,09:48:44,17.59,-0.01,3,5277,卖盘
2108,09:48:35,17.6,--,35,61600,买盘
2109,09:48:29,17.6,-0.01,14,24640,卖盘
2110,09:48:24,17.61,--,222,390942,买盘
2111,09:48:19,17.61,0.01,1,1761,买盘
2112,09:48:14,17.6,--,33,58080,卖盘
2113,09:48:09,17.6,0.01,14,24640,卖盘
2114,09:48:04,17.59,-0.02,286,503074,卖盘
2115,09:47:59,17.61,0.01,16,28176,买盘
2116,09:47:54,17.6,--,10,17600,卖盘
2117,09:47:49,17.6,-0.01,55,96800,卖盘
2118,09:47:44,17.61,--,34,59874,买盘
2119,09:47:29,17.61,--,72,126792,买盘
2120,09:47:24,17.61,--,155,272955,买盘
2121,09:47:14,17.61,0.01,5,8805,买盘
2122,09:47:09,17.6,--,10,17600,卖盘
2123,09:47:04,17.6,--,10,17600,卖盘
2124,09:46:54,17.6,--,23,40480,卖盘
2125,09:46:49,17.6,-0.01,1,1760,卖盘
2126,09:46:44,17.61,0.02,57,100377,买盘
2127,09:46:34,17.59,-0.01,70,123130,卖盘
2128,09:46:29,17.6,--,32,56320,卖盘
2129,09:46:24,17.6,-0.02,34,59840,卖盘
2130,09:46:19,17.62,0.02,350,616700,买盘
2131,09:46:14,17.6,-0.02,4,7040,卖盘
2132,09:46:09,17.62,0.02,18,31716,买盘
2133,09:46:04,17.6,-0.01,376,661830,卖盘
2134,09:45:59,17.61,--,27,47547,卖盘
2135,09:45:54,17.61,0.01,1,1761,中性盘
2136,09:45:49,17.6,-0.01,34,59840,卖盘
2137,09:45:44,17.61,--,24,42264,卖盘
2138,09:45:39,17.61,-0.01,13,22893,卖盘
2139,09:45:29,17.62,0.01,10,17620,卖盘
2140,09:45:14,17.61,-0.01,56,98616,中性盘
2141,09:45:09,17.62,0.02,6,10572,中性盘
2142,09:45:04,17.6,-0.02,216,380160,卖盘
2143,09:44:59,17.62,0.01,76,133912,买盘
2144,09:44:54,17.61,-0.01,6,10566,卖盘
2145,09:44:49,17.62,--,8,14096,买盘
2146,09:44:44,17.62,--,28,49336,买盘
2147,09:44:39,17.62,0.01,21,37002,买盘
2148,09:44:34,17.61,0.01,55,96855,买盘
2149,09:44:29,17.6,--,4,7040,卖盘
2150,09:44:24,17.6,--,53,93280,卖盘
2151,09:44:18,17.6,--,15,26400,卖盘
2152,09:44:14,17.6,0.01,11,19360,中性盘
2153,09:44:09,17.59,-0.01,144,253682,卖盘
2154,09:44:03,17.6,--,73,128480,买盘
2155,09:43:59,17.6,--,132,232320,买盘
2156,09:43:54,17.6,--,32,56320,买盘
2157,09:43:48,17.6,--,3,5280,买盘
2158,09:43:44,17.6,--,55,96800,买盘
2159,09:43:39,17.6,--,353,622195,买盘
2160,09:43:33,17.6,--,335,589600,买盘
2161,09:43:29,17.6,--,17,29920,买盘
2162,09:43:24,17.6,0.01,72,126720,买盘
2163,09:43:18,17.59,--,66,116094,卖盘
2164,09:43:14,17.59,--,3,5277,卖盘
2165,09:43:09,17.59,--,399,701841,卖盘
2166,09:43:03,17.59,--,8,14072,卖盘
2167,09:42:59,17.59,--,11,19349,卖盘
2168,09:42:54,17.59,--,8,14072,卖盘
2169,09:42:48,17.59,--,10,17590,卖盘
2170,09:42:44,17.59,--,27,47493,卖盘
2171,09:42:38,17.59,--,4,7036,卖盘
2172,09:42:29,17.59,--,50,87950,卖盘
2173,09:42:23,17.59,--,30,52770,卖盘
2174,09:42:14,17.59,--,363,638517,卖盘
2175,09:42:08,17.59,--,4,7036,卖盘
2176,09:42:03,17.59,--,10,17590,卖盘
2177,09:41:59,17.59,-0.01,55,96745,卖盘
2178,09:41:53,17.6,0.01,71,124960,买盘
2179,09:41:48,17.59,-0.01,187,328933,卖盘
2180,09:41:43,17.6,0.01,81,142560,买盘
2181,09:41:38,17.59,-0.01,46,80914,卖盘
2182,09:41:29,17.6,0.01,145,255200,买盘
2183,09:41:23,17.59,-0.01,108,189972,卖盘
2184,09:41:18,17.6,0.01,33,58080,买盘
2185,09:41:13,17.59,-0.01,40,70360,卖盘
2186,09:41:08,17.6,0.01,20,35200,买盘
2187,09:41:03,17.59,-0.01,79,138961,卖盘
2188,09:40:58,17.6,-0.01,1207,2125692,卖盘
2189,09:40:53,17.61,0.01,23,40503,买盘
2190,09:40:48,17.6,--,18,31680,卖盘
2191,09:40:43,17.6,-0.01,51,89760,卖盘
2192,09:40:38,17.61,-0.01,27,47547,中性盘
2193,09:40:33,17.62,0.02,2,3524,买盘
2194,09:40:28,17.6,-0.02,24,42240,卖盘
2195,09:40:23,17.62,--,17,29954,买盘
2196,09:40:13,17.62,0.01,59,103958,买盘
2197,09:40:08,17.61,-0.01,28,49308,卖盘
2198,09:40:03,17.62,0.01,10,17620,买盘
2199,09:39:58,17.61,-0.01,13,23280,卖盘
2200,09:39:53,17.62,0.02,16,28192,买盘
2201,09:39:48,17.6,--,0,0,卖盘
2202,09:39:43,17.6,-0.01,98,172480,卖盘
2203,09:39:38,17.61,--,77,135597,买盘
2204,09:39:33,17.61,--,240,422640,卖盘
2205,09:39:28,17.61,-0.02,9,15849,卖盘
2206,09:39:23,17.63,0.01,11,19393,买盘
2207,09:39:18,17.62,0.01,132,233465,买盘
2208,09:39:13,17.61,--,19,33459,卖盘
2209,09:39:08,17.61,--,34,59874,卖盘
2210,09:38:58,17.61,-0.01,11,19371,卖盘
2211,09:38:53,17.62,0.01,142,250204,中性盘
2212,09:38:48,17.61,-0.01,701,1234461,卖盘
2213,09:38:43,17.62,-0.01,53,93386,卖盘
2214,09:38:38,17.63,--,82,144566,卖盘
2215,09:38:33,17.63,-0.01,38,66994,卖盘
2216,09:38:28,17.64,--,100,176400,买盘
2217,09:38:23,17.64,0.01,29,51156,买盘
2218,09:38:18,17.63,-0.03,260,458380,卖盘
2219,09:38:13,17.66,--,3,5298,卖盘
2220,09:38:08,17.66,0.01,77,135982,买盘
2221,09:38:03,17.65,--,7,12354,买盘
2222,09:37:58,17.65,--,20,35300,卖盘
2223,09:37:53,17.65,--,41,72365,卖盘
2224,09:37:43,17.65,-0.03,125,220624,卖盘
2225,09:37:38,17.68,--,124,219232,买盘
2226,09:37:33,17.68,0.02,12,21216,买盘
2227,09:37:23,17.66,-0.02,3,5298,卖盘
2228,09:37:18,17.68,0.03,37,65416,买盘
2229,09:37:13,17.65,-0.02,4,7059,中性盘
2230,09:37:08,17.67,0.01,47,83049,买盘
2231,09:37:03,17.66,0.02,42,74172,买盘
2232,09:36:58,17.64,0.01,23,40572,买盘
2233,09:36:53,17.63,--,104,183352,买盘
2234,09:36:48,17.63,--,304,535952,买盘
2235,09:36:42,17.63,--,37,65230,买盘
2236,09:36:37,17.63,-0.01,163,287369,卖盘
2237,09:36:33,17.64,0.01,91,160524,中性盘
2238,09:36:27,17.63,-0.03,65,114595,卖盘
2239,09:36:22,17.66,0.04,2,3532,买盘
2240,09:36:18,17.62,-0.01,14,24668,卖盘
2241,09:36:12,17.63,--,13,22919,卖盘
2242,09:36:07,17.63,0.01,28,49364,卖盘
2243,09:35:52,17.62,-0.01,101,177962,卖盘
2244,09:35:47,17.63,0.01,14,24999,买盘
2245,09:35:42,17.62,-0.01,14,24668,卖盘
2246,09:35:37,17.63,--,38,66994,买盘
2247,09:35:22,17.63,-0.03,122,216531,卖盘
2248,09:35:17,17.66,--,14,24724,卖盘
2249,09:35:12,17.66,--,13,22958,卖盘
2250,09:35:02,17.66,-0.01,68,121465,卖盘
2251,09:34:57,17.67,--,1,1767,买盘
2252,09:34:52,17.67,--,61,108317,卖盘
2253,09:34:47,17.67,-0.01,100,176700,卖盘
2254,09:34:42,17.68,--,3,5304,中性盘
2255,09:34:37,17.68,--,0,0,买盘
2256,09:34:32,17.68,--,3,5304,卖盘
2257,09:34:22,17.68,-0.01,179,318169,卖盘
2258,09:34:17,17.69,--,505,893345,卖盘
2259,09:34:12,17.69,--,3,5307,卖盘
2260,09:34:07,17.69,0.01,728,1287832,买盘
2261,09:34:02,17.68,--,15,26520,卖盘
2262,09:33:57,17.68,--,30,53110,卖盘
2263,09:33:52,17.68,--,187,330616,买盘
2264,09:33:47,17.68,0.01,42,74256,买盘
2265,09:33:42,17.67,--,121,213807,卖盘
2266,09:33:37,17.67,--,76,135528,买盘
2267,09:33:32,17.67,0.01,36,63612,买盘
2268,09:33:27,17.66,--,16,28256,卖盘
2269,09:33:22,17.66,--,17,30728,卖盘
2270,09:33:17,17.66,--,20,35320,卖盘
2271,09:33:12,17.66,--,51,90066,卖盘
2272,09:33:07,17.66,--,105,185430,卖盘
2273,09:33:02,17.66,--,280,494480,卖盘
2274,09:32:57,17.66,-0.01,100,176600,卖盘
2275,09:32:52,17.67,--,7,12369,买盘
2276,09:32:47,17.67,0.01,91,160797,买盘
2277,09:32:42,17.66,-0.01,4,7064,卖盘
2278,09:32:37,17.67,0.01,104,183768,买盘
2279,09:32:32,17.66,--,18,31788,卖盘
2280,09:32:22,17.66,-0.01,97,171302,卖盘
2281,09:32:17,17.67,0.01,12,21204,买盘
2282,09:32:12,17.66,-0.01,123,217218,卖盘
2283,09:32:07,17.67,--,184,325128,买盘
2284,09:32:02,17.67,--,181,319827,买盘
2285,09:31:57,17.67,--,371,655557,买盘
2286,09:31:52,17.67,0.01,70,123690,买盘
2287,09:31:47,17.66,0.01,29,51214,买盘
2288,09:31:42,17.65,--,13,22944,卖盘
2289,09:31:37,17.65,--,5,8825,卖盘
2290,09:31:32,17.65,-0.02,118,208340,卖盘
2291,09:31:27,17.67,0.02,148,261516,买盘
2292,09:31:22,17.65,-0.02,16,28239,卖盘
2293,09:31:17,17.67,0.02,63,111321,买盘
2294,09:31:12,17.65,-0.02,12,21180,中性盘
2295,09:31:07,17.67,-0.01,12,21204,买盘
2296,09:31:02,17.68,0.03,45,79560,买盘
2297,09:30:57,17.65,-0.03,18,31769,卖盘
2298,09:30:52,17.68,--,3,5304,买盘
2299,09:30:47,17.68,0.02,10,17680,买盘
2300,09:30:42,17.66,-0.03,55,97130,卖盘
2301,09:30:37,17.69,0.01,10,17690,买盘
2302,09:30:27,17.68,0.02,13,22984,买盘
2303,09:30:22,17.66,--,49,86534,卖盘
2304,09:30:17,17.66,-0.02,36,63576,卖盘
2305,09:30:12,17.68,-0.01,51,90168,卖盘
2306,09:30:07,17.69,0.03,247,437526,买盘
2307,09:30:02,17.66,-0.04,116,204856,卖盘
2308,09:28:46,17.7,--,0,0,买盘
2309,09:25:04,17.7,17.7,903,1598310,买盘
