,time,price,change,volume,amount,type
0,15:00:00,20.78,-0.04,0,0,卖盘
1,15:00:00,20.82,--,0,0,买盘
2,14:59:58,20.82,0.02,83,172806,买盘
3,14:59:53,20.8,--,280,582400,卖盘
4,14:59:48,20.8,0.01,96,199700,买盘
5,14:59:43,20.79,--,338,702702,买盘
6,14:59:38,20.79,0.01,107,222453,买盘
7,14:59:33,20.78,-0.01,1,2078,卖盘
8,14:59:28,20.79,0.02,145,301455,买盘
9,14:59:23,20.77,-0.01,449,932573,卖盘
10,14:59:18,20.78,0.01,213,442614,买盘
11,14:59:13,20.77,--,147,305319,卖盘
12,14:59:08,20.77,--,351,729027,买盘
13,14:59:03,20.77,--,55,114235,买盘
14,14:58:58,20.77,0.02,63,130851,买盘
15,14:58:53,20.75,-0.02,41,85075,卖盘
16,14:58:48,20.77,--,5,10385,买盘
17,14:58:43,20.77,0.02,35,72695,买盘
18,14:58:38,20.75,--,16,33200,买盘
19,14:58:28,20.75,--,166,344450,卖盘
20,14:58:23,20.75,-0.02,39,80925,卖盘
21,14:58:18,20.77,--,4,8308,买盘
22,14:58:13,20.77,0.05,30,62310,买盘
23,14:58:08,20.72,-0.05,23,47656,卖盘
24,14:58:03,20.77,-0.01,3,6231,卖盘
25,14:57:58,20.78,0.06,17,35326,买盘
26,14:57:53,20.72,-0.05,215,445480,中性盘
27,14:57:48,20.77,-0.02,113,234701,卖盘
28,14:57:43,20.79,0.01,388,806652,买盘
29,14:57:38,20.78,--,73,151694,买盘
30,14:57:33,20.78,0.01,535,1111730,买盘
31,14:57:28,20.77,--,4,8308,买盘
32,14:57:23,20.77,0.07,48,99696,中性盘
33,14:57:18,20.7,-0.08,1311,2713770,卖盘
34,14:57:13,20.78,0.01,23,47794,买盘
35,14:57:08,20.77,-0.01,116,240932,卖盘
36,14:57:03,20.78,0.01,91,189098,买盘
37,14:56:58,20.77,-0.01,58,120466,卖盘
38,14:56:53,20.78,-0.01,19,39482,卖盘
39,14:56:48,20.79,0.01,21,43659,买盘
40,14:56:43,20.78,--,28,58184,买盘
41,14:56:37,20.78,--,207,430146,卖盘
42,14:56:33,20.78,-0.01,15,31170,买盘
43,14:56:28,20.79,0.03,2,4158,买盘
44,14:56:23,20.76,-0.02,58,120408,卖盘
45,14:56:13,20.78,-0.01,12,24936,中性盘
46,14:56:07,20.79,--,29,60291,买盘
47,14:56:03,20.79,-0.01,184,382536,卖盘
48,14:55:57,20.8,0.02,63,131040,买盘
49,14:55:53,20.78,-0.02,26,54028,卖盘
50,14:55:48,20.8,--,211,438880,买盘
51,14:55:42,20.8,0.04,10,20800,买盘
52,14:55:37,20.76,-0.04,161,334236,卖盘
53,14:55:33,20.8,-0.01,539,1121120,卖盘
54,14:55:27,20.81,--,12,24972,卖盘
55,14:55:22,20.81,0.06,42,87402,买盘
56,14:55:18,20.75,-0.06,97,201275,卖盘
57,14:55:12,20.81,0.05,171,355851,买盘
58,14:55:08,20.76,-0.05,13,26988,卖盘
59,14:55:03,20.81,0.06,38,79078,买盘
60,14:54:52,20.75,0.01,530,1100766,中性盘
61,14:54:48,20.74,-0.01,120,248879,卖盘
62,14:54:42,20.75,0.01,28,58100,买盘
63,14:54:37,20.74,--,237,491537,卖盘
64,14:54:32,20.74,0.04,102,212170,卖盘
65,14:54:27,20.7,-0.01,81,167670,卖盘
66,14:54:22,20.71,0.01,589,1219819,买盘
67,14:54:17,20.7,--,46,95220,卖盘
68,14:54:12,20.7,--,97,200790,卖盘
69,14:54:07,20.7,0.02,226,468875,买盘
70,14:54:02,20.68,--,358,740344,买盘
71,14:53:57,20.68,--,20,41360,买盘
72,14:53:52,20.68,-0.02,63,130284,卖盘
73,14:53:47,20.7,--,228,472974,买盘
74,14:53:42,20.7,--,100,207000,买盘
75,14:53:37,20.7,0.02,137,283590,买盘
76,14:53:32,20.68,-0.02,275,568700,卖盘
77,14:53:27,20.7,--,0,0,买盘
78,14:53:22,20.7,0.01,42,86940,买盘
79,14:53:17,20.69,-0.03,169,349661,卖盘
80,14:53:12,20.72,--,1,2072,买盘
81,14:53:07,20.72,0.02,65,134680,中性盘
82,14:53:02,20.7,--,277,573390,买盘
83,14:52:57,20.7,-0.04,10,20700,卖盘
84,14:52:52,20.74,--,72,149328,买盘
85,14:52:47,20.74,--,311,645014,买盘
86,14:52:42,20.74,0.04,128,265472,买盘
87,14:52:37,20.7,-0.01,203,420210,卖盘
88,14:52:32,20.71,-0.03,523,1083133,卖盘
89,14:52:22,20.74,--,17,35258,卖盘
90,14:52:17,20.74,--,130,269620,买盘
91,14:52:12,20.74,--,29,60145,买盘
92,14:52:07,20.74,--,56,116143,买盘
93,14:52:02,20.74,--,7,14517,买盘
94,14:51:57,20.74,--,50,103699,买盘
95,14:51:52,20.74,--,61,126513,卖盘
96,14:51:47,20.74,--,0,0,卖盘
97,14:51:42,20.74,-0.06,1,2074,卖盘
98,14:51:37,20.8,0.06,153,318240,买盘
99,14:51:32,20.74,-0.04,70,145180,卖盘
100,14:51:27,20.78,-0.02,82,170396,卖盘
101,14:51:22,20.8,0.02,79,164320,买盘
102,14:51:17,20.78,-0.02,22,45716,卖盘
103,14:51:12,20.8,0.02,1,2080,买盘
104,14:51:07,20.78,-0.02,45,93510,卖盘
105,14:51:02,20.8,--,11,22880,买盘
106,14:50:57,20.8,--,15,31200,买盘
107,14:50:52,20.8,-0.04,21,43680,中性盘
108,14:50:47,20.84,0.03,111,231324,买盘
109,14:50:42,20.81,-0.02,40,83240,卖盘
110,14:50:37,20.83,0.01,32,67718,买盘
111,14:50:32,20.82,-0.02,50,105640,卖盘
112,14:50:27,20.84,--,4,8336,买盘
113,14:50:22,20.84,-0.01,31,64604,卖盘
114,14:50:17,20.85,0.03,143,298155,买盘
115,14:50:12,20.82,-0.03,22,45804,卖盘
116,14:50:07,20.85,0.01,64,133440,买盘
117,14:50:02,20.84,-0.01,7,14588,卖盘
118,14:49:57,20.85,--,11,22935,买盘
119,14:49:52,20.85,-0.01,36,75060,卖盘
120,14:49:47,20.86,0.01,17,35462,买盘
121,14:49:42,20.85,--,12,25020,卖盘
122,14:49:37,20.85,0.03,17,35445,买盘
123,14:49:32,20.82,-0.03,107,223315,卖盘
124,14:49:27,20.85,0.03,8,16680,买盘
125,14:49:22,20.82,-0.01,21,43722,卖盘
126,14:49:17,20.83,0.01,125,260374,买盘
127,14:49:12,20.82,0.01,38,79116,买盘
128,14:49:07,20.81,--,2,4162,卖盘
129,14:49:02,20.81,0.01,18,37458,买盘
130,14:48:57,20.8,0.01,449,934336,买盘
131,14:48:52,20.79,--,100,207900,买盘
132,14:48:47,20.79,--,29,60291,买盘
133,14:48:42,20.79,-0.01,209,434511,中性盘
134,14:48:32,20.8,0.03,109,226720,买盘
135,14:48:27,20.77,--,45,93465,买盘
136,14:48:22,20.77,--,8,16616,卖盘
137,14:48:16,20.77,-0.01,4,8308,买盘
138,14:48:12,20.78,--,570,1184460,买盘
139,14:48:07,20.78,0.01,13,27014,买盘
140,14:48:01,20.77,--,29,60233,卖盘
141,14:47:57,20.77,0.02,54,112158,买盘
142,14:47:52,20.75,0.01,85,176375,买盘
143,14:47:46,20.74,--,23,47702,卖盘
144,14:47:42,20.74,-0.01,294,609756,卖盘
145,14:47:36,20.75,--,25,51875,买盘
146,14:47:31,20.75,--,206,427450,卖盘
147,14:47:26,20.75,--,39,80925,买盘
148,14:47:21,20.75,0.01,22,45650,买盘
149,14:47:16,20.74,-0.02,41,85034,卖盘
150,14:47:11,20.76,--,106,220056,卖盘
151,14:47:06,20.76,--,12,24912,卖盘
152,14:47:01,20.76,--,15,31140,买盘
153,14:46:56,20.76,0.02,104,215904,买盘
154,14:46:51,20.74,--,10,20740,卖盘
155,14:46:46,20.74,-0.02,61,126513,卖盘
156,14:46:41,20.76,0.03,231,479556,买盘
157,14:46:36,20.73,-0.02,47,97431,卖盘
158,14:46:31,20.75,--,79,164962,买盘
159,14:46:26,20.75,--,0,0,买盘
160,14:46:16,20.75,--,18,37350,买盘
161,14:46:11,20.75,0.01,173,358975,卖盘
162,14:46:01,20.74,0.03,172,356728,买盘
163,14:45:56,20.71,-0.01,65,134615,卖盘
164,14:45:51,20.72,-0.03,488,1011136,卖盘
165,14:45:46,20.75,--,71,148362,卖盘
166,14:45:41,20.75,0.01,24,49800,买盘
167,14:45:31,20.74,-0.01,23,47702,卖盘
168,14:45:26,20.75,--,2,4150,中性盘
169,14:45:21,20.75,-0.02,1,2075,卖盘
170,14:45:16,20.77,0.02,107,222239,买盘
171,14:45:11,20.75,-0.02,18,37350,卖盘
172,14:45:06,20.77,0.02,15,31155,买盘
173,14:45:01,20.75,--,11,22825,卖盘
174,14:44:56,20.75,--,22,45650,卖盘
175,14:44:51,20.75,-0.02,30,62250,卖盘
176,14:44:46,20.77,0.02,25,51925,买盘
177,14:44:41,20.75,--,16,33200,卖盘
178,14:44:36,20.75,--,100,207500,卖盘
179,14:44:31,20.75,0.02,75,155625,卖盘
180,14:44:26,20.73,-0.03,1,2073,中性盘
181,14:44:21,20.76,0.03,144,298944,买盘
182,14:44:16,20.73,--,5,10365,买盘
183,14:44:11,20.73,-0.03,77,159621,卖盘
184,14:44:06,20.76,--,0,0,买盘
185,14:44:01,20.76,0.01,147,305172,买盘
186,14:43:56,20.75,0.03,102,211650,买盘
187,14:43:51,20.72,-0.03,100,207200,卖盘
188,14:43:46,20.75,--,17,35275,买盘
189,14:43:41,20.75,0.02,10,20750,买盘
190,14:43:36,20.73,--,8,16584,卖盘
191,14:43:31,20.73,--,193,400089,买盘
192,14:43:26,20.73,--,222,460206,买盘
193,14:43:21,20.73,0.02,17,35241,买盘
194,14:43:16,20.71,--,47,97337,卖盘
195,14:43:11,20.71,--,136,281656,卖盘
196,14:43:06,20.71,--,91,188461,卖盘
197,14:43:01,20.71,-0.02,258,534318,卖盘
198,14:42:56,20.73,--,38,78774,买盘
199,14:42:51,20.73,0.02,100,207300,买盘
200,14:42:46,20.71,-0.02,13,26923,卖盘
201,14:42:41,20.73,-0.02,41,84993,卖盘
202,14:42:36,20.75,0.04,200,415000,买盘
203,14:42:31,20.71,--,68,140828,买盘
204,14:42:26,20.71,-0.01,320,662720,卖盘
205,14:42:21,20.72,--,23,47656,卖盘
206,14:42:16,20.72,-0.01,15,31080,中性盘
207,14:42:06,20.73,--,249,516177,买盘
208,14:42:01,20.73,-0.02,46,95358,中性盘
209,14:41:56,20.75,--,365,757375,买盘
210,14:41:51,20.75,--,73,151475,买盘
211,14:41:46,20.75,--,8,16600,买盘
212,14:41:41,20.75,-0.02,53,111842,卖盘
213,14:41:36,20.77,0.02,51,105927,买盘
214,14:41:31,20.75,-0.02,247,512732,卖盘
215,14:41:26,20.77,0.02,41,85157,买盘
216,14:41:21,20.75,-0.02,40,83000,卖盘
217,14:41:16,20.77,--,55,114235,买盘
218,14:41:11,20.77,--,21,43617,买盘
219,14:41:06,20.77,-0.01,78,162006,卖盘
220,14:41:01,20.78,0.01,1,2078,买盘
221,14:40:56,20.77,--,40,83080,卖盘
222,14:40:51,20.77,-0.01,58,120466,卖盘
223,14:40:46,20.78,--,4,8312,买盘
224,14:40:41,20.78,-0.02,59,122602,卖盘
225,14:40:36,20.8,--,13,27040,买盘
226,14:40:31,20.8,--,1,2080,买盘
227,14:40:26,20.8,--,21,43680,买盘
228,14:40:21,20.8,-0.03,132,276224,卖盘
229,14:40:16,20.83,0.01,32,66656,买盘
230,14:40:11,20.82,0.02,5,10410,中性盘
231,14:40:06,20.8,-0.02,147,305760,卖盘
232,14:40:01,20.82,--,4,8328,卖盘
233,14:39:56,20.82,0.02,9,19779,买盘
234,14:39:50,20.8,-0.02,114,237120,卖盘
235,14:39:40,20.82,0.02,15,31230,买盘
236,14:39:35,20.8,-0.02,5,10400,卖盘
237,14:39:25,20.82,0.02,6,12492,买盘
238,14:39:20,20.8,-0.01,525,1092000,卖盘
239,14:39:16,20.81,-0.02,20,41620,卖盘
240,14:39:10,20.83,0.03,115,239544,中性盘
241,14:39:05,20.8,-0.04,224,467376,卖盘
242,14:39:00,20.84,--,1,2084,买盘
243,14:38:55,20.84,0.04,40,83360,买盘
244,14:38:50,20.8,-0.03,58,120640,卖盘
245,14:38:45,20.83,--,15,31244,卖盘
246,14:38:40,20.83,--,37,77071,卖盘
247,14:38:35,20.83,--,6,12497,买盘
248,14:38:30,20.83,--,0,0,买盘
249,14:38:25,20.83,0.03,337,701971,买盘
250,14:38:20,20.8,-0.05,964,2005120,卖盘
251,14:38:15,20.85,-0.02,10,20850,买盘
252,14:38:10,20.87,0.03,102,212874,买盘
253,14:38:05,20.84,-0.03,82,170888,卖盘
254,14:38:00,20.87,-0.01,20,41740,卖盘
255,14:37:55,20.88,0.01,61,127368,买盘
256,14:37:50,20.87,0.01,102,212874,中性盘
257,14:37:45,20.86,-0.02,3,6258,卖盘
258,14:37:40,20.88,-0.01,34,70992,买盘
259,14:37:35,20.89,0.01,37,77293,买盘
260,14:37:30,20.88,-0.09,30,63684,卖盘
261,14:37:25,20.97,0.09,32,67104,买盘
262,14:37:20,20.88,-0.01,2,4176,卖盘
263,14:37:15,20.89,--,2,4178,买盘
264,14:37:10,20.89,-0.01,37,78964,卖盘
265,14:37:05,20.9,--,77,161348,卖盘
266,14:37:00,20.9,-0.08,50,104500,卖盘
267,14:36:55,20.98,0.01,177,371346,买盘
268,14:36:50,20.97,--,3,6291,卖盘
269,14:36:45,20.97,-0.01,2,4194,卖盘
270,14:36:40,20.98,0.1,36,75528,买盘
271,14:36:35,20.88,-0.07,9,18792,卖盘
272,14:36:30,20.95,-0.03,2,4190,卖盘
273,14:36:25,20.98,0.08,101,211898,买盘
274,14:36:20,20.9,-0.07,144,300960,卖盘
275,14:36:15,20.97,--,1,2097,买盘
276,14:36:05,20.97,-0.01,94,197118,卖盘
277,14:36:00,20.98,--,9,18882,卖盘
278,14:35:55,20.98,--,22,46156,卖盘
279,14:35:50,20.98,0.01,6,12588,中性盘
280,14:35:45,20.97,--,5,10485,卖盘
281,14:35:40,20.97,0.01,75,157275,买盘
282,14:35:35,20.96,--,6,12576,买盘
283,14:35:30,20.96,--,3,6288,买盘
284,14:35:25,20.96,--,210,440160,卖盘
285,14:35:20,20.96,-0.02,253,530288,卖盘
286,14:35:15,20.98,--,0,0,买盘
287,14:35:10,20.98,0.03,1,2098,买盘
288,14:35:05,20.95,-0.03,13,27235,卖盘
289,14:35:00,20.98,0.05,41,86018,买盘
290,14:34:55,20.93,--,38,79534,卖盘
291,14:34:50,20.93,-0.03,120,251160,卖盘
292,14:34:45,20.96,0.01,2,4192,中性盘
293,14:34:40,20.95,0.02,5,10475,买盘
294,14:34:35,20.93,-0.03,20,41860,卖盘
295,14:34:30,20.96,0.01,25,52400,买盘
296,14:34:25,20.95,--,4,8380,卖盘
297,14:34:20,20.95,0.03,146,305870,买盘
298,14:34:15,20.92,--,2,4184,卖盘
299,14:34:10,20.92,0.02,23,49162,买盘
300,14:34:05,20.9,0.05,2,4180,中性盘
301,14:33:55,20.85,-0.05,23,47955,卖盘
302,14:33:50,20.9,--,4,8360,卖盘
303,14:33:45,20.9,0.06,10,20900,买盘
304,14:33:40,20.84,--,0,0,卖盘
305,14:33:35,20.84,--,29,60436,卖盘
306,14:33:30,20.84,--,8,16672,买盘
307,14:33:25,20.84,--,15,31260,买盘
308,14:33:20,20.84,-0.01,47,97948,卖盘
309,14:33:15,20.85,0.01,11,22935,买盘
310,14:33:10,20.84,0.01,107,222988,卖盘
311,14:33:05,20.83,--,0,0,卖盘
312,14:32:59,20.83,-0.01,311,647813,卖盘
313,14:32:55,20.84,0.01,31,64604,买盘
314,14:32:50,20.83,--,10,20830,买盘
315,14:32:44,20.83,--,199,414516,买盘
316,14:32:35,20.83,--,52,108315,买盘
317,14:32:25,20.83,-0.05,57,118730,卖盘
318,14:32:20,20.88,--,6,12528,买盘
319,14:32:14,20.88,--,5,10440,买盘
320,14:32:10,20.88,--,3,6264,买盘
321,14:32:05,20.88,0.06,23,48024,买盘
322,14:31:59,20.82,-0.1,5,10410,卖盘
323,14:31:55,20.92,0.02,133,278236,买盘
324,14:31:50,20.9,0.02,228,476519,买盘
325,14:31:40,20.88,--,0,0,卖盘
326,14:31:34,20.88,--,365,762120,卖盘
327,14:31:29,20.88,0.01,28,58464,买盘
328,14:31:25,20.87,0.05,126,262962,买盘
329,14:31:19,20.82,--,69,143658,卖盘
330,14:31:14,20.82,-0.03,5,10410,卖盘
331,14:31:09,20.85,--,10,20850,买盘
332,14:31:04,20.85,0.03,51,106335,买盘
333,14:30:59,20.82,-0.03,115,239430,卖盘
334,14:30:54,20.85,--,7,14595,卖盘
335,14:30:49,20.85,-0.01,2,4170,卖盘
336,14:30:44,20.86,--,1,2086,买盘
337,14:30:34,20.86,-0.01,4,8344,买盘
338,14:30:29,20.87,--,0,0,买盘
339,14:30:24,20.87,--,21,43827,买盘
340,14:30:19,20.87,--,215,448705,买盘
341,14:30:14,20.87,--,21,43827,买盘
342,14:30:09,20.87,--,32,66784,卖盘
343,14:30:04,20.87,-0.02,57,118959,卖盘
344,14:29:59,20.89,0.02,15,31335,买盘
345,14:29:54,20.87,-0.02,21,43827,卖盘
346,14:29:49,20.89,0.01,119,248591,买盘
347,14:29:44,20.88,--,3,6264,买盘
348,14:29:39,20.88,--,10,20880,买盘
349,14:29:34,20.88,-0.01,93,194184,卖盘
350,14:29:24,20.89,--,22,45958,买盘
351,14:29:19,20.89,-0.01,24,50136,卖盘
352,14:29:14,20.9,--,4,8360,卖盘
353,14:29:09,20.9,-0.02,47,98230,卖盘
354,14:29:04,20.92,--,30,62760,买盘
355,14:28:59,20.92,--,1,2092,买盘
356,14:28:54,20.92,0.02,23,48116,买盘
357,14:28:49,20.9,-0.02,4,8360,卖盘
358,14:28:44,20.92,-0.02,72,151670,卖盘
359,14:28:39,20.94,0.01,28,58632,买盘
360,14:28:34,20.93,--,0,0,卖盘
361,14:28:29,20.93,-0.01,17,35581,中性盘
362,14:28:24,20.94,--,2,4188,买盘
363,14:28:19,20.94,--,24,50256,买盘
364,14:28:14,20.94,--,67,141345,买盘
365,14:28:09,20.94,0.01,86,180084,买盘
366,14:28:04,20.93,0.03,134,280462,买盘
367,14:27:59,20.9,0.03,127,265430,买盘
368,14:27:54,20.87,-0.03,10,20870,卖盘
369,14:27:49,20.9,--,67,140030,买盘
370,14:27:44,20.9,0.01,3,6270,买盘
371,14:27:39,20.89,-0.03,1,2089,卖盘
372,14:27:34,20.92,0.05,15,31380,买盘
373,14:27:29,20.87,-0.04,46,96002,卖盘
374,14:27:24,20.91,0.04,100,209100,买盘
375,14:27:19,20.87,-0.02,46,96002,卖盘
376,14:27:14,20.89,-0.02,6,12534,中性盘
377,14:27:09,20.91,--,102,213282,买盘
378,14:27:04,20.91,0.01,22,46002,中性盘
379,14:26:59,20.9,-0.02,33,68970,卖盘
380,14:26:54,20.92,0.01,5,10460,买盘
381,14:26:49,20.91,-0.03,47,98277,卖盘
382,14:26:44,20.94,0.03,81,169614,买盘
383,14:26:39,20.91,-0.03,10,20910,卖盘
384,14:26:34,20.94,--,10,20940,买盘
385,14:26:29,20.94,0.03,105,219870,买盘
386,14:26:24,20.91,-0.01,18,37638,卖盘
387,14:26:19,20.92,-0.01,12,25104,卖盘
388,14:26:14,20.93,-0.01,21,43953,卖盘
389,14:26:04,20.94,0.03,6,12564,买盘
390,14:25:59,20.91,-0.02,100,209100,卖盘
391,14:25:49,20.93,0.02,12,25116,中性盘
392,14:25:44,20.91,-0.04,49,102459,卖盘
393,14:25:39,20.95,0.01,9,18855,中性盘
394,14:25:34,20.94,-0.01,20,41880,卖盘
395,14:25:29,20.95,0.01,3,6285,卖盘
396,14:25:23,20.94,--,0,0,卖盘
397,14:25:19,20.94,-0.01,53,110982,卖盘
398,14:25:13,20.95,--,4,8380,买盘
399,14:25:08,20.95,0.01,16,33520,买盘
400,14:25:04,20.94,--,1,2094,卖盘
401,14:24:59,20.94,--,18,37692,卖盘
402,14:24:53,20.94,0.04,1,2094,买盘
403,14:24:49,20.9,-0.03,107,223629,卖盘
404,14:24:43,20.93,--,142,297206,买盘
405,14:24:38,20.93,-0.01,6,12558,买盘
406,14:24:34,20.94,-0.01,3,6282,卖盘
407,14:24:28,20.95,0.01,9,18855,买盘
408,14:24:23,20.94,0.04,220,460680,买盘
409,14:24:19,20.9,--,178,372020,买盘
410,14:24:14,20.9,0.01,142,296780,买盘
411,14:24:07,20.89,-0.01,6,12534,卖盘
412,14:24:03,20.9,--,135,282150,买盘
413,14:23:58,20.9,0.01,9,18810,买盘
414,14:23:53,20.89,0.01,104,217256,买盘
415,14:23:48,20.88,0.01,14,29232,买盘
416,14:23:44,20.87,--,37,77219,买盘
417,14:23:38,20.87,0.02,20,41740,买盘
418,14:23:28,20.85,0.01,70,145950,买盘
419,14:23:22,20.84,--,26,54184,买盘
420,14:23:18,20.84,0.01,34,70856,买盘
421,14:23:13,20.83,0.01,126,262458,买盘
422,14:23:07,20.82,-0.01,19,39558,卖盘
423,14:23:03,20.83,0.01,103,214548,买盘
424,14:22:58,20.82,--,64,133248,卖盘
425,14:22:53,20.82,--,68,141576,买盘
426,14:22:48,20.82,0.01,7,14574,买盘
427,14:22:43,20.81,--,197,409957,中性盘
428,14:22:37,20.81,0.03,33,68673,买盘
429,14:22:33,20.78,-0.05,12,24936,卖盘
430,14:22:28,20.83,--,0,0,买盘
431,14:22:22,20.83,0.02,210,437429,买盘
432,14:22:18,20.81,-0.02,3,6243,卖盘
433,14:22:13,20.83,0.01,11,22912,买盘
434,14:22:07,20.82,-0.01,811,1688502,卖盘
435,14:22:03,20.83,-0.01,66,137478,卖盘
436,14:21:58,20.84,0.01,15,31260,买盘
437,14:21:52,20.83,-0.01,17,35411,卖盘
438,14:21:48,20.84,-0.01,6,12504,卖盘
439,14:21:43,20.85,--,20,41700,买盘
440,14:21:37,20.85,-0.02,405,844425,卖盘
441,14:21:28,20.87,-0.01,29,60523,卖盘
442,14:21:22,20.88,--,235,490680,买盘
443,14:21:18,20.88,--,6,12528,买盘
444,14:21:13,20.88,--,52,108576,卖盘
445,14:21:07,20.88,-0.02,34,70992,卖盘
446,14:21:03,20.9,0.02,9,18810,买盘
447,14:20:58,20.88,-0.02,38,79344,卖盘
448,14:20:52,20.9,0.02,50,104500,买盘
449,14:20:48,20.88,-0.02,2,4176,卖盘
450,14:20:43,20.9,--,168,351120,买盘
451,14:20:37,20.9,--,4,8360,买盘
452,14:20:33,20.9,--,27,56429,买盘
453,14:20:28,20.9,--,206,430539,卖盘
454,14:20:22,20.9,--,32,66880,卖盘
455,14:20:18,20.9,--,9,18810,卖盘
456,14:20:13,20.9,--,51,106590,买盘
457,14:20:07,20.9,--,6,12540,买盘
458,14:20:03,20.9,0.02,101,211090,买盘
459,14:19:58,20.88,--,11,22968,卖盘
460,14:19:52,20.88,-0.02,6,12528,卖盘
461,14:19:48,20.9,--,2,4180,买盘
462,14:19:43,20.9,-0.02,162,338580,卖盘
463,14:19:37,20.92,--,26,54392,买盘
464,14:19:33,20.92,--,13,27196,买盘
465,14:19:28,20.92,-0.01,116,242672,卖盘
466,14:19:22,20.93,-0.02,2,4186,卖盘
467,14:19:18,20.95,--,0,0,买盘
468,14:19:13,20.95,0.03,57,119415,买盘
469,14:19:07,20.92,-0.04,11,23012,卖盘
470,14:19:03,20.96,0.01,42,88032,买盘
471,14:18:58,20.95,0.03,11,23045,买盘
472,14:18:52,20.92,--,22,46024,买盘
473,14:18:37,20.92,--,13,27196,买盘
474,14:18:32,20.92,--,5,10460,卖盘
475,14:18:28,20.92,--,35,73220,卖盘
476,14:18:22,20.92,-0.04,58,121336,卖盘
477,14:18:17,20.96,0.04,2,4192,中性盘
478,14:18:13,20.92,0.06,24,50208,买盘
479,14:18:07,20.86,-0.1,631,1316266,卖盘
480,14:18:01,20.96,0.04,93,194928,买盘
481,14:17:58,20.92,-0.01,100,209200,卖盘
482,14:17:52,20.93,0.01,45,94185,买盘
483,14:17:46,20.92,-0.01,26,54392,卖盘
484,14:17:43,20.93,0.01,18,37674,买盘
485,14:17:37,20.92,--,8,16736,卖盘
486,14:17:31,20.92,-0.02,16,33472,卖盘
487,14:17:28,20.94,-0.02,2,4188,卖盘
488,14:17:22,20.96,0.01,42,88032,买盘
489,14:17:16,20.95,-0.01,17,35615,卖盘
490,14:17:13,20.96,-0.02,45,94320,中性盘
491,14:17:07,20.98,0.02,12,25176,买盘
492,14:16:57,20.96,-0.02,43,90128,卖盘
493,14:16:52,20.98,--,21,44058,买盘
494,14:16:46,20.98,0.02,3,6294,中性盘
495,14:16:43,20.96,-0.04,110,230560,卖盘
496,14:16:37,21.0,0.01,11,23100,买盘
497,14:16:31,20.99,--,82,172118,卖盘
498,14:16:28,20.99,0.01,15,31484,中性盘
499,14:16:22,20.98,--,112,234976,卖盘
500,14:16:16,20.98,-0.01,3,6294,卖盘
501,14:16:12,20.99,--,51,107048,买盘
502,14:16:07,20.99,--,18,37782,买盘
503,14:16:01,20.99,--,0,0,买盘
504,14:15:57,20.99,-0.01,44,92356,中性盘
505,14:15:52,21.0,0.02,31,65100,买盘
506,14:15:46,20.98,-0.02,60,125880,卖盘
507,14:15:42,21.0,0.01,15,31500,买盘
508,14:15:37,20.99,-0.01,6,12593,中性盘
509,14:15:31,21.0,0.02,12,25200,买盘
510,14:15:22,20.98,0.02,367,769966,买盘
511,14:15:16,20.96,--,160,335360,买盘
512,14:15:07,20.96,--,59,123664,买盘
513,14:15:01,20.96,--,124,259904,买盘
514,14:14:57,20.96,--,0,0,买盘
515,14:14:52,20.96,--,12,25152,买盘
516,14:14:46,20.96,--,73,153008,卖盘
517,14:14:42,20.96,--,106,222176,卖盘
518,14:14:37,20.96,-0.01,31,64976,卖盘
519,14:14:31,20.97,--,23,48231,买盘
520,14:14:22,20.97,-0.02,59,123723,卖盘
521,14:14:07,20.99,-0.03,98,205701,卖盘
522,14:14:01,21.02,--,475,998450,买盘
523,14:13:57,21.02,0.01,30,63060,买盘
524,14:13:52,21.01,-0.01,21,44121,卖盘
525,14:13:46,21.02,--,74,155548,卖盘
526,14:13:42,21.02,-0.04,37,77774,卖盘
527,14:13:37,21.06,--,13,27378,买盘
528,14:13:31,21.06,0.04,6,12636,买盘
529,14:13:22,21.02,-0.02,12,25224,卖盘
530,14:13:16,21.04,-0.02,64,134656,卖盘
531,14:13:07,21.06,-0.07,159,334854,卖盘
532,14:13:01,21.13,0.04,102,215526,买盘
533,14:12:57,21.09,--,3,6327,卖盘
534,14:12:52,21.09,0.01,25,52725,卖盘
535,14:12:46,21.08,-0.02,3,6323,卖盘
536,14:12:42,21.1,--,5,10550,卖盘
537,14:12:37,21.1,--,13,27430,卖盘
538,14:12:31,21.1,-0.01,92,194120,卖盘
539,14:12:27,21.11,--,2,4222,买盘
540,14:12:22,21.11,-0.01,6,12666,卖盘
541,14:12:16,21.12,0.01,51,107712,买盘
542,14:12:12,21.11,-0.01,8,16888,卖盘
543,14:12:01,21.12,-0.03,3,6336,卖盘
544,14:11:57,21.15,--,0,0,中性盘
545,14:11:52,21.15,--,5,10575,卖盘
546,14:11:46,21.15,0.05,16,33840,买盘
547,14:11:42,21.1,-0.05,2,4220,卖盘
548,14:11:37,21.15,0.04,7,14804,买盘
549,14:11:31,21.11,0.01,4,8444,卖盘
550,14:11:27,21.1,-0.04,24,50640,卖盘
551,14:11:22,21.14,0.03,104,219856,中性盘
552,14:11:16,21.11,0.01,7,14777,中性盘
553,14:11:12,21.1,-0.07,23,48530,卖盘
554,14:11:07,21.17,--,6,12702,卖盘
555,14:11:01,21.17,--,13,27521,卖盘
556,14:10:56,21.17,0.02,2,4234,卖盘
557,14:10:52,21.15,0.05,2,4230,中性盘
558,14:10:46,21.1,-0.05,501,1057110,卖盘
559,14:10:40,21.15,--,23,48645,卖盘
560,14:10:37,21.15,-0.02,8,16920,卖盘
561,14:10:31,21.17,0.02,1,2117,买盘
562,14:10:22,21.15,-0.03,34,71910,卖盘
563,14:10:16,21.18,0.03,2,4236,卖盘
564,14:10:10,21.15,--,0,0,卖盘
565,14:10:07,21.15,--,10,21150,卖盘
566,14:10:01,21.15,-0.02,4,8460,卖盘
567,14:09:55,21.17,--,2,4234,卖盘
568,14:09:52,21.17,-0.03,3,6351,卖盘
569,14:09:46,21.2,--,0,0,买盘
570,14:09:37,21.2,0.02,101,214120,买盘
571,14:09:31,21.18,0.03,1,2118,买盘
572,14:09:25,21.15,-0.03,300,634500,卖盘
573,14:09:22,21.18,--,18,38124,买盘
574,14:09:16,21.18,--,8,16944,买盘
575,14:09:10,21.18,0.01,3,6354,买盘
576,14:09:06,21.17,-0.01,25,52925,卖盘
577,14:08:55,21.18,--,1,2118,卖盘
578,14:08:51,21.18,--,37,78366,卖盘
579,14:08:46,21.18,--,8,16944,卖盘
580,14:08:36,21.18,--,7,14826,买盘
581,14:08:31,21.18,--,1,2118,买盘
582,14:08:16,21.18,-0.05,49,103782,卖盘
583,14:08:10,21.23,--,30,63690,卖盘
584,14:08:06,21.23,0.02,5,10615,卖盘
585,14:08:01,21.21,0.03,43,91203,买盘
586,14:07:55,21.18,--,2,4236,中性盘
587,14:07:51,21.18,-0.02,7,14826,卖盘
588,14:07:31,21.2,--,2,4240,买盘
589,14:07:25,21.2,--,1,2120,买盘
590,14:07:21,21.2,--,4,8480,买盘
591,14:07:16,21.2,0.02,10,21200,买盘
592,14:07:10,21.18,-0.02,73,154614,卖盘
593,14:07:01,21.2,-0.01,20,42400,卖盘
594,14:06:55,21.21,--,2,4242,卖盘
595,14:06:51,21.21,-0.04,3,6363,卖盘
596,14:06:40,21.25,0.01,11,23375,买盘
597,14:06:36,21.24,0.03,2,4248,买盘
598,14:06:31,21.21,-0.03,87,184527,卖盘
599,14:06:25,21.24,--,87,184788,卖盘
600,14:06:21,21.24,--,117,248507,卖盘
601,14:06:16,21.24,--,12,25487,卖盘
602,14:06:10,21.24,--,18,38232,卖盘
603,14:06:06,21.24,--,16,33984,买盘
604,14:05:55,21.24,0.03,13,27611,买盘
605,14:05:51,21.21,-0.03,5,10605,卖盘
606,14:05:36,21.24,--,1,2124,买盘
607,14:05:31,21.24,--,24,50975,卖盘
608,14:05:21,21.24,-0.01,9,19116,卖盘
609,14:05:01,21.25,0.04,38,80750,买盘
610,14:04:55,21.21,-0.02,12,25452,卖盘
611,14:04:51,21.23,--,2,4246,卖盘
612,14:04:46,21.23,-0.01,3,6369,中性盘
613,14:04:40,21.24,0.01,103,218771,买盘
614,14:04:31,21.23,0.03,2,4246,买盘
615,14:04:25,21.2,--,21,44520,卖盘
616,14:04:21,21.2,0.02,2,4240,卖盘
617,14:04:15,21.18,0.02,44,93192,买盘
618,14:04:10,21.16,-0.01,24,50784,卖盘
619,14:04:01,21.17,0.01,1,2117,买盘
620,14:03:55,21.16,--,2,4232,卖盘
621,14:03:51,21.16,--,13,27508,卖盘
622,14:03:45,21.16,-0.03,49,103684,卖盘
623,14:03:40,21.19,0.03,2,4238,买盘
624,14:03:35,21.16,--,5,10580,卖盘
625,14:03:30,21.16,-0.03,115,243340,卖盘
626,14:03:25,21.19,0.03,64,135616,买盘
627,14:03:19,21.16,-0.01,3,6348,卖盘
628,14:03:15,21.17,0.01,4,8468,中性盘
629,14:03:10,21.16,-0.03,40,84640,卖盘
630,14:03:04,21.19,--,40,84760,卖盘
631,14:03:00,21.19,0.04,56,118664,买盘
632,14:02:55,21.15,--,34,71910,卖盘
633,14:02:49,21.15,--,7,14804,卖盘
634,14:02:45,21.15,0.01,88,186120,买盘
635,14:02:40,21.14,-0.01,8,16912,中性盘
636,14:02:34,21.15,--,19,40185,买盘
637,14:02:31,21.15,--,5,10575,买盘
638,14:02:25,21.15,--,239,505484,买盘
639,14:02:19,21.15,--,3,6345,买盘
640,14:02:15,21.15,-0.01,433,915794,卖盘
641,14:02:10,21.16,--,1,2116,卖盘
642,14:02:04,21.16,-0.02,7,14812,卖盘
643,14:02:00,21.18,0.03,3,6354,卖盘
644,14:01:55,21.15,--,2,4230,卖盘
645,14:01:49,21.15,--,12,25380,卖盘
646,14:01:45,21.15,--,17,35955,买盘
647,14:01:40,21.15,--,9,19035,买盘
648,14:01:34,21.15,--,3,6345,买盘
649,14:01:30,21.15,-0.05,125,264375,卖盘
650,14:01:19,21.2,-0.06,15,31800,卖盘
651,14:01:15,21.26,0.06,101,214726,买盘
652,14:01:10,21.2,--,2,4240,卖盘
653,14:01:00,21.2,-0.06,102,216240,卖盘
654,14:00:55,21.26,-0.01,11,23386,卖盘
655,14:00:49,21.27,--,12,25524,买盘
656,14:00:45,21.27,--,5,10635,买盘
657,14:00:40,21.27,--,5,10635,买盘
658,14:00:30,21.27,--,41,87207,买盘
659,14:00:25,21.27,-0.03,43,91461,卖盘
660,14:00:19,21.3,--,3,6390,卖盘
661,14:00:15,21.3,-0.01,33,70290,卖盘
662,14:00:00,21.31,--,26,55406,卖盘
663,13:59:55,21.31,--,12,25572,卖盘
664,13:59:49,21.31,--,4,8524,卖盘
665,13:59:45,21.31,0.01,179,381449,买盘
666,13:59:40,21.3,--,112,238560,卖盘
667,13:59:34,21.3,-0.01,10,21300,卖盘
668,13:59:30,21.31,--,14,29834,买盘
669,13:59:25,21.31,--,13,27703,买盘
670,13:59:15,21.31,-0.03,262,558322,卖盘
671,13:59:10,21.34,--,19,40546,买盘
672,13:59:00,21.34,--,18,38412,买盘
673,13:58:49,21.34,--,4,8536,买盘
674,13:58:34,21.34,-0.01,194,413996,卖盘
675,13:58:30,21.35,0.01,2,4270,买盘
676,13:58:25,21.34,--,11,23474,卖盘
677,13:58:19,21.34,-0.01,3,6402,卖盘
678,13:58:15,21.35,--,2,4270,买盘
679,13:58:10,21.35,0.01,73,155855,买盘
680,13:58:04,21.34,-0.01,75,160050,买盘
681,13:58:00,21.35,0.01,102,217770,买盘
682,13:57:55,21.34,0.03,33,70422,买盘
683,13:57:49,21.31,--,7,14917,卖盘
684,13:57:45,21.31,-0.03,2,4262,卖盘
685,13:57:40,21.34,0.01,77,164318,买盘
686,13:57:34,21.33,-0.01,6,12797,卖盘
687,13:57:30,21.34,0.01,19,40546,买盘
688,13:57:25,21.33,--,0,0,卖盘
689,13:57:19,21.33,-0.02,4,8532,卖盘
690,13:57:15,21.35,0.01,35,74725,买盘
691,13:57:09,21.34,-0.01,19,40546,卖盘
692,13:57:04,21.35,--,5,10675,买盘
693,13:56:54,21.35,0.01,13,27755,买盘
694,13:56:49,21.34,-0.01,3,6402,卖盘
695,13:56:39,21.35,--,52,111020,卖盘
696,13:56:34,21.35,--,1,2135,卖盘
697,13:56:30,21.35,--,52,111020,卖盘
698,13:56:19,21.35,-0.02,115,245525,卖盘
699,13:56:09,21.37,0.01,14,29918,买盘
700,13:56:04,21.36,0.01,12,25632,买盘
701,13:55:54,21.35,--,9,19215,卖盘
702,13:55:49,21.35,-0.02,3,6405,卖盘
703,13:55:39,21.37,0.01,16,34192,买盘
704,13:55:34,21.36,--,19,40584,卖盘
705,13:55:19,21.36,--,8,17088,卖盘
706,13:55:09,21.36,--,12,25632,卖盘
707,13:55:04,21.36,--,0,0,卖盘
708,13:54:54,21.36,-0.03,2,4272,卖盘
709,13:54:49,21.39,--,12,25668,买盘
710,13:54:39,21.39,0.02,101,216039,买盘
711,13:54:34,21.37,0.01,15,32055,买盘
712,13:54:28,21.36,--,20,42720,卖盘
713,13:54:19,21.36,-0.01,5,10680,卖盘
714,13:54:13,21.37,0.01,5,10685,买盘
715,13:54:04,21.36,--,17,36312,卖盘
716,13:53:49,21.36,--,22,46992,卖盘
717,13:53:43,21.36,--,2,4272,卖盘
718,13:53:39,21.36,-0.01,10,21360,卖盘
719,13:53:24,21.37,0.01,3,6411,卖盘
720,13:53:19,21.36,-0.04,3,6408,卖盘
721,13:53:09,21.4,--,0,0,买盘
722,13:53:04,21.4,--,0,0,买盘
723,13:52:58,21.4,0.04,102,218280,买盘
724,13:52:54,21.36,-0.01,34,72624,卖盘
725,13:52:49,21.37,--,88,188056,买盘
726,13:52:39,21.37,0.01,10,21370,买盘
727,13:52:34,21.36,--,0,0,卖盘
728,13:52:19,21.36,-0.02,2,4272,卖盘
729,13:52:09,21.38,--,0,0,买盘
730,13:52:04,21.38,--,14,29932,买盘
731,13:51:54,21.38,-0.01,183,391339,卖盘
732,13:51:49,21.39,0.01,13,27807,买盘
733,13:51:34,21.38,--,6,14880,卖盘
734,13:51:24,21.38,--,0,0,卖盘
735,13:51:19,21.38,-0.02,155,331390,卖盘
736,13:51:13,21.4,0.01,50,107000,买盘
737,13:51:09,21.39,--,2,4278,卖盘
738,13:51:04,21.39,--,21,44919,卖盘
739,13:50:58,21.39,-0.01,16,34224,卖盘
740,13:50:54,21.4,0.01,22,47080,买盘
741,13:50:49,21.39,-0.01,2,4278,卖盘
742,13:50:39,21.4,0.02,210,449399,买盘
743,13:50:34,21.38,-0.01,4,8552,卖盘
744,13:50:28,21.39,0.01,2,4278,买盘
745,13:50:24,21.38,--,30,64140,卖盘
746,13:50:19,21.38,-0.01,48,102624,卖盘
747,13:50:04,21.39,--,61,130479,卖盘
748,13:49:58,21.39,-0.01,5,10695,卖盘
749,13:49:54,21.4,0.02,10,21400,买盘
750,13:49:49,21.38,-0.02,2,4276,卖盘
751,13:49:43,21.4,--,2,4280,买盘
752,13:49:39,21.4,-0.01,102,218280,买盘
753,13:49:34,21.41,0.01,10,21410,买盘
754,13:49:28,21.4,--,2,4280,卖盘
755,13:49:24,21.4,--,8,17120,卖盘
756,13:49:19,21.4,--,2,4280,卖盘
757,13:49:13,21.4,-0.01,22,47080,卖盘
758,13:49:09,21.41,0.01,2,4282,买盘
759,13:49:04,21.4,--,2,4280,卖盘
760,13:48:58,21.4,--,18,38520,卖盘
761,13:48:49,21.4,-0.01,62,132680,卖盘
762,13:48:39,21.41,--,3,6423,卖盘
763,13:48:34,21.41,-0.04,4,8564,买盘
764,13:48:28,21.45,--,2,4290,买盘
765,13:48:24,21.45,0.05,4,8580,买盘
766,13:48:19,21.4,-0.01,228,487919,卖盘
767,13:48:13,21.41,--,6,12846,卖盘
768,13:48:09,21.41,--,2,4282,卖盘
769,13:48:03,21.41,-0.04,16,34256,卖盘
770,13:47:58,21.45,0.05,115,246675,买盘
771,13:47:53,21.4,--,0,0,卖盘
772,13:47:48,21.4,--,2,4280,卖盘
773,13:47:37,21.4,--,34,72760,买盘
774,13:47:33,21.4,--,7,14979,买盘
775,13:47:28,21.4,0.02,1,2140,买盘
776,13:47:18,21.38,-0.02,8,17104,卖盘
777,13:47:13,21.4,--,7,14979,买盘
778,13:47:07,21.4,--,20,42800,买盘
779,13:47:03,21.4,--,141,301740,卖盘
780,13:46:48,21.4,-0.05,6,12840,卖盘
781,13:46:43,21.45,--,2,4290,买盘
782,13:46:33,21.45,-0.01,5,10725,卖盘
783,13:46:28,21.46,0.01,73,156658,买盘
784,13:46:18,21.45,--,3,6435,卖盘
785,13:46:13,21.45,0.03,39,83655,买盘
786,13:46:07,21.42,0.02,2,4284,买盘
787,13:46:03,21.4,--,9,19260,卖盘
788,13:45:58,21.4,--,11,23540,卖盘
789,13:45:48,21.4,--,56,119839,卖盘
790,13:45:43,21.4,--,9,19260,卖盘
791,13:45:37,21.4,-0.02,15,32099,卖盘
792,13:45:33,21.42,0.02,2,4284,买盘
793,13:45:28,21.4,--,26,55639,卖盘
794,13:45:18,21.4,--,3,6420,卖盘
795,13:45:13,21.4,--,1,2140,卖盘
796,13:45:07,21.4,-0.06,101,216140,卖盘
797,13:45:03,21.46,0.07,248,532787,买盘
798,13:44:58,21.39,-0.01,2,4278,买盘
799,13:44:52,21.4,--,1,2140,卖盘
800,13:44:48,21.4,-0.03,51,109140,卖盘
801,13:44:37,21.43,--,202,432886,卖盘
802,13:44:33,21.43,0.03,56,120008,买盘
803,13:44:28,21.4,--,4,8560,买盘
804,13:44:22,21.4,0.01,10,21400,买盘
805,13:44:18,21.39,0.01,10,21390,中性盘
806,13:44:13,21.38,--,4,8552,卖盘
807,13:44:07,21.38,-0.02,12,25656,卖盘
808,13:43:58,21.4,0.02,11,23540,买盘
809,13:43:48,21.38,--,14,29932,卖盘
810,13:43:43,21.38,-0.02,37,79106,卖盘
811,13:43:37,21.4,--,4,8560,卖盘
812,13:43:33,21.4,--,0,0,卖盘
813,13:43:28,21.4,-0.02,14,29959,卖盘
814,13:43:18,21.42,0.02,10,21420,买盘
815,13:43:13,21.4,--,31,66340,卖盘
816,13:43:07,21.4,--,6,12840,卖盘
817,13:42:58,21.4,-0.02,2,4280,卖盘
818,13:42:52,21.42,--,0,0,买盘
819,13:42:48,21.42,0.02,107,229194,买盘
820,13:42:43,21.4,--,60,128399,买盘
821,13:42:33,21.4,0.02,2,4280,买盘
822,13:42:18,21.38,-0.02,2,4276,卖盘
823,13:42:07,21.4,-0.01,20,42800,卖盘
824,13:42:03,21.41,0.01,1,2141,中性盘
825,13:41:58,21.4,-0.02,2,4280,卖盘
826,13:41:52,21.42,0.02,50,107100,买盘
827,13:41:48,21.4,-0.02,18,38520,卖盘
828,13:41:43,21.42,0.02,11,23562,买盘
829,13:41:37,21.4,-0.02,7,14979,卖盘
830,13:41:28,21.42,--,3,6426,买盘
831,13:41:22,21.42,0.02,10,21420,买盘
832,13:41:18,21.4,-0.05,61,130539,卖盘
833,13:41:13,21.45,--,14,30030,买盘
834,13:41:03,21.45,--,106,227370,买盘
835,13:40:58,21.45,0.04,28,60060,买盘
836,13:40:52,21.41,0.01,9,19269,买盘
837,13:40:43,21.4,0.02,34,72760,买盘
838,13:40:37,21.38,--,0,0,卖盘
839,13:40:28,21.38,--,1,2138,买盘
840,13:40:22,21.38,--,12,25656,卖盘
841,13:40:12,21.38,--,0,0,卖盘
842,13:40:07,21.38,-0.07,1,2138,卖盘
843,13:40:03,21.45,--,0,0,买盘
844,13:39:58,21.45,--,15,32175,买盘
845,13:39:52,21.45,--,22,47190,买盘
846,13:39:47,21.45,0.03,76,163020,买盘
847,13:39:42,21.42,0.01,62,132804,买盘
848,13:39:27,21.41,0.05,35,74935,买盘
849,13:39:22,21.36,--,1,2136,卖盘
850,13:39:18,21.36,-0.03,12,25632,卖盘
851,13:39:12,21.39,--,1,2139,卖盘
852,13:39:07,21.39,0.03,1,2139,中性盘
853,13:39:01,21.36,-0.03,284,606624,卖盘
854,13:38:52,21.39,--,14,29946,买盘
855,13:38:42,21.39,-0.01,25,53475,卖盘
856,13:38:37,21.4,-0.01,19,40660,卖盘
857,13:38:27,21.41,0.01,58,124178,买盘
858,13:38:22,21.4,--,24,51360,卖盘
859,13:38:16,21.4,--,15,32099,卖盘
860,13:38:12,21.4,--,28,59919,卖盘
861,13:38:07,21.4,--,116,248239,买盘
862,13:38:01,21.4,--,1,2140,买盘
863,13:37:52,21.4,--,17,36380,买盘
864,13:37:46,21.4,0.01,135,288900,买盘
865,13:37:42,21.39,0.02,35,74865,买盘
866,13:37:37,21.37,-0.01,273,583401,卖盘
867,13:37:27,21.38,--,5,10690,卖盘
868,13:37:22,21.38,-0.01,2,4276,卖盘
869,13:37:16,21.39,0.01,2,4278,买盘
870,13:37:12,21.38,--,1,2138,中性盘
871,13:37:07,21.38,--,8,17104,卖盘
872,13:37:00,21.38,--,21,44898,卖盘
873,13:36:57,21.38,--,12,25656,卖盘
874,13:36:52,21.38,--,104,222352,卖盘
875,13:36:46,21.38,0.01,86,183868,买盘
876,13:36:42,21.37,--,15,32055,卖盘
877,13:36:36,21.37,-0.01,34,72658,卖盘
878,13:36:22,21.38,-0.01,2,4276,卖盘
879,13:36:16,21.39,0.01,1,2139,买盘
880,13:36:12,21.38,-0.01,21,44898,卖盘
881,13:36:07,21.39,--,3,6417,买盘
882,13:35:57,21.39,--,107,228873,买盘
883,13:35:52,21.39,-0.01,62,132618,卖盘
884,13:35:46,21.4,--,6,12840,卖盘
885,13:35:42,21.4,--,6,12840,卖盘
886,13:35:37,21.4,--,11,23540,卖盘
887,13:35:31,21.4,0.03,331,708340,买盘
888,13:35:27,21.37,-0.03,12,25644,卖盘
889,13:35:22,21.4,0.03,8,17120,买盘
890,13:35:16,21.37,--,0,0,卖盘
891,13:35:12,21.37,-0.01,12,25644,卖盘
892,13:35:07,21.38,-0.02,38,81244,卖盘
893,13:35:01,21.4,-0.02,8,17120,卖盘
894,13:34:57,21.42,0.02,1,2142,买盘
895,13:34:52,21.4,-0.02,13,27819,卖盘
896,13:34:46,21.42,-0.01,1,2142,中性盘
897,13:34:42,21.43,--,63,135009,买盘
898,13:34:36,21.43,-0.03,2751,5895393,卖盘
899,13:34:31,21.46,0.01,74,158804,买盘
900,13:34:27,21.45,-0.01,86,184470,卖盘
901,13:34:22,21.46,0.01,138,296148,买盘
902,13:34:12,21.45,--,5,10725,卖盘
903,13:34:06,21.45,--,3,6435,卖盘
904,13:34:01,21.45,-0.01,1,2145,卖盘
905,13:33:57,21.46,--,38,81548,买盘
906,13:33:52,21.46,--,24,51504,买盘
907,13:33:42,21.46,0.01,33,70818,买盘
908,13:33:37,21.45,--,20,42900,卖盘
909,13:33:30,21.45,--,5,10725,卖盘
910,13:33:22,21.45,--,229,491205,买盘
911,13:33:16,21.45,--,226,484770,买盘
912,13:33:12,21.45,--,7,15015,买盘
913,13:33:00,21.45,--,0,0,买盘
914,13:32:57,21.45,0.02,43,92235,买盘
915,13:32:51,21.43,--,6,12858,卖盘
916,13:32:42,21.43,--,133,285019,卖盘
917,13:32:37,21.43,--,4,8572,卖盘
918,13:32:31,21.43,--,5,10715,卖盘
919,13:32:21,21.43,--,13,27859,卖盘
920,13:32:11,21.43,--,25,53575,卖盘
921,13:32:06,21.43,0.03,267,572181,买盘
922,13:32:00,21.4,--,2,4280,卖盘
923,13:31:56,21.4,0.02,14,29981,买盘
924,13:31:52,21.38,-0.01,3,6414,卖盘
925,13:31:45,21.39,0.01,7,14973,中性盘
926,13:31:36,21.38,--,52,111176,卖盘
927,13:31:30,21.38,0.01,14,29932,买盘
928,13:31:26,21.37,--,2,4274,卖盘
929,13:31:21,21.37,-0.01,2,4274,中性盘
930,13:31:15,21.38,0.01,1,2138,买盘
931,13:31:06,21.37,--,5,10685,买盘
932,13:31:00,21.37,0.02,1,2137,中性盘
933,13:30:56,21.35,--,110,234850,卖盘
934,13:30:51,21.35,-0.01,6,12810,卖盘
935,13:30:45,21.36,-0.01,8,17088,卖盘
936,13:30:36,21.37,-0.01,2,4274,中性盘
937,13:30:30,21.38,0.02,3,6414,中性盘
938,13:30:24,21.36,0.01,4,8544,卖盘
939,13:30:21,21.35,-0.05,3,6405,卖盘
940,13:30:15,21.4,--,7,14979,买盘
941,13:30:09,21.4,--,3,6420,买盘
942,13:30:06,21.4,-0.01,72,156198,卖盘
943,13:30:00,21.41,--,9,19269,买盘
944,13:29:54,21.41,--,7,14987,买盘
945,13:29:51,21.41,0.01,8,17128,中性盘
946,13:29:45,21.4,-0.02,24,51360,卖盘
947,13:29:39,21.42,0.01,14,30009,买盘
948,13:29:36,21.41,--,14,29974,买盘
949,13:29:30,21.41,-0.01,4,8564,买盘
950,13:29:21,21.42,0.02,94,201348,买盘
951,13:29:15,21.4,0.05,111,237539,买盘
952,13:29:09,21.35,-0.07,104,222040,卖盘
953,13:29:06,21.42,0.02,21,44982,买盘
954,13:29:00,21.4,-0.02,338,724561,卖盘
955,13:28:51,21.42,0.01,29,63017,买盘
956,13:28:45,21.41,0.01,67,143447,买盘
957,13:28:39,21.4,--,4,8560,卖盘
958,13:28:36,21.4,--,10,21400,卖盘
959,13:28:30,21.4,--,26,55639,卖盘
960,13:28:21,21.4,0.03,311,665540,买盘
961,13:28:15,21.37,--,7,14959,买盘
962,13:28:00,21.37,0.02,30,64110,买盘
963,13:27:51,21.35,--,10,21350,卖盘
964,13:27:45,21.35,--,73,155855,卖盘
965,13:27:39,21.35,0.02,3,6405,卖盘
966,13:27:30,21.33,-0.01,121,258092,卖盘
967,13:27:24,21.34,0.01,6,12804,买盘
968,13:27:21,21.33,--,15,31994,卖盘
969,13:27:15,21.33,--,100,213299,卖盘
970,13:27:09,21.33,--,1,2133,卖盘
971,13:27:06,21.33,--,21,44793,卖盘
972,13:26:54,21.33,--,0,0,卖盘
973,13:26:51,21.33,--,8,17064,卖盘
974,13:26:45,21.33,--,28,59723,卖盘
975,13:26:36,21.33,--,31,66123,卖盘
976,13:26:30,21.33,--,1,2133,卖盘
977,13:26:24,21.33,0.02,80,170640,买盘
978,13:26:21,21.31,--,55,117205,卖盘
979,13:26:15,21.31,-0.02,12,25572,卖盘
980,13:25:50,21.33,-0.01,105,223964,卖盘
981,13:25:45,21.34,0.01,48,102432,买盘
982,13:25:39,21.33,--,14,29861,卖盘
983,13:25:36,21.33,--,1,2133,卖盘
984,13:25:30,21.33,-0.01,10,21330,卖盘
985,13:25:21,21.34,--,4,8536,买盘
986,13:25:15,21.34,--,3,6402,买盘
987,13:25:06,21.34,--,15,32010,买盘
988,13:25:00,21.34,--,28,59752,买盘
989,13:24:54,21.34,-0.01,52,110968,卖盘
990,13:24:50,21.35,-0.01,13,27755,买盘
991,13:24:39,21.36,--,0,0,买盘
992,13:24:35,21.36,0.03,5,10680,买盘
993,13:24:30,21.33,0.01,5,10665,卖盘
994,13:24:20,21.32,0.02,11,23452,买盘
995,13:24:15,21.3,-0.01,3,6390,卖盘
996,13:24:09,21.31,-0.05,2,4262,卖盘
997,13:24:06,21.36,0.06,104,222144,买盘
998,13:24:00,21.3,--,11,23430,卖盘
999,13:23:54,21.3,--,56,119280,卖盘
1000,13:23:50,21.3,--,6,12780,卖盘
1001,13:23:45,21.3,--,1,2130,卖盘
1002,13:23:39,21.3,--,251,534630,买盘
1003,13:23:35,21.3,0.02,26,55380,买盘
1004,13:23:20,21.28,-0.02,3,6384,卖盘
1005,13:23:15,21.3,--,50,106500,买盘
1006,13:23:09,21.3,-0.01,157,334410,卖盘
1007,13:23:00,21.31,0.01,10,21310,买盘
1008,13:22:54,21.3,--,0,0,卖盘
1009,13:22:50,21.3,--,6,12780,卖盘
1010,13:22:45,21.3,-0.01,4,8520,卖盘
1011,13:22:39,21.31,-0.05,25,53275,卖盘
1012,13:22:35,21.36,--,0,0,买盘
1013,13:22:30,21.36,0.05,101,215736,买盘
1014,13:22:20,21.31,--,8,17048,卖盘
1015,13:22:15,21.31,-0.01,4,8524,卖盘
1016,13:22:09,21.32,--,3,6396,卖盘
1017,13:22:05,21.32,0.01,2,4264,卖盘
1018,13:22:00,21.31,--,0,0,卖盘
1019,13:21:54,21.31,--,0,0,卖盘
1020,13:21:48,21.31,--,5,10655,卖盘
1021,13:21:45,21.31,--,6,12786,卖盘
1022,13:21:39,21.31,--,2,4262,卖盘
1023,13:21:30,21.31,--,20,42620,卖盘
1024,13:21:18,21.31,--,5,10655,卖盘
1025,13:21:15,21.31,--,0,0,卖盘
1026,13:21:09,21.31,--,11,23441,卖盘
1027,13:21:00,21.31,--,25,53275,卖盘
1028,13:20:48,21.31,-0.01,103,219493,卖盘
1029,13:20:45,21.32,--,1,2132,买盘
1030,13:20:39,21.32,--,3,6396,买盘
1031,13:20:30,21.32,--,1,2132,买盘
1032,13:20:24,21.32,--,20,42640,卖盘
1033,13:20:18,21.32,--,3,6396,卖盘
1034,13:20:15,21.32,--,32,68224,卖盘
1035,13:20:09,21.32,0.02,2,4264,卖盘
1036,13:20:00,21.3,--,0,0,卖盘
1037,13:19:54,21.3,-0.03,10,21300,卖盘
1038,13:19:48,21.33,0.02,2,4266,卖盘
1039,13:19:45,21.31,--,0,0,卖盘
1040,13:19:39,21.31,--,7,14917,买盘
1041,13:19:33,21.31,-0.07,25,53275,卖盘
1042,13:19:30,21.38,0.01,22,47036,买盘
1043,13:19:24,21.37,--,12,25644,卖盘
1044,13:19:18,21.37,--,2,4274,卖盘
1045,13:19:09,21.37,0.06,62,132494,买盘
1046,13:19:03,21.31,--,1,2131,卖盘
1047,13:19:00,21.31,-0.03,35,74585,卖盘
1048,13:18:48,21.34,--,13,27742,卖盘
1049,13:18:39,21.34,--,1,2134,中性盘
1050,13:18:33,21.34,--,1,2134,买盘
1051,13:18:24,21.34,0.03,4,8536,买盘
1052,13:18:18,21.31,--,3,6393,卖盘
1053,13:18:15,21.31,-0.03,11,23441,卖盘
1054,13:18:09,21.34,--,73,155782,卖盘
1055,13:18:03,21.34,-0.07,26,55484,卖盘
1056,13:18:00,21.41,0.07,904,1935464,买盘
1057,13:17:54,21.34,--,6,12804,卖盘
1058,13:17:48,21.34,--,2,4268,卖盘
1059,13:17:39,21.34,-0.03,10,21340,买盘
1060,13:17:33,21.37,--,0,0,买盘
1061,13:17:29,21.37,--,0,1239,卖盘
1062,13:17:24,21.37,0.03,185,396242,买盘
1063,13:17:18,21.34,-0.01,212,452408,买盘
1064,13:17:14,21.35,--,0,0,买盘
1065,13:17:03,21.35,--,1,2135,买盘
1066,13:16:54,21.35,0.03,67,143045,买盘
1067,13:16:48,21.32,--,33,70356,卖盘
1068,13:16:44,21.32,--,5,10660,卖盘
1069,13:16:29,21.32,--,3,6396,中性盘
1070,13:16:24,21.32,--,0,0,中性盘
1071,13:16:18,21.32,0.01,7,14924,卖盘
1072,13:16:14,21.31,--,0,0,卖盘
1073,13:16:09,21.31,--,1,2131,卖盘
1074,13:16:03,21.31,--,2,4262,卖盘
1075,13:15:59,21.31,-0.04,13,27703,卖盘
1076,13:15:54,21.35,--,17,37533,卖盘
1077,13:15:48,21.35,--,2,4270,卖盘
1078,13:15:39,21.35,0.03,90,193046,买盘
1079,13:15:29,21.32,0.02,11,23452,买盘
1080,13:15:18,21.3,--,5,10650,卖盘
1081,13:15:14,21.3,--,120,255600,买盘
1082,13:15:03,21.3,--,3,6390,买盘
1083,13:14:59,21.3,--,1,2130,买盘
1084,13:14:54,21.3,0.06,43,91590,买盘
1085,13:14:48,21.24,-0.06,29,61595,卖盘
1086,13:14:39,21.3,--,2,4260,卖盘
1087,13:14:33,21.3,--,10,21300,卖盘
1088,13:14:29,21.3,--,16,34080,卖盘
1089,13:14:24,21.3,--,5,10650,卖盘
1090,13:14:18,21.3,--,99,210870,卖盘
1091,13:14:14,21.3,--,0,0,卖盘
1092,13:14:09,21.3,--,32,68160,卖盘
1093,13:14:03,21.3,-0.04,29,61770,卖盘
1094,13:13:59,21.34,0.03,109,232606,买盘
1095,13:13:54,21.31,0.01,14,29834,买盘
1096,13:13:48,21.3,--,2,4260,卖盘
1097,13:13:44,21.3,--,45,95850,卖盘
1098,13:13:39,21.3,0.06,121,257730,买盘
1099,13:13:33,21.24,--,0,0,中性盘
1100,13:13:29,21.24,--,0,0,中性盘
1101,13:13:24,21.24,0.02,14,29735,买盘
1102,13:13:18,21.22,-0.01,51,108222,卖盘
1103,13:13:12,21.23,--,0,0,卖盘
1104,13:13:09,21.23,-0.06,3,6369,卖盘
1105,13:13:03,21.29,0.05,91,193739,买盘
1106,13:12:57,21.24,--,0,0,卖盘
1107,13:12:54,21.24,--,5,10620,卖盘
1108,13:12:48,21.24,--,3,6371,卖盘
1109,13:12:33,21.24,--,2,4248,卖盘
1110,13:12:24,21.24,--,0,0,卖盘
1111,13:12:18,21.24,-0.02,109,231515,卖盘
1112,13:12:12,21.26,0.02,5,10630,买盘
1113,13:12:09,21.24,-0.02,5,10620,卖盘
1114,13:11:57,21.26,0.02,1,2126,买盘
1115,13:11:53,21.24,-0.01,169,358956,卖盘
1116,13:11:48,21.25,-0.01,3,6375,卖盘
1117,13:11:42,21.26,0.01,1,2126,买盘
1118,13:11:38,21.25,0.01,144,306000,买盘
1119,13:11:33,21.24,0.01,3,6371,中性盘
1120,13:11:23,21.23,-0.02,1,2123,卖盘
1121,13:11:18,21.25,--,11,23375,买盘
1122,13:11:12,21.25,-0.01,11,23375,买盘
1123,13:11:09,21.26,--,2,4252,卖盘
1124,13:11:03,21.26,--,13,27638,卖盘
1125,13:10:57,21.26,0.03,3,6378,卖盘
1126,13:10:53,21.23,--,0,0,卖盘
1127,13:10:48,21.23,--,2,4246,卖盘
1128,13:10:38,21.23,-0.04,5,10615,卖盘
1129,13:10:27,21.27,0.03,114,242478,买盘
1130,13:10:23,21.24,--,3,6371,卖盘
1131,13:10:18,21.24,-0.03,5,10620,卖盘
1132,13:10:03,21.27,--,3,6381,卖盘
1133,13:09:53,21.27,0.03,12,25524,买盘
1134,13:09:48,21.24,-0.03,2,4248,中性盘
1135,13:09:23,21.27,0.04,3,6381,买盘
1136,13:09:18,21.23,-0.04,2,4246,卖盘
1137,13:09:12,21.27,-0.01,3,6381,买盘
1138,13:09:08,21.28,-0.02,42,89376,买盘
1139,13:09:03,21.3,0.03,55,117150,买盘
1140,13:08:57,21.27,--,10,21270,卖盘
1141,13:08:48,21.27,0.03,36,76572,买盘
1142,13:08:38,21.24,0.02,1,2124,买盘
1143,13:08:33,21.22,--,20,42440,卖盘
1144,13:08:27,21.22,-0.02,6,12732,卖盘
1145,13:08:23,21.24,0.02,2,4248,中性盘
1146,13:08:18,21.22,-0.06,16,33952,卖盘
1147,13:08:08,21.28,0.03,13,27664,买盘
1148,13:08:03,21.25,0.01,13,27625,买盘
1149,13:07:57,21.24,--,0,0,卖盘
1150,13:07:53,21.24,--,0,0,卖盘
1151,13:07:48,21.24,-0.06,27,57347,卖盘
1152,13:07:33,21.3,--,2,4260,买盘
1153,13:07:18,21.3,-0.03,17,37445,卖盘
1154,13:07:12,21.33,--,11,23462,卖盘
1155,13:07:08,21.33,0.09,81,173668,买盘
1156,13:07:03,21.24,-0.01,14,29735,中性盘
1157,13:06:48,21.25,0.03,15,31875,买盘
1158,13:06:38,21.22,-0.02,50,106100,卖盘
1159,13:06:33,21.24,--,17,36108,卖盘
1160,13:06:27,21.24,--,9,19116,卖盘
1161,13:06:18,21.24,-0.06,2,4248,卖盘
1162,13:06:12,21.3,0.05,2,4260,买盘
1163,13:06:08,21.25,-0.01,4,8500,卖盘
1164,13:06:03,21.26,0.02,1,2126,卖盘
1165,13:05:57,21.24,--,0,0,卖盘
1166,13:05:53,21.24,-0.06,8,16992,卖盘
1167,13:05:48,21.3,-0.03,10,21300,中性盘
1168,13:05:42,21.33,--,3,6398,买盘
1169,13:05:38,21.33,0.09,25,53324,买盘
1170,13:05:33,21.24,-0.06,6,12743,卖盘
1171,13:05:27,21.3,-0.02,1,2130,卖盘
1172,13:05:22,21.32,0.08,101,215332,买盘
1173,13:05:18,21.24,-0.06,3,6371,卖盘
1174,13:05:12,21.3,--,2,4260,买盘
1175,13:04:57,21.3,--,24,51120,卖盘
1176,13:04:47,21.3,-0.01,2,4260,卖盘
1177,13:04:42,21.31,0.02,33,70323,买盘
1178,13:04:36,21.29,--,83,176707,卖盘
1179,13:04:32,21.29,--,12,25548,卖盘
1180,13:04:27,21.29,--,66,140514,卖盘
1181,13:04:21,21.29,--,0,0,卖盘
1182,13:04:18,21.29,--,19,40451,卖盘
1183,13:04:12,21.29,--,5,10645,卖盘
1184,13:04:06,21.29,--,4,8516,卖盘
1185,13:04:02,21.29,--,3,6387,卖盘
1186,13:03:57,21.29,0.02,7,14903,中性盘
1187,13:03:47,21.27,--,57,121239,卖盘
1188,13:03:42,21.27,0.06,128,272256,买盘
1189,13:03:32,21.21,-0.03,8,16968,卖盘
1190,13:03:27,21.24,0.03,3,6371,买盘
1191,13:03:21,21.21,--,0,0,卖盘
1192,13:03:17,21.21,-0.04,3,6363,卖盘
1193,13:03:12,21.25,0.02,4,8500,卖盘
1194,13:03:02,21.23,--,0,0,中性盘
1195,13:02:57,21.23,-0.01,8,16984,卖盘
1196,13:02:51,21.24,-0.01,1,2124,卖盘
1197,13:02:47,21.25,-0.05,1,2125,卖盘
1198,13:02:42,21.3,-0.01,11,23430,卖盘
1199,13:02:36,21.31,--,2,5497,卖盘
1200,13:02:32,21.31,--,10,21310,卖盘
1201,13:02:12,21.31,-0.05,50,106550,卖盘
1202,13:02:02,21.36,0.04,100,213600,买盘
1203,13:01:57,21.32,--,0,0,卖盘
1204,13:01:51,21.32,--,2,4264,卖盘
1205,13:01:47,21.32,--,11,23452,买盘
1206,13:01:36,21.32,0.01,11,23452,买盘
1207,13:01:32,21.31,--,20,42620,卖盘
1208,13:01:27,21.31,--,56,119336,卖盘
1209,13:01:21,21.31,--,42,89502,卖盘
1210,13:01:17,21.31,--,2,4262,卖盘
1211,13:01:12,21.31,--,5,10655,卖盘
1212,13:01:06,21.31,--,4,8524,卖盘
1213,13:00:57,21.31,--,13,27703,卖盘
1214,13:00:47,21.31,-0.02,15,31964,卖盘
1215,13:00:42,21.33,-0.02,2,4266,买盘
1216,13:00:36,21.35,0.03,110,234850,买盘
1217,13:00:32,21.32,--,2,4264,卖盘
1218,13:00:27,21.32,-0.01,5,10660,卖盘
1219,13:00:17,21.33,--,8,17064,买盘
1220,13:00:12,21.33,0.02,61,130112,买盘
1221,13:00:06,21.31,-0.07,147,313257,卖盘
1222,13:00:02,21.38,0.02,318,679884,买盘
1223,11:30:00,21.36,--,0,0,中性盘
1224,11:30:00,21.36,--,0,0,中性盘
1225,11:29:58,21.36,--,3,6408,卖盘
1226,11:29:49,21.36,--,10,21360,卖盘
1227,11:29:43,21.36,-0.02,10,21360,卖盘
1228,11:29:37,21.38,0.03,5,10690,买盘
1229,11:29:34,21.35,-0.03,20,42700,卖盘
1230,11:29:28,21.38,0.02,35,74830,买盘
1231,11:29:19,21.36,-0.02,5,10680,卖盘
1232,11:29:07,21.38,--,24,51312,买盘
1233,11:29:03,21.38,--,55,117590,卖盘
1234,11:28:58,21.38,0.02,18,38484,买盘
1235,11:28:48,21.36,-0.03,2,4272,卖盘
1236,11:28:43,21.39,--,0,0,买盘
1237,11:28:37,21.39,0.03,101,216039,买盘
1238,11:28:33,21.36,--,8,17088,卖盘
1239,11:28:28,21.36,--,20,42720,卖盘
1240,11:28:22,21.36,-0.02,5,10680,卖盘
1241,11:28:18,21.38,0.02,41,87658,买盘
1242,11:28:13,21.36,--,32,68352,卖盘
1243,11:28:03,21.36,--,8,17088,卖盘
1244,11:27:58,21.36,0.01,15,32040,买盘
1245,11:27:48,21.35,--,7,14945,卖盘
1246,11:27:43,21.35,--,15,32025,卖盘
1247,11:27:37,21.35,0.02,139,296765,买盘
1248,11:27:28,21.33,0.02,20,42660,买盘
1249,11:27:22,21.31,--,6,12786,卖盘
1250,11:27:18,21.31,--,52,110812,卖盘
1251,11:27:13,21.31,--,10,21310,卖盘
1252,11:27:07,21.31,--,5,10655,卖盘
1253,11:27:03,21.31,0.03,767,1636394,买盘
1254,11:26:58,21.28,0.02,123,261744,买盘
1255,11:26:52,21.26,--,1,2126,卖盘
1256,11:26:48,21.26,-0.02,13,27638,卖盘
1257,11:26:43,21.28,0.02,12,25536,买盘
1258,11:26:37,21.26,--,22,46772,卖盘
1259,11:26:33,21.26,-0.02,12,25512,卖盘
1260,11:26:28,21.28,0.04,182,387296,买盘
1261,11:26:22,21.24,-0.01,7,14867,卖盘
1262,11:26:13,21.25,0.01,216,459212,买盘
1263,11:26:07,21.24,--,2,4248,买盘
1264,11:26:03,21.24,--,5,10620,买盘
1265,11:25:58,21.24,0.03,206,437543,买盘
1266,11:25:52,21.21,--,2,4242,卖盘
1267,11:25:43,21.21,0.01,144,305424,买盘
1268,11:25:37,21.2,--,77,163240,卖盘
1269,11:25:28,21.2,--,13,27560,卖盘
1270,11:25:22,21.2,--,64,135680,买盘
1271,11:25:18,21.2,0.07,289,612680,买盘
1272,11:25:07,21.13,-0.01,1,2113,卖盘
1273,11:25:03,21.14,0.01,2,4228,买盘
1274,11:24:58,21.13,0.01,5,10565,中性盘
1275,11:24:52,21.12,-0.05,2,4224,卖盘
1276,11:24:33,21.17,-0.03,572,1210924,卖盘
1277,11:24:27,21.2,--,1,2120,卖盘
1278,11:24:22,21.2,--,2,4240,卖盘
1279,11:24:18,21.2,0.03,138,292560,买盘
1280,11:24:12,21.17,--,0,0,买盘
1281,11:24:03,21.17,--,2,4234,买盘
1282,11:23:58,21.17,--,28,59276,买盘
1283,11:23:52,21.17,-0.01,32,67744,卖盘
1284,11:23:47,21.18,--,10,21180,卖盘
1285,11:23:42,21.18,-0.01,8,16944,中性盘
1286,11:23:37,21.19,0.02,123,260637,买盘
1287,11:23:32,21.17,--,10,21170,卖盘
1288,11:23:27,21.17,-0.01,15,31755,中性盘
1289,11:23:22,21.18,0.01,23,48714,买盘
1290,11:23:12,21.17,--,0,0,中性盘
1291,11:23:07,21.17,-0.02,24,50808,卖盘
1292,11:22:57,21.19,--,0,0,买盘
1293,11:22:52,21.19,--,3,6357,买盘
1294,11:22:46,21.19,--,3,6357,卖盘
1295,11:22:37,21.19,--,4,8476,卖盘
1296,11:22:27,21.19,-0.02,10,21190,卖盘
1297,11:22:22,21.21,--,20,42420,中性盘
1298,11:22:16,21.21,--,1,2121,卖盘
1299,11:22:12,21.21,0.02,1,2121,中性盘
1300,11:22:07,21.19,--,2,4238,卖盘
1301,11:22:01,21.19,-0.02,33,69927,卖盘
1302,11:21:57,21.21,0.01,88,188556,买盘
1303,11:21:52,21.2,0.03,303,642360,买盘
1304,11:21:46,21.17,-0.02,11,23287,卖盘
1305,11:21:42,21.19,--,5,10595,买盘
1306,11:21:31,21.19,--,0,0,买盘
1307,11:21:27,21.19,0.07,3,6357,买盘
1308,11:21:22,21.12,-0.07,20,42240,卖盘
1309,11:21:16,21.19,--,0,0,买盘
1310,11:21:12,21.19,0.04,8,16952,买盘
1311,11:21:07,21.15,--,1,2115,卖盘
1312,11:20:57,21.15,0.03,90,192422,买盘
1313,11:20:52,21.12,--,0,0,买盘
1314,11:20:42,21.12,--,38,80256,买盘
1315,11:20:37,21.12,--,7,14784,买盘
1316,11:20:31,21.12,0.01,10,21120,买盘
1317,11:20:27,21.11,0.01,17,35887,中性盘
1318,11:20:22,21.1,-0.02,61,128710,中性盘
1319,11:20:16,21.12,0.03,108,228096,买盘
1320,11:20:12,21.09,--,106,223554,卖盘
1321,11:20:07,21.09,0.03,4,8436,买盘
1322,11:20:01,21.06,--,30,63179,卖盘
1323,11:19:57,21.06,-0.04,67,141102,卖盘
1324,11:19:52,21.1,0.04,157,331270,买盘
1325,11:19:42,21.06,-0.02,249,524394,卖盘
1326,11:19:37,21.08,--,35,73780,卖盘
1327,11:19:31,21.08,--,9,18972,买盘
1328,11:19:22,21.08,0.02,10,21080,买盘
1329,11:19:16,21.06,--,15,31589,卖盘
1330,11:19:12,21.06,0.04,279,587574,买盘
1331,11:19:07,21.02,0.01,178,376026,买盘
1332,11:18:57,21.01,--,4,8404,卖盘
1333,11:18:52,21.01,0.02,113,237413,买盘
1334,11:18:46,20.99,--,30,62969,买盘
1335,11:18:42,20.99,--,93,195207,买盘
1336,11:18:37,20.99,-0.02,44,92356,卖盘
1337,11:18:27,21.01,0.01,105,220605,买盘
1338,11:18:22,21.0,--,13,27300,买盘
1339,11:18:16,21.0,--,5,10500,买盘
1340,11:18:12,21.0,-0.01,38,79800,卖盘
1341,11:18:07,21.01,0.01,8,16808,买盘
1342,11:17:57,21.0,-0.01,60,126000,卖盘
1343,11:17:52,21.01,--,12,25212,买盘
1344,11:17:46,21.01,-0.02,55,115555,卖盘
1345,11:17:42,21.03,-0.02,3,6309,卖盘
1346,11:17:37,21.05,--,0,0,买盘
1347,11:17:31,21.05,--,26,54730,卖盘
1348,11:17:27,21.05,--,13,27365,卖盘
1349,11:17:22,21.05,-0.01,2,4210,卖盘
1350,11:17:16,21.06,--,30,63179,卖盘
1351,11:17:12,21.06,-0.02,15,31589,卖盘
1352,11:17:07,21.08,-0.02,1,2108,卖盘
1353,11:17:01,21.1,0.02,108,227880,买盘
1354,11:16:52,21.08,-0.03,29,61131,卖盘
1355,11:16:46,21.11,0.01,20,42220,买盘
1356,11:16:31,21.1,-0.01,94,198382,卖盘
1357,11:16:27,21.11,--,32,67552,买盘
1358,11:16:21,21.11,0.01,22,46442,买盘
1359,11:16:16,21.1,--,21,44310,卖盘
1360,11:16:10,21.1,--,47,99170,卖盘
1361,11:16:06,21.1,0.02,91,194077,买盘
1362,11:16:01,21.08,-0.02,58,122263,卖盘
1363,11:15:55,21.1,0.01,11,23210,买盘
1364,11:15:51,21.09,-0.01,10,21090,卖盘
1365,11:15:46,21.1,-0.02,96,202602,卖盘
1366,11:15:36,21.12,--,9,19008,卖盘
1367,11:15:31,21.12,-0.03,23,48576,卖盘
1368,11:15:25,21.15,0.02,1,2115,买盘
1369,11:15:21,21.13,--,9,19017,卖盘
1370,11:15:16,21.13,-0.02,2,4226,卖盘
1371,11:15:10,21.15,-0.01,2,4230,卖盘
1372,11:15:06,21.16,-0.04,129,272964,卖盘
1373,11:15:01,21.2,0.01,5,10600,买盘
1374,11:14:55,21.19,--,1,2119,卖盘
1375,11:14:51,21.19,--,16,33904,买盘
1376,11:14:46,21.19,--,1,2119,卖盘
1377,11:14:40,21.19,-0.01,1,2119,卖盘
1378,11:14:36,21.2,-0.06,135,286412,卖盘
1379,11:14:31,21.26,--,11,23386,买盘
1380,11:14:21,21.26,0.01,123,261498,买盘
1381,11:14:16,21.25,--,13,27625,卖盘
1382,11:14:10,21.25,-0.01,3,6375,卖盘
1383,11:14:06,21.26,0.01,25,53150,买盘
1384,11:14:01,21.25,-0.01,9,19125,卖盘
1385,11:13:55,21.26,0.01,4,8504,买盘
1386,11:13:51,21.25,0.04,120,256912,买盘
1387,11:13:46,21.21,-0.02,40,85052,卖盘
1388,11:13:40,21.23,0.01,3,6369,买盘
1389,11:13:36,21.22,-0.01,7,14854,中性盘
1390,11:13:31,21.23,0.02,14,29722,买盘
1391,11:13:25,21.21,-0.01,108,229068,卖盘
1392,11:13:21,21.22,--,15,31830,卖盘
1393,11:13:16,21.22,0.01,62,133473,买盘
1394,11:13:06,21.21,-0.01,2,4242,卖盘
1395,11:13:01,21.22,0.02,22,46684,买盘
1396,11:12:51,21.2,--,3,6360,卖盘
1397,11:12:40,21.2,0.01,106,224720,买盘
1398,11:12:36,21.19,0.01,32,67808,卖盘
1399,11:12:31,21.18,--,2,4236,买盘
1400,11:12:21,21.18,--,23,48714,买盘
1401,11:12:10,21.18,--,2,4236,卖盘
1402,11:12:06,21.18,0.05,3,6354,卖盘
1403,11:11:55,21.13,--,0,0,卖盘
1404,11:11:51,21.13,-0.09,3,6339,卖盘
1405,11:11:46,21.22,--,32,67904,卖盘
1406,11:11:40,21.22,0.09,75,159150,买盘
1407,11:11:36,21.13,-0.06,1,2113,卖盘
1408,11:11:31,21.19,0.02,18,38142,买盘
1409,11:11:21,21.17,--,72,152424,卖盘
1410,11:11:16,21.17,-0.01,21,44457,卖盘
1411,11:11:10,21.18,--,4,8472,买盘
1412,11:11:06,21.18,--,11,23298,买盘
1413,11:11:01,21.18,0.01,17,36006,买盘
1414,11:10:51,21.17,-0.01,63,133371,卖盘
1415,11:10:46,21.18,0.01,5,10590,买盘
1416,11:10:36,21.17,--,6,12702,卖盘
1417,11:10:21,21.17,0.01,159,338677,买盘
1418,11:10:16,21.16,0.03,19,40204,买盘
1419,11:10:06,21.13,-0.03,1,2113,卖盘
1420,11:10:01,21.16,0.03,109,230644,买盘
1421,11:09:55,21.13,--,1,2113,卖盘
1422,11:09:51,21.13,--,2,4226,卖盘
1423,11:09:25,21.13,--,100,211300,卖盘
1424,11:09:21,21.13,-0.02,12,25356,卖盘
1425,11:09:16,21.15,0.02,4,8460,买盘
1426,11:09:06,21.13,--,131,276803,卖盘
1427,11:09:01,21.13,-0.01,27,57051,卖盘
1428,11:08:55,21.14,0.01,6,12684,买盘
1429,11:08:51,21.13,--,2,4226,卖盘
1430,11:08:40,21.13,--,36,76068,买盘
1431,11:08:35,21.13,--,7,14791,买盘
1432,11:08:31,21.13,--,10,21130,买盘
1433,11:08:25,21.13,0.02,10,21130,买盘
1434,11:08:21,21.11,-0.02,3,6333,卖盘
1435,11:08:15,21.13,-0.03,32,67616,卖盘
1436,11:08:09,21.16,0.02,101,213716,买盘
1437,11:08:01,21.14,0.01,5,10570,买盘
1438,11:07:51,21.13,--,2,4226,卖盘
1439,11:07:40,21.13,--,2,4226,卖盘
1440,11:07:34,21.13,--,5,10565,卖盘
1441,11:07:30,21.13,--,21,44373,卖盘
1442,11:07:25,21.13,--,3,6339,卖盘
1443,11:07:19,21.13,-0.01,2,4226,卖盘
1444,11:07:15,21.14,0.02,147,310758,买盘
1445,11:07:10,21.12,0.01,9,19008,买盘
1446,11:07:00,21.11,--,51,107661,卖盘
1447,11:06:49,21.11,-0.01,3,6333,卖盘
1448,11:06:45,21.12,-0.03,11,23232,卖盘
1449,11:06:30,21.15,0.01,102,215730,买盘
1450,11:06:25,21.14,--,0,0,买盘
1451,11:06:19,21.14,--,7,14798,买盘
1452,11:06:10,21.14,--,5,10570,买盘
1453,11:06:00,21.14,0.04,1,2114,买盘
1454,11:05:49,21.1,-0.04,2,4220,卖盘
1455,11:05:45,21.14,--,8,16912,卖盘
1456,11:05:40,21.14,--,10,21140,卖盘
1457,11:05:34,21.14,-0.01,1,2114,卖盘
1458,11:05:30,21.15,0.01,4,8460,买盘
1459,11:05:25,21.14,--,9,19026,卖盘
1460,11:05:19,21.14,--,3,6342,卖盘
1461,11:05:15,21.14,--,28,59192,卖盘
1462,11:05:09,21.14,--,101,213514,买盘
1463,11:05:04,21.14,0.01,10,21140,买盘
1464,11:05:00,21.13,--,5,10565,卖盘
1465,11:04:55,21.13,-0.01,20,42260,卖盘
1466,11:04:49,21.14,0.01,6,12684,买盘
1467,11:04:45,21.13,0.04,53,111989,买盘
1468,11:04:40,21.09,--,134,282606,卖盘
1469,11:04:34,21.09,--,10,21090,卖盘
1470,11:04:30,21.09,0.02,91,191919,买盘
1471,11:04:25,21.07,-0.02,35,73745,卖盘
1472,11:04:19,21.09,0.01,230,485070,买盘
1473,11:04:15,21.08,--,16,33728,卖盘
1474,11:04:10,21.08,--,17,35836,买盘
1475,11:04:00,21.08,--,7,14755,买盘
1476,11:03:55,21.08,--,30,63239,买盘
1477,11:03:49,21.08,-0.01,8,16864,卖盘
1478,11:03:45,21.09,-0.01,174,366966,卖盘
1479,11:03:34,21.1,-0.04,10,21100,买盘
1480,11:03:25,21.14,--,0,0,买盘
1481,11:03:19,21.14,0.02,29,61306,买盘
1482,11:03:15,21.12,--,2,4224,买盘
1483,11:03:10,21.12,0.03,109,230208,买盘
1484,11:03:00,21.09,--,1,2109,卖盘
1485,11:02:55,21.09,--,55,115995,卖盘
1486,11:02:49,21.09,0.01,475,1001775,买盘
1487,11:02:45,21.08,0.01,4,8432,买盘
1488,11:02:40,21.07,-0.01,6,12642,卖盘
1489,11:02:33,21.08,--,25,52699,买盘
1490,11:02:30,21.08,--,72,151776,卖盘
1491,11:02:19,21.08,-0.04,12,25295,卖盘
1492,11:02:15,21.12,0.03,303,639936,买盘
1493,11:02:09,21.09,--,13,27417,卖盘
1494,11:02:04,21.09,-0.01,30,63270,卖盘
1495,11:02:00,21.1,--,3,6330,买盘
1496,11:01:55,21.1,--,6,12660,买盘
1497,11:01:49,21.1,--,3,6330,卖盘
1498,11:01:45,21.1,-0.02,2,4220,卖盘
1499,11:01:40,21.12,--,1,2112,买盘
1500,11:01:34,21.12,--,5,10560,卖盘
1501,11:01:30,21.12,--,1,2112,卖盘
1502,11:01:25,21.12,--,106,223872,卖盘
1503,11:01:19,21.12,0.02,2,4224,卖盘
1504,11:01:15,21.1,-0.02,24,50640,中性盘
1505,11:01:10,21.12,-0.01,18,38016,买盘
1506,11:01:03,21.13,0.01,6,12678,卖盘
1507,11:01:00,21.12,--,13,27456,买盘
1508,11:00:55,21.12,-0.02,31,65472,卖盘
1509,11:00:48,21.14,0.02,15,31710,买盘
1510,11:00:45,21.12,-0.02,10,21120,卖盘
1511,11:00:39,21.14,--,1,2114,买盘
1512,11:00:33,21.14,-0.01,7,14798,中性盘
1513,11:00:30,21.15,0.02,59,124784,买盘
1514,11:00:25,21.13,0.01,611,1291043,卖盘
1515,11:00:18,21.12,-0.01,113,238656,卖盘
1516,11:00:10,21.13,0.01,125,264125,买盘
1517,11:00:04,21.12,-0.01,1,2112,卖盘
1518,11:00:00,21.13,0.01,2,4226,买盘
1519,10:59:49,21.12,-0.01,16,33792,买盘
1520,10:59:44,21.13,0.01,108,228204,买盘
1521,10:59:39,21.12,0.04,2,4224,买盘
1522,10:59:33,21.08,--,83,174964,卖盘
1523,10:59:29,21.08,0.01,378,796823,买盘
1524,10:59:24,21.07,--,25,52675,卖盘
1525,10:59:18,21.07,0.01,8,16856,中性盘
1526,10:59:14,21.06,--,7,14742,卖盘
1527,10:59:09,21.06,0.01,118,248507,中性盘
1528,10:59:04,21.05,--,113,237865,卖盘
1529,10:58:59,21.05,0.03,787,1656635,买盘
1530,10:58:54,21.02,-0.01,33,69366,卖盘
1531,10:58:49,21.03,--,68,143004,买盘
1532,10:58:43,21.03,0.02,14,29442,买盘
1533,10:58:39,21.01,-0.02,55,115555,卖盘
1534,10:58:34,21.03,0.01,115,241845,买盘
1535,10:58:27,21.02,--,125,262750,买盘
1536,10:58:24,21.02,-0.01,6,12612,中性盘
1537,10:58:19,21.03,0.02,85,178755,买盘
1538,10:58:13,21.01,--,20,42020,卖盘
1539,10:58:09,21.01,-0.01,5,10505,卖盘
1540,10:58:03,21.02,0.02,86,181108,买盘
1541,10:57:57,21.0,0.02,150,315000,买盘
1542,10:57:54,20.98,-0.02,63,132174,卖盘
1543,10:57:49,21.0,--,26,54600,买盘
1544,10:57:39,21.0,--,24,50400,买盘
1545,10:57:33,21.0,--,15,31500,买盘
1546,10:57:24,21.0,--,20,42000,买盘
1547,10:57:18,21.0,0.05,18,37800,买盘
1548,10:57:12,20.95,-0.01,28,58660,卖盘
1549,10:57:09,20.96,-0.04,11,23056,中性盘
1550,10:57:04,21.0,-0.02,25,52500,卖盘
1551,10:56:54,21.02,0.02,114,239628,买盘
1552,10:56:48,21.0,-0.02,9,18900,中性盘
1553,10:56:42,21.02,--,1,2102,买盘
1554,10:56:39,21.02,0.02,149,313198,买盘
1555,10:56:33,21.0,--,8,16800,买盘
1556,10:56:27,21.0,--,6,12600,买盘
1557,10:56:24,21.0,-0.02,2,4200,中性盘
1558,10:56:18,21.02,--,191,401482,卖盘
1559,10:56:12,21.02,0.02,4,8408,卖盘
1560,10:56:09,21.0,0.05,423,888300,买盘
1561,10:56:03,20.95,0.03,29,60755,买盘
1562,10:55:57,20.92,-0.03,27,56484,卖盘
1563,10:55:54,20.95,-0.01,3,6285,中性盘
1564,10:55:48,20.96,--,60,125760,卖盘
1565,10:55:42,20.96,--,6,12576,卖盘
1566,10:55:39,20.96,-0.01,88,184448,卖盘
1567,10:55:33,20.97,0.01,12,25164,卖盘
1568,10:55:27,20.96,--,42,88032,卖盘
1569,10:55:24,20.96,--,1028,2154688,卖盘
1570,10:55:18,20.96,-0.01,46,96416,卖盘
1571,10:55:12,20.97,--,3,6291,卖盘
1572,10:55:09,20.97,0.01,38,79686,买盘
1573,10:55:03,20.96,-0.01,6,12576,卖盘
1574,10:54:57,20.97,--,15,31455,买盘
1575,10:54:54,20.97,--,3,6291,卖盘
1576,10:54:48,20.97,-0.01,25,52425,卖盘
1577,10:54:42,20.98,--,43,90214,卖盘
1578,10:54:39,20.98,--,131,274838,卖盘
1579,10:54:33,20.98,-0.02,16,33568,卖盘
1580,10:54:27,21.0,0.01,4,8400,买盘
1581,10:54:24,20.99,-0.01,10,20990,卖盘
1582,10:54:18,21.0,--,22,46200,买盘
1583,10:54:12,21.0,--,5,10500,买盘
1584,10:54:09,21.0,-0.03,1446,3038364,卖盘
1585,10:54:03,21.03,-0.05,139,292317,卖盘
1586,10:53:57,21.08,0.01,15,31619,买盘
1587,10:53:54,21.07,0.02,5,10535,中性盘
1588,10:53:48,21.05,-0.04,202,425210,卖盘
1589,10:53:42,21.09,--,5,10545,卖盘
1590,10:53:39,21.09,--,118,250696,买盘
1591,10:53:33,21.09,--,65,137085,卖盘
1592,10:53:27,21.09,-0.01,325,685425,卖盘
1593,10:53:24,21.1,--,34,71740,买盘
1594,10:53:18,21.1,-0.01,18,37980,卖盘
1595,10:53:12,21.11,--,7,14777,卖盘
1596,10:53:08,21.11,--,5,10555,卖盘
1597,10:53:03,21.11,0.01,5,10555,卖盘
1598,10:52:57,21.1,-0.03,35,73850,卖盘
1599,10:52:54,21.13,0.03,156,329628,买盘
1600,10:52:48,21.1,--,35,73850,卖盘
1601,10:52:42,21.1,-0.01,30,63300,卖盘
1602,10:52:39,21.11,0.01,3,6333,中性盘
1603,10:52:33,21.1,-0.03,18,37980,卖盘
1604,10:52:27,21.13,--,103,217639,买盘
1605,10:52:23,21.13,0.02,3,6339,买盘
1606,10:52:18,21.11,-0.02,120,253320,卖盘
1607,10:52:12,21.13,-0.02,9,19017,卖盘
1608,10:52:08,21.15,0.01,1,2115,买盘
1609,10:52:03,21.14,-0.01,6,12684,卖盘
1610,10:51:57,21.15,--,2,4230,买盘
1611,10:51:53,21.15,--,5,10575,买盘
1612,10:51:48,21.15,-0.01,32,67680,卖盘
1613,10:51:42,21.16,--,2,4232,买盘
1614,10:51:38,21.16,-0.02,53,113713,卖盘
1615,10:51:33,21.18,0.02,1,2118,买盘
1616,10:51:27,21.16,-0.02,6,12696,卖盘
1617,10:51:23,21.18,--,5,10590,卖盘
1618,10:51:18,21.18,--,156,330408,卖盘
1619,10:51:08,21.18,--,61,129198,卖盘
1620,10:51:03,21.18,--,119,252042,卖盘
1621,10:50:57,21.18,--,10,21180,卖盘
1622,10:50:52,21.18,-0.01,10,21180,卖盘
1623,10:50:48,21.19,--,13,27547,买盘
1624,10:50:42,21.19,-0.01,94,199186,卖盘
1625,10:50:33,21.2,--,2,4240,买盘
1626,10:50:27,21.2,-0.02,551,1168120,卖盘
1627,10:50:18,21.22,-0.01,117,248274,卖盘
1628,10:50:12,21.23,-0.02,176,373648,卖盘
1629,10:50:03,21.25,-0.03,10,21250,卖盘
1630,10:49:57,21.28,--,2,4256,买盘
1631,10:49:51,21.28,--,2,4256,卖盘
1632,10:49:48,21.28,--,12,25536,卖盘
1633,10:49:42,21.28,0.03,10,21280,卖盘
1634,10:49:36,21.25,0.02,78,165750,买盘
1635,10:49:33,21.23,--,266,564718,卖盘
1636,10:49:27,21.23,-0.02,58,123134,卖盘
1637,10:49:21,21.25,0.02,10,21250,买盘
1638,10:49:18,21.23,-0.02,29,61567,卖盘
1639,10:49:06,21.25,0.02,12,25500,买盘
1640,10:49:03,21.23,-0.02,9,19107,卖盘
1641,10:48:57,21.25,0.02,31,65875,买盘
1642,10:48:48,21.23,-0.02,20,42460,卖盘
1643,10:48:42,21.25,--,3,6375,买盘
1644,10:48:36,21.25,--,20,42500,买盘
1645,10:48:27,21.25,0.02,212,450500,买盘
1646,10:48:18,21.23,-0.02,3,6369,卖盘
1647,10:48:12,21.25,--,3,6375,买盘
1648,10:48:06,21.25,--,17,36125,卖盘
1649,10:48:03,21.25,-0.05,2,4250,卖盘
1650,10:47:57,21.3,0.05,104,221520,买盘
1651,10:47:48,21.25,-0.05,3,6375,卖盘
1652,10:47:42,21.3,--,2,4260,买盘
1653,10:47:33,21.3,--,63,134190,买盘
1654,10:47:27,21.3,-0.01,10,21300,卖盘
1655,10:47:21,21.31,--,1,2131,买盘
1656,10:47:18,21.31,--,44,94999,卖盘
1657,10:47:12,21.31,--,20,43323,卖盘
1658,10:47:06,21.31,--,5,10655,卖盘
1659,10:47:03,21.31,--,5,10655,卖盘
1660,10:46:57,21.31,--,22,46882,卖盘
1661,10:46:51,21.31,--,2,4262,卖盘
1662,10:46:48,21.31,0.01,50,106741,买盘
1663,10:46:42,21.3,0.02,58,123540,买盘
1664,10:46:36,21.28,--,0,0,卖盘
1665,10:46:33,21.28,--,5,10640,卖盘
1666,10:46:27,21.28,--,1,2128,卖盘
1667,10:46:21,21.28,--,11,23408,卖盘
1668,10:46:17,21.28,0.05,46,97888,买盘
1669,10:46:12,21.23,-0.02,1,2123,卖盘
1670,10:46:06,21.25,0.04,1,2125,买盘
1671,10:46:03,21.21,-0.05,200,424200,卖盘
1672,10:45:57,21.26,--,0,0,买盘
1673,10:45:51,21.26,0.03,14,29764,买盘
1674,10:45:47,21.23,0.02,18,38214,卖盘
1675,10:45:42,21.21,-0.02,5,10605,卖盘
1676,10:45:36,21.23,--,0,0,中性盘
1677,10:45:32,21.23,-0.07,200,424600,卖盘
1678,10:45:27,21.3,0.07,16,34080,买盘
1679,10:45:21,21.23,-0.02,3,6369,卖盘
1680,10:45:18,21.25,--,3,6375,卖盘
1681,10:45:12,21.25,--,0,0,中性盘
1682,10:45:02,21.25,--,68,144500,卖盘
1683,10:44:57,21.25,--,44,93500,买盘
1684,10:44:51,21.25,0.04,1,2125,买盘
1685,10:44:47,21.21,-0.09,12,25452,卖盘
1686,10:44:42,21.3,0.09,7,14910,买盘
1687,10:44:36,21.21,-0.09,1,2121,中性盘
1688,10:44:32,21.3,--,154,328020,买盘
1689,10:44:27,21.3,0.09,114,242820,买盘
1690,10:44:17,21.21,--,3,6363,卖盘
1691,10:44:12,21.21,-0.08,10,21210,卖盘
1692,10:43:57,21.29,0.08,17,36193,买盘
1693,10:43:51,21.21,--,271,574791,卖盘
1694,10:43:47,21.21,-0.09,15,31815,卖盘
1695,10:43:42,21.3,--,0,0,买盘
1696,10:43:36,21.3,--,7,14910,买盘
1697,10:43:27,21.3,--,1,2130,买盘
1698,10:43:21,21.3,0.05,32,68160,买盘
1699,10:43:17,21.25,-0.05,3,6375,卖盘
1700,10:43:12,21.3,--,50,106500,买盘
1701,10:43:02,21.3,--,3,6390,买盘
1702,10:42:57,21.3,--,121,257730,买盘
1703,10:42:51,21.3,-0.08,260,555738,卖盘
1704,10:42:47,21.38,0.08,264,564432,买盘
1705,10:42:42,21.3,0.05,479,1020461,买盘
1706,10:42:36,21.25,--,21,44625,买盘
1707,10:42:32,21.25,-0.05,469,998558,卖盘
1708,10:42:27,21.3,-0.08,40,85200,卖盘
1709,10:42:21,21.38,--,352,752768,买盘
1710,10:42:17,21.38,-0.01,169,361322,卖盘
1711,10:42:12,21.39,0.01,21,44919,买盘
1712,10:42:06,21.38,0.1,10,21380,买盘
1713,10:42:00,21.28,0.02,8,17024,卖盘
1714,10:41:57,21.26,--,74,157324,买盘
1715,10:41:51,21.26,--,4,8504,买盘
1716,10:41:45,21.26,-0.12,226,480476,卖盘
1717,10:41:42,21.38,0.12,205,438290,买盘
1718,10:41:36,21.26,-0.02,2,4252,卖盘
1719,10:41:27,21.28,-0.03,18,38304,卖盘
1720,10:41:21,21.31,0.03,96,204576,买盘
1721,10:41:15,21.28,0.02,4,8512,买盘
1722,10:41:12,21.26,-0.01,30,63780,卖盘
1723,10:40:57,21.27,0.01,11,23397,中性盘
1724,10:40:51,21.26,0.01,34,72284,买盘
1725,10:40:36,21.25,--,56,119000,买盘
1726,10:40:21,21.25,--,16,34000,买盘
1727,10:40:15,21.25,--,3,6375,买盘
1728,10:40:12,21.25,--,1,2125,卖盘
1729,10:40:06,21.25,--,4,8500,卖盘
1730,10:40:00,21.25,-0.01,5,10625,卖盘
1731,10:39:57,21.26,--,1,2126,买盘
1732,10:39:51,21.26,--,4,8504,买盘
1733,10:39:45,21.26,0.1,2,4252,买盘
1734,10:39:42,21.16,--,0,0,卖盘
1735,10:39:36,21.16,-0.02,14,30512,卖盘
1736,10:39:30,21.18,-0.1,18,38124,卖盘
1737,10:39:27,21.28,0.09,121,257488,买盘
1738,10:39:21,21.19,0.01,2,4238,中性盘
1739,10:39:12,21.18,-0.02,51,108018,卖盘
1740,10:39:06,21.2,-0.01,22,46640,卖盘
1741,10:39:00,21.21,-0.06,5,10605,卖盘
1742,10:38:57,21.27,0.07,2,4254,中性盘
1743,10:38:51,21.2,-0.08,2,4240,卖盘
1744,10:38:45,21.28,-0.02,25,53200,卖盘
1745,10:38:42,21.3,--,2,4260,买盘
1746,10:38:36,21.3,--,7,14910,买盘
1747,10:38:30,21.3,0.02,31,66030,买盘
1748,10:38:27,21.28,-0.02,113,240485,卖盘
1749,10:38:21,21.3,--,4,10628,买盘
1750,10:38:11,21.3,--,46,97980,买盘
1751,10:38:06,21.3,-0.09,989,2106591,卖盘
1752,10:37:56,21.39,-0.02,10,21390,中性盘
1753,10:37:51,21.41,0.01,103,220523,买盘
1754,10:37:41,21.4,-0.01,1,2140,买盘
1755,10:37:36,21.41,--,10,21410,买盘
1756,10:37:30,21.41,-0.04,306,655146,买盘
1757,10:37:26,21.45,0.07,4,8580,买盘
1758,10:37:21,21.38,-0.07,206,440428,卖盘
1759,10:37:15,21.45,--,1,2145,买盘
1760,10:37:11,21.45,--,26,55770,买盘
1761,10:37:06,21.45,--,11,23595,买盘
1762,10:37:00,21.45,--,15,32175,买盘
1763,10:36:56,21.45,-0.05,65,139425,买盘
1764,10:36:51,21.5,--,278,597700,买盘
1765,10:36:45,21.5,--,8,17200,买盘
1766,10:36:41,21.5,-0.02,198,425700,卖盘
1767,10:36:36,21.52,--,15,32280,卖盘
1768,10:36:30,21.52,0.02,97,208744,买盘
1769,10:36:26,21.5,-0.01,1015,2182250,卖盘
1770,10:36:21,21.51,--,16,34416,卖盘
1771,10:36:15,21.51,0.07,814,1750914,买盘
1772,10:36:11,21.44,0.03,108,231552,中性盘
1773,10:36:06,21.41,-0.09,10,21410,买盘
1774,10:36:00,21.5,0.1,1002,2154300,买盘
1775,10:35:56,21.4,--,53,113419,卖盘
1776,10:35:51,21.4,-0.01,22,47080,卖盘
1777,10:35:45,21.41,0.01,5,10705,中性盘
1778,10:35:41,21.4,-0.01,34,72760,卖盘
1779,10:35:36,21.41,--,5,10705,卖盘
1780,10:35:30,21.41,0.01,145,310445,买盘
1781,10:35:26,21.4,--,1,2140,卖盘
1782,10:35:21,21.4,--,69,147660,卖盘
1783,10:35:15,21.4,--,2,4280,卖盘
1784,10:35:11,21.4,0.06,280,599200,买盘
1785,10:35:06,21.34,-0.04,46,98164,卖盘
1786,10:35:00,21.38,-0.02,101,215938,卖盘
1787,10:34:51,21.4,0.02,4,8560,买盘
1788,10:34:45,21.38,-0.02,18,38484,卖盘
1789,10:34:41,21.4,-0.02,76,162640,卖盘
1790,10:34:36,21.42,--,44,94248,卖盘
1791,10:34:30,21.42,-0.01,110,235620,中性盘
1792,10:34:26,21.43,0.02,15,32145,买盘
1793,10:34:21,21.41,-0.01,49,104909,卖盘
1794,10:34:15,21.42,--,9,19278,买盘
1795,10:34:06,21.42,--,5,10710,中性盘
1796,10:34:00,21.42,-0.01,14,29988,卖盘
1797,10:33:56,21.43,-0.01,4,8572,卖盘
1798,10:33:51,21.44,0.06,550,1181322,买盘
1799,10:33:45,21.38,--,13,27794,卖盘
1800,10:33:39,21.38,-0.04,10,21380,卖盘
1801,10:33:36,21.42,-0.01,104,222768,中性盘
1802,10:33:21,21.43,--,5,10715,买盘
1803,10:33:15,21.43,0.06,1,2143,中性盘
1804,10:33:09,21.37,--,2,4274,卖盘
1805,10:33:06,21.37,--,148,316276,卖盘
1806,10:32:54,21.37,--,0,0,卖盘
1807,10:32:51,21.37,--,207,442380,买盘
1808,10:32:45,21.37,0.03,40,85480,买盘
1809,10:32:39,21.34,-0.03,14,29876,卖盘
1810,10:32:36,21.37,0.03,13,27781,买盘
1811,10:32:30,21.34,-0.01,58,123772,卖盘
1812,10:32:24,21.35,--,1,2135,买盘
1813,10:32:20,21.35,-0.02,61,130235,卖盘
1814,10:32:15,21.37,-0.02,7,14959,卖盘
1815,10:32:09,21.39,0.02,8,17112,买盘
1816,10:32:05,21.37,--,3,6411,卖盘
1817,10:32:00,21.37,--,44,94028,卖盘
1818,10:31:54,21.37,-0.02,107,228659,卖盘
1819,10:31:50,21.39,--,56,119784,买盘
1820,10:31:45,21.39,--,25,53475,买盘
1821,10:31:39,21.39,--,40,85560,买盘
1822,10:31:35,21.39,--,2,4278,买盘
1823,10:31:30,21.39,0.01,6,12834,买盘
1824,10:31:24,21.38,--,0,0,卖盘
1825,10:31:20,21.38,-0.03,53,113314,卖盘
1826,10:31:15,21.41,0.02,41,87781,中性盘
1827,10:31:09,21.39,--,187,399993,卖盘
1828,10:31:05,21.39,-0.01,23,49197,卖盘
1829,10:31:00,21.4,0.01,29,62059,卖盘
1830,10:30:54,21.39,--,0,0,卖盘
1831,10:30:50,21.39,--,12,25668,卖盘
1832,10:30:45,21.39,-0.02,54,115506,卖盘
1833,10:30:39,21.41,-0.02,8,17128,买盘
1834,10:30:35,21.43,-0.02,32,68576,买盘
1835,10:30:30,21.45,--,0,0,买盘
1836,10:30:20,21.45,--,5,10725,买盘
1837,10:30:15,21.45,--,79,169455,卖盘
1838,10:30:09,21.45,-0.03,60,128700,卖盘
1839,10:30:05,21.48,--,28,60144,买盘
1840,10:29:54,21.48,--,12,25776,卖盘
1841,10:29:50,21.48,--,73,156804,卖盘
1842,10:29:45,21.48,--,5,10740,卖盘
1843,10:29:39,21.48,--,15,32220,卖盘
1844,10:29:35,21.48,-0.01,7,15036,中性盘
1845,10:29:30,21.49,-0.02,26,55873,买盘
1846,10:29:24,21.51,0.06,1,2151,买盘
1847,10:29:20,21.45,--,273,585585,卖盘
1848,10:29:15,21.45,-0.03,87,186615,卖盘
1849,10:29:09,21.48,0.01,4,8592,买盘
1850,10:29:05,21.47,-0.03,8,17176,中性盘
1851,10:29:00,21.5,0.05,510,1096500,买盘
1852,10:28:54,21.45,-0.05,28,60060,卖盘
1853,10:28:50,21.5,--,10,21500,买盘
1854,10:28:45,21.5,--,46,98900,卖盘
1855,10:28:39,21.5,-0.01,231,496650,卖盘
1856,10:28:35,21.51,--,26,55926,买盘
1857,10:28:30,21.51,0.01,15,32265,中性盘
1858,10:28:24,21.5,--,17,36550,卖盘
1859,10:28:20,21.5,--,259,556850,买盘
1860,10:28:15,21.5,--,55,118250,买盘
1861,10:28:09,21.5,--,7,15050,买盘
1862,10:28:05,21.5,-0.01,163,350450,卖盘
1863,10:28:00,21.51,0.01,150,322650,买盘
1864,10:27:54,21.5,0.01,1,2150,买盘
1865,10:27:50,21.49,--,75,161175,卖盘
1866,10:27:45,21.49,-0.02,227,487822,卖盘
1867,10:27:39,21.51,--,111,238761,买盘
1868,10:27:35,21.51,0.02,2,4302,买盘
1869,10:27:30,21.49,--,30,64469,卖盘
1870,10:27:24,21.49,-0.01,27,58022,卖盘
1871,10:27:20,21.5,-0.03,47,101050,卖盘
1872,10:27:15,21.53,0.01,152,327256,买盘
1873,10:27:09,21.52,0.01,65,139880,买盘
1874,10:27:05,21.51,0.06,55,118305,买盘
1875,10:27:00,21.45,-0.02,336,720720,卖盘
1876,10:26:54,21.47,-0.03,9,19323,中性盘
1877,10:26:50,21.5,0.03,503,1081450,买盘
1878,10:26:45,21.47,0.01,10,21470,买盘
1879,10:26:39,21.46,0.01,23,49358,买盘
1880,10:26:35,21.45,--,3,6435,卖盘
1881,10:26:30,21.45,0.04,464,995280,买盘
1882,10:26:24,21.41,0.01,24,51384,买盘
1883,10:26:20,21.4,0.01,269,575660,买盘
1884,10:26:15,21.39,0.01,222,474858,买盘
1885,10:26:09,21.38,0.03,319,682022,买盘
1886,10:26:05,21.35,-0.01,2,4270,买盘
1887,10:26:00,21.36,0.02,104,222144,买盘
1888,10:25:54,21.34,0.01,8,19184,买盘
1889,10:25:50,21.33,0.03,9,19197,中性盘
1890,10:25:45,21.3,--,353,751890,卖盘
1891,10:25:33,21.3,--,1,2130,卖盘
1892,10:25:30,21.3,-0.04,110,234300,卖盘
1893,10:25:24,21.34,0.02,6,12804,买盘
1894,10:25:18,21.32,--,9,19188,买盘
1895,10:25:14,21.32,-0.01,41,87412,卖盘
1896,10:25:09,21.33,--,20,42660,买盘
1897,10:25:03,21.33,--,30,63989,买盘
1898,10:24:59,21.33,--,162,345546,买盘
1899,10:24:54,21.33,0.01,238,507653,买盘
1900,10:24:48,21.32,-0.01,119,253708,卖盘
1901,10:24:44,21.33,0.03,42,89586,买盘
1902,10:24:39,21.3,--,30,63900,卖盘
1903,10:24:33,21.3,-0.05,11,23430,卖盘
1904,10:24:29,21.35,-0.01,20,42700,中性盘
1905,10:24:24,21.36,--,69,147384,买盘
1906,10:24:18,21.36,0.05,7,14952,买盘
1907,10:24:14,21.31,-0.07,82,174742,卖盘
1908,10:24:09,21.38,--,3,6414,买盘
1909,10:23:59,21.38,--,11,23518,买盘
1910,10:23:54,21.38,-0.01,38,81244,卖盘
1911,10:23:48,21.39,0.01,23,49197,买盘
1912,10:23:44,21.38,--,29,62002,买盘
1913,10:23:39,21.38,-0.01,272,581536,卖盘
1914,10:23:33,21.39,--,3,6417,买盘
1915,10:23:29,21.39,0.01,41,87699,买盘
1916,10:23:24,21.38,--,10,21380,卖盘
1917,10:23:18,21.38,--,28,59864,卖盘
1918,10:23:14,21.38,-0.01,14,29932,卖盘
1919,10:23:09,21.39,0.03,53,113367,买盘
1920,10:23:03,21.36,0.01,71,151656,买盘
1921,10:22:59,21.35,--,10,21350,卖盘
1922,10:22:54,21.35,0.04,85,181475,卖盘
1923,10:22:48,21.31,-0.04,11,23441,卖盘
1924,10:22:44,21.35,0.05,57,121695,买盘
1925,10:22:39,21.3,--,41,87330,卖盘
1926,10:22:29,21.3,--,158,337647,买盘
1927,10:22:24,21.3,0.07,370,788100,买盘
1928,10:22:18,21.23,--,13,27599,卖盘
1929,10:22:14,21.23,0.07,887,1883101,买盘
1930,10:22:09,21.16,--,578,1223048,卖盘
1931,10:22:03,21.16,--,4,8464,卖盘
1932,10:21:59,21.16,--,122,258152,卖盘
1933,10:21:54,21.16,--,22,48329,买盘
1934,10:21:48,21.16,--,6,12696,买盘
1935,10:21:44,21.16,--,20,42320,买盘
1936,10:21:39,21.16,--,24,50784,买盘
1937,10:21:33,21.16,0.01,1,2116,买盘
1938,10:21:29,21.15,0.03,23,48645,中性盘
1939,10:21:24,21.12,-0.03,31,65472,卖盘
1940,10:21:18,21.15,--,10,21150,买盘
1941,10:21:14,21.15,0.03,56,118439,买盘
1942,10:21:09,21.12,--,112,236544,卖盘
1943,10:21:03,21.12,--,1,2112,卖盘
1944,10:20:59,21.12,0.02,41,86592,买盘
1945,10:20:54,21.1,--,13,27430,卖盘
1946,10:20:48,21.1,--,7,14770,卖盘
1947,10:20:39,21.1,--,109,229990,买盘
1948,10:20:33,21.1,0.01,15,31650,买盘
1949,10:20:29,21.09,--,27,56943,卖盘
1950,10:20:24,21.09,-0.01,601,1267509,卖盘
1951,10:20:18,21.1,--,79,167027,卖盘
1952,10:20:14,21.1,--,11,23210,卖盘
1953,10:20:09,21.1,--,12,25320,卖盘
1954,10:20:03,21.1,--,14,31312,卖盘
1955,10:19:59,21.1,-0.02,30,63300,卖盘
1956,10:19:54,21.12,0.02,17,35904,买盘
1957,10:19:48,21.1,-0.02,2,4220,卖盘
1958,10:19:44,21.12,--,6,12672,买盘
1959,10:19:39,21.12,--,4,8448,买盘
1960,10:19:33,21.12,-0.03,12,25344,卖盘
1961,10:19:29,21.15,0.03,51,107865,买盘
1962,10:19:24,21.12,-0.03,7,14784,卖盘
1963,10:19:18,21.15,--,12,25380,买盘
1964,10:19:14,21.15,--,0,0,中性盘
1965,10:19:09,21.15,--,13,27494,卖盘
1966,10:19:03,21.15,-0.05,20,42300,卖盘
1967,10:18:59,21.2,--,307,650840,买盘
1968,10:18:54,21.2,0.02,15,31800,买盘
1969,10:18:48,21.18,-0.02,113,239334,卖盘
1970,10:18:44,21.2,--,4,8480,买盘
1971,10:18:39,21.2,--,4,8480,买盘
1972,10:18:33,21.2,-0.01,225,477000,卖盘
1973,10:18:29,21.21,--,21,44541,买盘
1974,10:18:24,21.21,-0.01,21,44541,买盘
1975,10:18:18,21.22,--,319,676918,买盘
1976,10:18:14,21.22,0.01,20,42440,买盘
1977,10:18:09,21.21,-0.01,368,780528,卖盘
1978,10:18:03,21.22,-0.02,78,165516,卖盘
1979,10:17:59,21.24,0.01,72,152928,买盘
1980,10:17:54,21.23,0.01,127,269621,买盘
1981,10:17:48,21.22,-0.01,51,108222,卖盘
1982,10:17:44,21.23,0.01,66,140118,买盘
1983,10:17:38,21.22,--,1,2122,买盘
1984,10:17:33,21.22,-0.01,4,8488,买盘
1985,10:17:28,21.23,0.01,73,154979,买盘
1986,10:17:24,21.22,-0.03,18,38196,卖盘
1987,10:17:18,21.25,0.01,66,140250,买盘
1988,10:17:12,21.24,--,0,0,买盘
1989,10:17:08,21.24,0.01,70,148680,买盘
1990,10:17:03,21.23,--,12,25476,卖盘
1991,10:16:57,21.23,0.01,48,101904,买盘
1992,10:16:53,21.22,0.02,6,12732,买盘
1993,10:16:48,21.2,--,103,218360,卖盘
1994,10:16:38,21.2,-0.01,104,220480,卖盘
1995,10:16:33,21.21,0.01,39,82719,买盘
1996,10:16:23,21.2,--,58,122960,买盘
1997,10:16:18,21.2,0.01,213,451560,买盘
1998,10:16:12,21.19,-0.01,9,19071,卖盘
1999,10:16:08,21.2,0.04,9,19080,买盘
2000,10:16:03,21.16,0.01,30,63480,买盘
2001,10:15:57,21.15,--,8,16920,卖盘
2002,10:15:53,21.15,--,141,298215,买盘
2003,10:15:48,21.15,--,8,16920,买盘
2004,10:15:38,21.15,0.03,29,61334,买盘
2005,10:15:33,21.12,0.02,14,29568,买盘
2006,10:15:27,21.1,0.01,8,16880,买盘
2007,10:15:23,21.09,--,122,257298,买盘
2008,10:15:18,21.09,0.01,6,12654,买盘
2009,10:15:12,21.08,--,66,139128,买盘
2010,10:15:08,21.08,0.02,1,2108,买盘
2011,10:15:03,21.06,-0.02,2,4212,卖盘
2012,10:14:57,21.08,0.02,2,4216,买盘
2013,10:14:53,21.06,--,41,87399,买盘
2014,10:14:48,21.06,--,68,143208,买盘
2015,10:14:42,21.06,0.01,25,52650,买盘
2016,10:14:38,21.05,0.03,61,128405,买盘
2017,10:14:33,21.02,-0.01,26,54652,卖盘
2018,10:14:27,21.03,--,11,23133,买盘
2019,10:14:23,21.03,--,85,178755,买盘
2020,10:14:18,21.03,0.02,40,84120,买盘
2021,10:14:12,21.01,--,35,73535,卖盘
2022,10:14:08,21.01,-0.01,94,197494,卖盘
2023,10:14:03,21.02,0.02,264,556588,买盘
2024,10:13:57,21.0,-0.01,15,31500,卖盘
2025,10:13:53,21.01,0.01,135,283635,买盘
2026,10:13:48,21.0,--,38,79800,卖盘
2027,10:13:42,21.0,--,57,119700,卖盘
2028,10:13:38,21.0,-0.01,28,60291,卖盘
2029,10:13:33,21.01,--,175,367675,卖盘
2030,10:13:27,21.01,-0.01,13,27313,卖盘
2031,10:13:23,21.02,--,90,189180,买盘
2032,10:13:18,21.02,--,94,197588,买盘
2033,10:13:12,21.02,--,57,119814,买盘
2034,10:13:08,21.02,-0.01,34,71468,中性盘
2035,10:13:03,21.03,--,29,60987,买盘
2036,10:12:57,21.03,0.01,54,113562,中性盘
2037,10:12:53,21.02,--,20,42040,卖盘
2038,10:12:48,21.02,-0.02,31,65162,卖盘
2039,10:12:42,21.04,--,19,39976,买盘
2040,10:12:38,21.04,-0.02,11,23144,卖盘
2041,10:12:33,21.06,0.01,83,174798,买盘
2042,10:12:27,21.05,--,8,16840,买盘
2043,10:12:23,21.05,-0.01,178,374690,卖盘
2044,10:12:18,21.06,--,38,80028,卖盘
2045,10:12:12,21.06,-0.02,8,16848,卖盘
2046,10:12:08,21.08,0.01,12,25295,买盘
2047,10:12:03,21.07,-0.02,27,56889,中性盘
2048,10:11:57,21.09,--,14,29526,买盘
2049,10:11:53,21.09,0.01,593,1250637,买盘
2050,10:11:48,21.08,--,166,349928,卖盘
2051,10:11:42,21.08,--,19,40052,卖盘
2052,10:11:38,21.08,-0.01,54,113831,卖盘
2053,10:11:33,21.09,-0.01,62,130758,卖盘
2054,10:11:27,21.1,0.01,37,78070,买盘
2055,10:11:23,21.09,-0.01,206,434454,卖盘
2056,10:11:18,21.1,--,21,44310,买盘
2057,10:11:12,21.1,-0.05,34,71740,中性盘
2058,10:11:08,21.15,0.03,520,1101470,买盘
2059,10:11:03,21.12,-0.03,242,511104,卖盘
2060,10:10:57,21.15,-0.01,111,234764,卖盘
2061,10:10:53,21.16,--,69,147062,卖盘
2062,10:10:48,21.16,-0.03,10,21160,卖盘
2063,10:10:42,21.19,0.03,9,19071,中性盘
2064,10:10:38,21.16,-0.04,20,42320,卖盘
2065,10:10:33,21.2,-0.01,37,78440,卖盘
2066,10:10:27,21.21,0.01,83,176043,买盘
2067,10:10:23,21.2,0.02,93,197160,买盘
2068,10:10:18,21.18,-0.02,35,74130,卖盘
2069,10:10:12,21.2,--,42,89040,买盘
2070,10:10:07,21.2,--,43,91160,买盘
2071,10:10:03,21.2,-0.01,27,57240,卖盘
2072,10:09:57,21.21,--,49,103929,买盘
2073,10:09:53,21.21,--,8,16968,买盘
2074,10:09:47,21.21,--,44,93324,买盘
2075,10:09:42,21.21,0.05,63,133623,买盘
2076,10:09:37,21.16,--,8,16928,卖盘
2077,10:09:32,21.16,-0.04,90,190440,卖盘
2078,10:09:27,21.2,0.05,445,944460,买盘
2079,10:09:17,21.15,--,29,61334,买盘
2080,10:09:12,21.15,0.02,19,40185,买盘
2081,10:09:06,21.13,0.02,12,25356,买盘
2082,10:09:02,21.11,-0.02,17,35887,中性盘
2083,10:08:57,21.13,0.04,320,676160,买盘
2084,10:08:47,21.09,--,107,225663,买盘
2085,10:08:42,21.09,0.01,43,90687,买盘
2086,10:08:36,21.08,--,9,18972,卖盘
2087,10:08:32,21.08,0.03,43,90643,买盘
2088,10:08:27,21.05,-0.02,227,477835,卖盘
2089,10:08:21,21.07,--,97,205432,买盘
2090,10:08:17,21.07,0.01,113,238091,买盘
2091,10:08:12,21.06,0.01,8,16848,中性盘
2092,10:08:06,21.05,-0.02,48,101040,卖盘
2093,10:08:02,21.07,0.01,29,61103,买盘
2094,10:07:57,21.06,-0.01,338,711828,卖盘
2095,10:07:51,21.07,0.01,4,8428,买盘
2096,10:07:47,21.06,0.01,244,513863,买盘
2097,10:07:42,21.05,--,109,229445,买盘
2098,10:07:36,21.05,-0.03,325,685177,卖盘
2099,10:07:32,21.08,--,90,189719,买盘
2100,10:07:27,21.08,0.01,138,290904,买盘
2101,10:07:21,21.07,--,26,54782,买盘
2102,10:07:17,21.07,0.01,56,117992,中性盘
2103,10:07:12,21.06,-0.02,194,408564,卖盘
2104,10:07:06,21.08,--,12,25295,买盘
2105,10:07:02,21.08,--,24,50591,买盘
2106,10:06:57,21.08,--,218,459543,买盘
2107,10:06:51,21.08,-0.02,125,263500,卖盘
2108,10:06:47,21.1,0.01,19,40090,买盘
2109,10:06:42,21.09,0.01,51,107559,中性盘
2110,10:06:36,21.08,-0.02,10,21080,卖盘
2111,10:06:32,21.1,0.01,76,160360,买盘
2112,10:06:27,21.09,-0.02,125,263625,卖盘
2113,10:06:21,21.11,--,77,162547,买盘
2114,10:06:17,21.11,-0.01,41,86551,中性盘
2115,10:06:12,21.12,--,113,238656,买盘
2116,10:06:06,21.12,-0.01,14,29568,卖盘
2117,10:06:02,21.13,--,41,86633,卖盘
2118,10:05:57,21.13,-0.03,22,46486,卖盘
2119,10:05:51,21.16,--,15,31740,买盘
2120,10:05:47,21.16,--,77,162932,卖盘
2121,10:05:42,21.16,--,61,129076,卖盘
2122,10:05:36,21.16,-0.01,1,2116,卖盘
2123,10:05:32,21.17,--,17,35989,卖盘
2124,10:05:27,21.17,-0.01,211,446687,卖盘
2125,10:05:21,21.18,-0.01,3,6354,买盘
2126,10:05:17,21.19,0.02,9,19071,买盘
2127,10:05:12,21.17,-0.02,43,91031,卖盘
2128,10:05:06,21.19,-0.01,1,2119,卖盘
2129,10:05:02,21.2,--,63,133560,买盘
2130,10:04:57,21.2,-0.03,134,284080,卖盘
2131,10:04:51,21.23,0.02,42,89166,买盘
2132,10:04:47,21.21,--,22,46662,卖盘
2133,10:04:42,21.21,-0.02,57,120897,卖盘
2134,10:04:36,21.23,-0.01,109,231407,卖盘
2135,10:04:32,21.24,-0.01,41,87084,中性盘
2136,10:04:27,21.25,--,20,42500,买盘
2137,10:04:21,21.25,--,52,110500,卖盘
2138,10:04:17,21.25,--,158,335750,卖盘
2139,10:04:11,21.25,-0.01,33,70125,卖盘
2140,10:04:06,21.26,--,40,85040,买盘
2141,10:04:02,21.26,--,89,189214,买盘
2142,10:03:56,21.26,--,495,1052370,卖盘
2143,10:03:51,21.26,-0.02,52,110552,卖盘
2144,10:03:47,21.28,-0.02,72,153216,中性盘
2145,10:03:41,21.3,0.01,144,306720,买盘
2146,10:03:36,21.29,0.02,19,40451,中性盘
2147,10:03:32,21.27,-0.02,77,163779,卖盘
2148,10:03:26,21.29,--,33,70257,买盘
2149,10:03:21,21.29,--,16,34064,买盘
2150,10:03:17,21.29,-0.05,65,138385,卖盘
2151,10:03:11,21.34,--,30,64020,买盘
2152,10:03:06,21.34,-0.01,41,87494,卖盘
2153,10:03:01,21.35,-0.06,53,113155,中性盘
2154,10:02:56,21.41,0.06,3,6423,买盘
2155,10:02:51,21.35,-0.01,30,64050,卖盘
2156,10:02:41,21.36,-0.05,55,117480,卖盘
2157,10:02:36,21.41,0.01,7,14987,买盘
2158,10:02:31,21.4,--,13,27819,买盘
2159,10:02:26,21.4,-0.01,64,136960,卖盘
2160,10:02:21,21.41,-0.05,53,113473,卖盘
2161,10:02:16,21.46,--,7,15022,买盘
2162,10:02:11,21.46,0.04,36,77256,买盘
2163,10:02:06,21.42,-0.04,23,49266,卖盘
2164,10:01:56,21.46,-0.02,32,68672,卖盘
2165,10:01:51,21.48,-0.01,41,88068,中性盘
2166,10:01:46,21.49,0.07,80,171920,买盘
2167,10:01:41,21.42,-0.03,152,325584,中性盘
2168,10:01:36,21.45,-0.01,308,660660,卖盘
2169,10:01:31,21.46,-0.03,16,34336,卖盘
2170,10:01:26,21.49,0.01,52,111747,卖盘
2171,10:01:21,21.48,0.01,10,21480,卖盘
2172,10:01:15,21.47,0.01,61,130967,买盘
2173,10:01:11,21.46,--,32,68672,卖盘
2174,10:01:06,21.46,-0.01,34,72964,卖盘
2175,10:01:00,21.47,0.07,41,88027,买盘
2176,10:00:56,21.4,-0.06,110,235399,卖盘
2177,10:00:51,21.46,0.04,42,90132,买盘
2178,10:00:45,21.42,--,17,36414,卖盘
2179,10:00:41,21.42,-0.02,50,107100,卖盘
2180,10:00:36,21.44,0.02,58,124352,买盘
2181,10:00:30,21.42,--,31,66402,买盘
2182,10:00:26,21.42,-0.02,15,32130,卖盘
2183,10:00:21,21.44,-0.01,33,70752,卖盘
2184,10:00:15,21.45,0.03,21,45045,买盘
2185,10:00:11,21.42,-0.03,94,201348,卖盘
2186,10:00:06,21.45,-0.01,147,315315,卖盘
2187,10:00:00,21.46,0.01,29,62234,卖盘
2188,09:59:56,21.45,-0.04,61,130845,卖盘
2189,09:59:51,21.49,0.03,11,23639,买盘
2190,09:59:45,21.46,-0.04,6,12876,中性盘
2191,09:59:41,21.5,0.04,73,156950,买盘
2192,09:59:36,21.46,--,55,118030,卖盘
2193,09:59:30,21.46,-0.04,70,150220,卖盘
2194,09:59:26,21.5,0.01,18,38700,买盘
2195,09:59:21,21.49,-0.02,33,70917,中性盘
2196,09:59:15,21.51,0.05,39,83889,买盘
2197,09:59:11,21.46,-0.04,75,160950,卖盘
2198,09:59:06,21.5,0.04,8,17200,中性盘
2199,09:59:00,21.46,-0.05,54,115884,卖盘
2200,09:58:56,21.51,-0.04,99,212949,卖盘
2201,09:58:51,21.55,0.04,87,187485,买盘
2202,09:58:45,21.51,--,39,83889,卖盘
2203,09:58:41,21.51,--,20,43020,卖盘
2204,09:58:36,21.51,-0.04,244,524844,卖盘
2205,09:58:30,21.55,-0.02,22,47410,卖盘
2206,09:58:26,21.57,--,21,45297,买盘
2207,09:58:21,21.57,0.02,15,32355,中性盘
2208,09:58:15,21.55,--,8,17240,卖盘
2209,09:58:11,21.55,-0.04,25,53875,卖盘
2210,09:58:06,21.59,-0.01,200,431800,卖盘
2211,09:58:00,21.6,--,437,943920,卖盘
2212,09:57:56,21.6,-0.02,185,399600,卖盘
2213,09:57:51,21.62,--,44,95128,买盘
2214,09:57:45,21.62,0.02,4,8648,买盘
2215,09:57:41,21.6,-0.02,453,978480,卖盘
2216,09:57:36,21.62,-0.06,200,432400,卖盘
2217,09:57:30,21.68,0.06,95,205960,买盘
2218,09:57:26,21.62,-0.06,65,140530,卖盘
2219,09:57:21,21.68,--,36,78048,买盘
2220,09:57:15,21.68,--,1,2168,买盘
2221,09:57:11,21.68,0.03,414,897552,买盘
2222,09:57:05,21.65,-0.03,369,799967,卖盘
2223,09:57:00,21.68,--,18,39024,卖盘
2224,09:56:56,21.68,--,13,28184,卖盘
2225,09:56:50,21.68,0.01,200,434684,买盘
2226,09:56:45,21.67,--,19,41173,中性盘
2227,09:56:41,21.67,0.01,154,333718,买盘
2228,09:56:35,21.66,0.06,198,428868,买盘
2229,09:56:30,21.6,-0.07,651,1406160,卖盘
2230,09:56:26,21.67,0.07,68,147356,买盘
2231,09:56:20,21.6,-0.06,110,237600,卖盘
2232,09:56:15,21.66,0.06,27,58482,买盘
2233,09:56:10,21.6,--,35,75600,卖盘
2234,09:56:05,21.6,0.01,103,222480,中性盘
2235,09:56:00,21.59,-0.01,114,246126,卖盘
2236,09:55:56,21.6,--,284,613440,买盘
2237,09:55:50,21.6,--,232,501120,买盘
2238,09:55:45,21.6,0.01,24,51840,买盘
2239,09:55:40,21.59,-0.01,53,114427,中性盘
2240,09:55:35,21.6,-0.1,89,192240,卖盘
2241,09:55:30,21.7,0.1,623,1351910,买盘
2242,09:55:25,21.6,--,52,112320,买盘
2243,09:55:20,21.6,-0.1,329,711417,卖盘
2244,09:55:15,21.7,0.01,14,30380,买盘
2245,09:55:11,21.69,0.19,4155,9013583,买盘
2246,09:55:05,21.5,-0.19,489,1052124,卖盘
2247,09:55:00,21.69,-0.01,839,1819791,卖盘
2248,09:54:55,21.7,0.1,303,657510,买盘
2249,09:54:50,21.6,-0.1,505,1090800,卖盘
2250,09:54:45,21.7,--,743,1612310,卖盘
2251,09:54:40,21.7,-0.05,10,21700,卖盘
2252,09:54:35,21.75,0.09,668,1452900,买盘
2253,09:54:30,21.66,--,561,1216512,买盘
2254,09:54:25,21.66,--,3,6498,买盘
2255,09:54:20,21.66,0.03,673,1457718,买盘
2256,09:54:15,21.63,0.04,140,302820,买盘
2257,09:54:10,21.59,-0.01,123,265557,中性盘
2258,09:54:05,21.6,--,344,743040,买盘
2259,09:54:00,21.6,0.1,87,187920,买盘
2260,09:53:55,21.5,--,111,238650,卖盘
2261,09:53:50,21.5,--,593,1274950,卖盘
2262,09:53:45,21.5,0.05,1602,3444300,买盘
2263,09:53:40,21.45,0.01,49,105105,买盘
2264,09:53:35,21.44,-0.01,141,302304,卖盘
2265,09:53:30,21.45,0.01,455,975975,买盘
2266,09:53:25,21.44,--,36,77184,买盘
2267,09:53:20,21.44,0.02,649,1391456,买盘
2268,09:53:15,21.42,0.01,181,387702,卖盘
2269,09:53:10,21.41,-0.01,80,171280,卖盘
2270,09:53:05,21.42,0.02,41,87822,买盘
2271,09:53:00,21.4,-0.01,199,427978,卖盘
2272,09:52:50,21.41,0.01,459,983147,买盘
2273,09:52:45,21.4,0.02,125,267500,买盘
2274,09:52:39,21.38,0.07,45,96210,中性盘
2275,09:52:35,21.31,-0.08,152,323912,卖盘
2276,09:52:30,21.39,0.1,243,519777,买盘
2277,09:52:24,21.29,-0.07,28,59612,卖盘
2278,09:52:20,21.36,0.06,105,224280,买盘
2279,09:52:15,21.3,-0.05,989,2106570,卖盘
2280,09:52:09,21.35,-0.02,1097,2342095,卖盘
2281,09:52:05,21.37,0.02,28,59836,买盘
2282,09:52:00,21.35,0.05,251,535885,买盘
2283,09:51:54,21.3,--,12,25560,卖盘
2284,09:51:50,21.3,-0.01,95,202350,卖盘
2285,09:51:45,21.31,0.01,157,334567,买盘
2286,09:51:39,21.3,--,35,74550,买盘
2287,09:51:35,21.3,--,148,315240,买盘
2288,09:51:30,21.3,0.02,123,261990,买盘
2289,09:51:24,21.28,-0.02,48,102144,卖盘
2290,09:51:20,21.3,0.01,802,1708260,买盘
2291,09:51:15,21.29,-0.01,40,85160,中性盘
2292,09:51:09,21.3,0.02,82,174660,买盘
2293,09:51:05,21.28,--,287,612651,买盘
2294,09:51:00,21.28,0.02,180,383040,买盘
2295,09:50:54,21.26,--,1,2126,卖盘
2296,09:50:50,21.26,--,138,293388,卖盘
2297,09:50:45,21.26,0.02,374,795124,买盘
2298,09:50:39,21.24,--,172,365328,卖盘
2299,09:50:35,21.24,--,228,485461,卖盘
2300,09:50:30,21.24,0.04,335,712304,买盘
2301,09:50:24,21.2,--,95,201400,卖盘
2302,09:50:20,21.2,0.05,1149,2435901,买盘
2303,09:50:14,21.15,-0.01,298,630270,卖盘
2304,09:50:09,21.16,0.01,38,80408,中性盘
2305,09:50:05,21.15,-0.01,294,621810,卖盘
2306,09:49:59,21.16,0.01,156,330096,买盘
2307,09:49:54,21.15,--,18,38070,卖盘
2308,09:49:50,21.15,--,38,80370,卖盘
2309,09:49:44,21.15,--,117,247476,买盘
2310,09:49:39,21.15,--,15,31724,买盘
2311,09:49:35,21.15,--,41,86715,买盘
2312,09:49:29,21.15,--,193,410288,卖盘
2313,09:49:24,21.15,-0.01,17,35955,卖盘
2314,09:49:20,21.16,0.01,74,156584,中性盘
2315,09:49:14,21.15,-0.02,109,230556,卖盘
2316,09:49:09,21.17,--,21,44457,买盘
2317,09:49:05,21.17,0.02,233,493261,买盘
2318,09:48:59,21.15,--,72,152280,买盘
2319,09:48:54,21.15,-0.03,40,84600,卖盘
2320,09:48:50,21.18,0.01,179,379122,买盘
2321,09:48:44,21.17,--,146,309082,卖盘
2322,09:48:39,21.17,0.02,115,243455,中性盘
2323,09:48:35,21.15,-0.02,282,596430,卖盘
2324,09:48:29,21.17,-0.01,18,38106,中性盘
2325,09:48:24,21.18,0.04,34,72012,买盘
2326,09:48:19,21.14,-0.01,581,1228234,卖盘
2327,09:48:14,21.15,-0.03,306,647190,中性盘
2328,09:48:09,21.18,--,49,103782,买盘
2329,09:48:04,21.18,0.03,92,194856,买盘
2330,09:47:59,21.15,-0.04,456,964439,卖盘
2331,09:47:54,21.19,0.01,131,277589,买盘
2332,09:47:49,21.18,--,58,122844,卖盘
2333,09:47:44,21.18,-0.01,52,110136,卖盘
2334,09:47:39,21.19,--,169,358111,卖盘
2335,09:47:34,21.19,-0.03,214,453466,卖盘
2336,09:47:29,21.22,0.03,312,662064,买盘
2337,09:47:24,21.19,0.01,133,281827,买盘
2338,09:47:19,21.18,0.04,842,1784182,买盘
2339,09:47:14,21.14,-0.05,357,754698,卖盘
2340,09:47:09,21.19,-0.01,275,582725,卖盘
2341,09:47:04,21.2,--,258,546960,买盘
2342,09:46:59,21.2,0.01,611,1295320,买盘
2343,09:46:54,21.19,--,414,877266,买盘
2344,09:46:49,21.19,0.06,259,548821,买盘
2345,09:46:44,21.13,0.01,209,441617,中性盘
2346,09:46:39,21.12,-0.03,192,405504,卖盘
2347,09:46:34,21.15,0.01,33,69795,买盘
2348,09:46:29,21.14,0.01,37,78218,买盘
2349,09:46:24,21.13,0.03,130,274690,买盘
2350,09:46:19,21.1,0.05,53,111830,买盘
2351,09:46:14,21.05,-0.03,81,170505,卖盘
2352,09:46:09,21.08,--,112,236095,买盘
2353,09:46:04,21.08,0.03,37,77996,买盘
2354,09:45:59,21.05,--,213,448596,买盘
2355,09:45:54,21.05,--,175,368375,买盘
2356,09:45:49,21.05,--,58,122090,买盘
2357,09:45:44,21.05,--,39,82095,买盘
2358,09:45:39,21.05,0.02,78,164190,买盘
2359,09:45:34,21.03,--,81,170343,卖盘
2360,09:45:29,21.03,0.03,125,263926,买盘
2361,09:45:24,21.0,-0.02,848,1780800,卖盘
2362,09:45:19,21.02,0.01,84,176568,买盘
2363,09:45:14,21.01,-0.02,161,338261,卖盘
2364,09:45:09,21.03,0.01,176,370128,买盘
2365,09:45:03,21.02,0.01,63,132426,买盘
2366,09:44:59,21.01,0.01,61,128161,中性盘
2367,09:44:54,21.0,-0.03,32,67200,卖盘
2368,09:44:48,21.03,0.03,24,50472,买盘
2369,09:44:44,21.0,0.01,29,60900,中性盘
2370,09:44:39,20.99,0.01,34,71366,买盘
2371,09:44:33,20.98,--,79,165742,卖盘
2372,09:44:29,20.98,-0.02,229,480442,卖盘
2373,09:44:24,21.0,0.02,51,107100,买盘
2374,09:44:18,20.98,--,12,25176,买盘
2375,09:44:14,20.98,--,59,123782,买盘
2376,09:44:09,20.98,0.01,139,291622,买盘
2377,09:44:03,20.97,--,19,39843,买盘
2378,09:43:59,20.97,--,84,176148,买盘
2379,09:43:53,20.97,0.01,235,492795,买盘
2380,09:43:48,20.96,--,0,0,中性盘
2381,09:43:44,20.96,--,85,178160,买盘
2382,09:43:39,20.96,-0.02,38,79648,中性盘
2383,09:43:33,20.98,0.03,244,511912,买盘
2384,09:43:29,20.95,-0.02,188,393860,卖盘
2385,09:43:23,20.97,--,524,1098828,买盘
2386,09:43:18,20.97,-0.01,119,249543,卖盘
2387,09:43:14,20.98,--,195,409110,买盘
2388,09:43:08,20.98,-0.01,249,522402,卖盘
2389,09:43:03,20.99,-0.01,75,157425,中性盘
2390,09:42:58,21.0,--,168,352800,买盘
2391,09:42:53,21.0,0.01,150,315000,买盘
2392,09:42:48,20.99,-0.01,154,323246,卖盘
2393,09:42:44,21.0,--,53,111300,买盘
2394,09:42:38,21.0,--,352,739200,卖盘
2395,09:42:33,21.0,--,93,195300,卖盘
2396,09:42:29,21.0,0.02,388,814800,买盘
2397,09:42:23,20.98,-0.02,78,163644,卖盘
2398,09:42:18,21.0,--,105,220500,买盘
2399,09:42:14,21.0,0.02,159,333900,买盘
2400,09:42:08,20.98,-0.02,233,488834,卖盘
2401,09:42:03,21.0,-0.03,249,522900,卖盘
2402,09:41:59,21.03,0.07,210,442912,买盘
2403,09:41:53,20.96,-0.02,373,781808,卖盘
2404,09:41:48,20.98,-0.02,59,123782,卖盘
2405,09:41:43,21.0,--,327,688338,卖盘
2406,09:41:38,21.0,--,574,1205862,买盘
2407,09:41:33,21.0,-0.03,268,562800,卖盘
2408,09:41:28,21.03,--,275,578325,买盘
2409,09:41:23,21.03,0.04,693,1457379,买盘
2410,09:41:18,20.99,-0.09,36,75564,卖盘
2411,09:41:13,21.08,-0.02,273,575484,中性盘
2412,09:41:08,21.1,0.07,416,877760,买盘
2413,09:41:03,21.03,0.02,129,271287,卖盘
2414,09:40:58,21.01,-0.04,260,546260,中性盘
2415,09:40:53,21.05,-0.03,171,359955,卖盘
2416,09:40:48,21.08,--,5,10540,买盘
2417,09:40:43,21.08,-0.02,174,366791,卖盘
2418,09:40:38,21.1,-0.05,143,301730,卖盘
2419,09:40:33,21.15,-0.03,55,116324,买盘
2420,09:40:28,21.18,0.08,95,201210,买盘
2421,09:40:23,21.1,-0.09,544,1147840,卖盘
2422,09:40:18,21.19,0.09,100,211900,买盘
2423,09:40:13,21.1,-0.08,309,651990,卖盘
2424,09:40:08,21.18,0.03,245,518910,买盘
2425,09:40:03,21.15,-0.04,264,558360,卖盘
2426,09:39:58,21.19,0.01,86,182234,买盘
2427,09:39:53,21.18,-0.02,392,830256,中性盘
2428,09:39:48,21.2,0.04,97,205640,买盘
2429,09:39:43,21.16,-0.03,801,1694916,卖盘
2430,09:39:38,21.19,-0.04,608,1290174,卖盘
2431,09:39:33,21.23,0.03,391,830093,卖盘
2432,09:39:28,21.2,-0.05,862,1827440,卖盘
2433,09:39:23,21.25,-0.04,567,1206957,卖盘
2434,09:39:18,21.29,0.06,113,240619,卖盘
2435,09:39:13,21.23,-0.06,1447,3071981,卖盘
2436,09:39:08,21.29,0.01,139,296910,中性盘
2437,09:39:03,21.28,--,203,432792,卖盘
2438,09:38:58,21.28,0.03,85,181858,买盘
2439,09:38:53,21.25,--,159,338682,买盘
2440,09:38:48,21.25,0.04,214,455727,买盘
2441,09:38:43,21.21,-0.01,122,259737,卖盘
2442,09:38:38,21.22,0.02,691,1466302,买盘
2443,09:38:33,21.2,0.01,784,1662080,买盘
2444,09:38:28,21.19,--,247,523393,买盘
2445,09:38:23,21.19,--,257,544583,买盘
2446,09:38:18,21.19,0.03,248,525512,买盘
2447,09:38:13,21.16,--,127,268732,买盘
2448,09:38:08,21.16,0.03,374,791384,买盘
2449,09:38:03,21.13,0.02,372,786036,买盘
2450,09:37:58,21.11,0.01,14,29554,中性盘
2451,09:37:53,21.1,--,47,99170,卖盘
2452,09:37:48,21.1,0.09,380,801800,买盘
2453,09:37:43,21.01,0.01,414,871767,买盘
2454,09:37:38,21.0,0.01,1301,2732100,买盘
2455,09:37:33,20.99,--,290,608710,买盘
2456,09:37:27,20.99,--,119,249780,买盘
2457,09:37:23,20.99,0.09,404,847995,买盘
2458,09:37:18,20.9,-0.08,70,146300,卖盘
2459,09:37:12,20.98,0.01,67,140566,买盘
2460,09:37:07,20.97,0.1,736,1543392,买盘
2461,09:37:03,20.87,0.02,337,703319,买盘
2462,09:36:57,20.85,-0.01,43,89655,卖盘
2463,09:36:52,20.86,0.03,408,851275,买盘
2464,09:36:48,20.83,--,159,333259,卖盘
2465,09:36:42,20.83,0.01,188,391603,买盘
2466,09:36:37,20.82,0.04,158,328956,买盘
2467,09:36:32,20.78,-0.02,680,1413040,中性盘
2468,09:36:27,20.8,-0.01,373,775860,卖盘
2469,09:36:22,20.81,0.01,419,873999,买盘
2470,09:36:17,20.8,--,610,1268800,卖盘
2471,09:36:12,20.8,--,102,212160,买盘
2472,09:36:07,20.8,--,189,393120,卖盘
2473,09:36:02,20.8,--,127,264160,买盘
2474,09:35:57,20.8,0.03,126,262080,买盘
2475,09:35:52,20.77,-0.02,246,510942,卖盘
2476,09:35:47,20.79,--,338,702702,卖盘
2477,09:35:42,20.79,-0.02,135,280665,卖盘
2478,09:35:37,20.81,0.01,374,778294,买盘
2479,09:35:32,20.8,--,79,164320,中性盘
2480,09:35:27,20.8,-0.01,241,501280,卖盘
2481,09:35:22,20.81,0.05,430,894830,买盘
2482,09:35:17,20.76,-0.04,472,979872,卖盘
2483,09:35:12,20.8,--,583,1212640,买盘
2484,09:35:07,20.8,-0.02,234,486720,卖盘
2485,09:35:02,20.82,0.02,122,254004,买盘
2486,09:34:57,20.8,-0.04,464,965120,卖盘
2487,09:34:52,20.84,-0.01,79,164636,中性盘
2488,09:34:47,20.85,0.05,252,525420,买盘
2489,09:34:42,20.8,--,321,667680,买盘
2490,09:34:37,20.8,--,419,871520,卖盘
2491,09:34:32,20.8,-0.05,275,572000,卖盘
2492,09:34:27,20.85,--,41,85485,买盘
2493,09:34:22,20.85,0.01,297,619245,买盘
2494,09:34:17,20.84,--,39,81276,卖盘
2495,09:34:12,20.84,0.09,282,588980,买盘
2496,09:34:07,20.75,-0.04,862,1788650,卖盘
2497,09:34:02,20.79,-0.03,458,952972,卖盘
2498,09:33:57,20.82,0.02,15,31230,买盘
2499,09:33:52,20.8,0.01,689,1434409,买盘
2500,09:33:47,20.79,0.04,227,471933,买盘
2501,09:33:42,20.75,-0.04,164,340300,卖盘
2502,09:33:37,20.79,--,541,1124739,买盘
2503,09:33:32,20.79,--,371,771309,买盘
2504,09:33:27,20.79,--,1753,3644487,买盘
2505,09:33:22,20.79,--,1232,2561328,卖盘
2506,09:33:17,20.79,-0.01,940,1954260,卖盘
2507,09:33:12,20.8,--,428,890240,买盘
2508,09:33:07,20.8,0.01,294,611728,买盘
2509,09:33:02,20.79,--,318,661122,买盘
2510,09:32:57,20.79,--,168,349272,买盘
2511,09:32:52,20.79,0.04,261,542619,买盘
2512,09:32:47,20.75,--,335,695125,卖盘
2513,09:32:42,20.75,--,150,311250,卖盘
2514,09:32:37,20.75,0.05,283,587225,买盘
2515,09:32:32,20.7,0.02,504,1043280,买盘
2516,09:32:27,20.68,0.01,183,378444,中性盘
2517,09:32:22,20.67,--,638,1319779,卖盘
2518,09:32:17,20.67,--,375,775125,卖盘
2519,09:32:12,20.67,--,414,855738,卖盘
2520,09:32:07,20.67,0.04,442,913614,买盘
2521,09:32:02,20.63,-0.04,159,328017,中性盘
2522,09:31:57,20.67,--,200,413400,买盘
2523,09:31:52,20.67,-0.02,591,1223643,中性盘
2524,09:31:47,20.69,0.13,561,1160709,买盘
2525,09:31:42,20.56,-0.12,96,197376,卖盘
2526,09:31:37,20.68,0.08,703,1453804,买盘
2527,09:31:32,20.6,-0.03,342,704520,卖盘
2528,09:31:27,20.63,-0.02,135,278505,卖盘
2529,09:31:22,20.65,-0.03,130,268450,卖盘
2530,09:31:17,20.68,-0.02,534,1104312,卖盘
2531,09:31:12,20.7,--,616,1275120,买盘
2532,09:31:07,20.7,0.02,178,368460,买盘
2533,09:31:02,20.68,-0.04,326,674168,卖盘
2534,09:30:57,20.72,0.02,279,578088,买盘
2535,09:30:52,20.7,-0.04,129,267030,卖盘
2536,09:30:47,20.74,0.04,547,1134478,买盘
2537,09:30:41,20.7,-0.02,990,2049300,卖盘
2538,09:30:37,20.72,-0.06,117,242424,卖盘
2539,09:30:32,20.78,-0.01,266,552748,中性盘
2540,09:30:27,20.79,--,434,902286,买盘
2541,09:30:22,20.79,0.07,69,143451,买盘
2542,09:30:17,20.72,0.02,195,404040,中性盘
2543,09:30:11,20.7,-0.1,3512,7269840,卖盘
2544,09:30:06,20.8,0.2,4971,10339680,买盘
2545,09:30:02,20.6,-0.1,634,1306040,卖盘
2546,09:28:46,20.7,--,0,0,买盘
2547,09:25:04,20.7,20.7,4169,8629830,买盘
