,time,price,change,volume,amount,type
0,15:00:00,29.69,--,0,0,卖盘
1,15:00:00,29.69,0.01,0,0,中性盘
2,14:59:59,29.68,--,84,249312,卖盘
3,14:59:53,29.68,-0.01,1,2968,卖盘
4,14:59:48,29.69,--,5,14845,买盘
5,14:59:43,29.69,-0.01,27,80163,买盘
6,14:59:38,29.7,--,0,0,买盘
7,14:59:33,29.7,--,1,2970,买盘
8,14:59:29,29.7,--,9,26730,买盘
9,14:59:23,29.7,--,7,20790,买盘
10,14:59:13,29.7,--,0,0,买盘
11,14:59:08,29.7,--,1,2970,买盘
12,14:59:03,29.7,0.02,20,59400,买盘
13,14:58:58,29.68,-0.02,18,53424,卖盘
14,14:58:43,29.7,--,6,17820,买盘
15,14:58:38,29.7,--,15,44550,买盘
16,14:58:33,29.7,--,4,11880,中性盘
17,14:58:28,29.7,0.02,7,20790,卖盘
18,14:58:23,29.68,-0.02,23,68264,卖盘
19,14:58:18,29.7,--,48,142560,买盘
20,14:58:13,29.7,--,2,5940,买盘
21,14:58:03,29.7,--,58,172260,卖盘
22,14:57:58,29.7,--,115,341550,卖盘
23,14:57:53,29.7,--,14,41580,卖盘
24,14:57:48,29.7,--,19,56430,卖盘
25,14:57:43,29.7,--,2,5940,卖盘
26,14:57:38,29.7,--,13,38610,买盘
27,14:57:33,29.7,--,6,17820,买盘
28,14:57:28,29.7,--,8,23760,买盘
29,14:57:23,29.7,--,20,59400,买盘
30,14:57:18,29.7,--,5,14850,买盘
31,14:57:13,29.7,0.02,2,5940,买盘
32,14:57:03,29.68,0.03,126,373968,买盘
33,14:56:58,29.65,--,86,254990,买盘
34,14:56:53,29.65,0.01,106,314290,买盘
35,14:56:48,29.64,--,12,35568,卖盘
36,14:56:33,29.64,-0.01,17,50388,卖盘
37,14:56:28,29.65,0.03,131,388415,买盘
38,14:56:18,29.62,-0.02,18,53316,卖盘
39,14:56:13,29.64,--,0,0,买盘
40,14:56:08,29.64,--,2,5928,中性盘
41,14:56:03,29.64,0.02,60,177840,买盘
42,14:55:58,29.62,--,10,29620,买盘
43,14:55:53,29.62,-0.02,69,204378,卖盘
44,14:55:48,29.64,--,9,26676,卖盘
45,14:55:43,29.64,--,46,136344,买盘
46,14:55:33,29.64,0.02,27,80028,中性盘
47,14:55:28,29.62,0.01,109,322858,卖盘
48,14:55:18,29.61,-0.01,44,130284,卖盘
49,14:55:12,29.62,--,15,44430,中性盘
50,14:55:08,29.62,-0.02,3,8886,卖盘
51,14:55:03,29.64,0.04,3,8892,买盘
52,14:54:57,29.6,--,0,0,卖盘
53,14:54:52,29.6,-0.01,12,35520,卖盘
54,14:54:48,29.61,-0.01,3,8883,卖盘
55,14:54:42,29.62,0.02,11,32582,买盘
56,14:54:37,29.6,--,1,2960,卖盘
57,14:54:33,29.6,--,64,189440,卖盘
58,14:54:27,29.6,--,19,56240,卖盘
59,14:54:22,29.6,--,12,35520,卖盘
60,14:54:18,29.6,--,72,213120,买盘
61,14:54:12,29.6,--,12,35520,买盘
62,14:54:07,29.6,--,7,20720,买盘
63,14:54:02,29.6,--,6,17760,买盘
64,14:53:57,29.6,--,30,88800,买盘
65,14:53:53,29.6,--,101,298960,卖盘
66,14:53:47,29.6,--,3,8880,卖盘
67,14:53:42,29.6,0.02,61,180560,中性盘
68,14:53:37,29.58,--,60,177480,卖盘
69,14:53:32,29.58,-0.01,28,82824,卖盘
70,14:53:27,29.59,0.01,2,5918,买盘
71,14:53:23,29.58,-0.01,50,147900,卖盘
72,14:53:12,29.59,0.01,48,142032,买盘
73,14:53:07,29.58,-0.01,22,65075,卖盘
74,14:52:57,29.59,--,7,20713,买盘
75,14:52:52,29.59,--,39,115401,买盘
76,14:52:42,29.59,--,1,2959,买盘
77,14:52:37,29.59,--,34,100606,卖盘
78,14:52:27,29.59,--,2,5918,买盘
79,14:52:22,29.59,0.01,35,103565,买盘
80,14:52:17,29.58,-0.01,223,659634,卖盘
81,14:52:12,29.59,0.01,60,177540,买盘
82,14:52:07,29.58,--,105,310590,卖盘
83,14:52:02,29.58,--,1,2958,卖盘
84,14:51:57,29.58,-0.01,12,35496,卖盘
85,14:51:52,29.59,0.02,6,17754,买盘
86,14:51:47,29.57,--,0,0,卖盘
87,14:51:37,29.57,-0.02,33,97581,卖盘
88,14:51:32,29.59,--,20,59180,卖盘
89,14:51:27,29.59,--,8,23672,卖盘
90,14:51:22,29.59,0.01,127,375793,买盘
91,14:51:17,29.58,0.01,1,2958,买盘
92,14:51:12,29.57,--,6,17742,卖盘
93,14:51:07,29.57,--,5,14785,卖盘
94,14:51:02,29.57,-0.01,5,14785,卖盘
95,14:50:57,29.58,--,37,109446,卖盘
96,14:50:52,29.58,--,3,8874,中性盘
97,14:50:47,29.58,--,4,11832,卖盘
98,14:50:42,29.58,0.01,37,109446,买盘
99,14:50:37,29.57,-0.01,125,369625,卖盘
100,14:50:27,29.58,--,23,68034,卖盘
101,14:50:22,29.58,--,16,47328,卖盘
102,14:50:12,29.58,--,29,85782,卖盘
103,14:50:07,29.58,--,24,70992,卖盘
104,14:50:02,29.58,--,42,124236,卖盘
105,14:49:57,29.58,--,27,79866,卖盘
106,14:49:52,29.58,-0.01,32,94656,卖盘
107,14:49:47,29.59,0.01,1,2959,买盘
108,14:49:42,29.58,--,31,91698,卖盘
109,14:49:37,29.58,-0.01,46,136068,卖盘
110,14:49:27,29.59,-0.01,51,150909,卖盘
111,14:49:22,29.6,0.01,21,62160,买盘
112,14:49:17,29.59,-0.01,1,2959,卖盘
113,14:49:12,29.6,--,140,414400,卖盘
114,14:49:07,29.6,0.01,20,59200,买盘
115,14:49:02,29.59,-0.01,1,2959,卖盘
116,14:48:57,29.6,--,22,65120,买盘
117,14:48:52,29.6,--,26,76960,卖盘
118,14:48:47,29.6,--,2,5920,卖盘
119,14:48:37,29.6,--,2,5920,卖盘
120,14:48:27,29.6,0.01,38,112480,中性盘
121,14:48:22,29.59,-0.01,38,112442,卖盘
122,14:48:16,29.6,0.01,2,5920,买盘
123,14:48:12,29.59,--,5,14795,卖盘
124,14:48:07,29.59,--,3,8877,卖盘
125,14:47:57,29.59,-0.01,38,112442,卖盘
126,14:47:52,29.6,--,30,88800,卖盘
127,14:47:46,29.6,--,1,2960,卖盘
128,14:47:42,29.6,--,10,29600,卖盘
129,14:47:37,29.6,--,10,29600,卖盘
130,14:47:27,29.6,--,13,38480,卖盘
131,14:47:21,29.6,-0.02,44,130240,卖盘
132,14:47:16,29.62,--,0,0,卖盘
133,14:47:11,29.62,0.02,22,65164,买盘
134,14:47:06,29.6,--,5,14800,卖盘
135,14:46:57,29.6,--,10,29600,卖盘
136,14:46:51,29.6,0.01,180,532800,买盘
137,14:46:46,29.59,-0.01,14,41426,卖盘
138,14:46:41,29.6,0.01,21,62160,买盘
139,14:46:36,29.59,--,5,14795,卖盘
140,14:46:31,29.59,--,15,44385,卖盘
141,14:46:26,29.59,--,18,53262,卖盘
142,14:46:16,29.59,--,5,14795,卖盘
143,14:46:11,29.59,--,20,59180,卖盘
144,14:46:06,29.59,--,214,633226,卖盘
145,14:46:01,29.59,--,18,53262,卖盘
146,14:45:56,29.59,--,155,458645,卖盘
147,14:45:51,29.59,--,2,5918,卖盘
148,14:45:41,29.59,-0.01,10,29590,卖盘
149,14:45:36,29.6,0.01,57,168720,买盘
150,14:45:26,29.59,0.01,11,32549,卖盘
151,14:45:21,29.58,--,0,0,卖盘
152,14:45:16,29.58,--,6,17748,买盘
153,14:45:11,29.58,-0.02,1,2958,买盘
154,14:45:06,29.6,0.03,101,298960,买盘
155,14:45:01,29.57,-0.01,502,1484414,卖盘
156,14:44:56,29.58,-0.01,13,38454,卖盘
157,14:44:51,29.59,--,24,71016,买盘
158,14:44:46,29.59,-0.05,351,1038609,卖盘
159,14:44:41,29.64,--,0,0,买盘
160,14:44:36,29.64,0.02,28,82992,买盘
161,14:44:26,29.62,--,12,35544,卖盘
162,14:44:21,29.62,-0.02,3,8886,卖盘
163,14:44:11,29.64,0.02,17,50388,买盘
164,14:44:06,29.62,--,5,14810,卖盘
165,14:43:56,29.62,-0.03,5,14810,卖盘
166,14:43:46,29.65,--,0,0,买盘
167,14:43:41,29.65,0.01,20,59300,买盘
168,14:43:36,29.64,--,57,168948,买盘
169,14:43:31,29.64,0.02,4,11856,买盘
170,14:43:26,29.62,--,7,20734,卖盘
171,14:43:21,29.62,-0.02,5,14810,中性盘
172,14:43:06,29.64,--,3,8892,买盘
173,14:43:01,29.64,0.03,18,53352,买盘
174,14:42:51,29.61,--,21,62181,卖盘
175,14:42:46,29.61,0.01,16,47376,买盘
176,14:42:31,29.6,--,14,41440,卖盘
177,14:42:26,29.6,-0.01,1,2960,卖盘
178,14:42:21,29.61,--,11,32571,买盘
179,14:42:16,29.61,--,6,17766,买盘
180,14:42:06,29.61,--,3,8883,买盘
181,14:42:01,29.61,--,5,14805,买盘
182,14:41:56,29.61,--,17,50337,卖盘
183,14:41:46,29.61,-0.03,3,8883,卖盘
184,14:41:21,29.64,--,11,32604,买盘
185,14:41:16,29.64,--,23,68172,卖盘
186,14:41:06,29.64,--,15,44460,卖盘
187,14:41:01,29.64,--,18,53352,卖盘
188,14:40:51,29.64,--,88,260832,买盘
189,14:40:36,29.64,-0.01,30,88920,卖盘
190,14:40:31,29.65,0.01,19,56335,买盘
191,14:40:26,29.64,--,2,5928,卖盘
192,14:40:21,29.64,--,5,14820,卖盘
193,14:40:16,29.64,--,7,20748,卖盘
194,14:39:56,29.64,--,3,8892,卖盘
195,14:39:51,29.64,0.06,43,127452,买盘
196,14:39:40,29.58,--,3,8874,卖盘
197,14:39:36,29.58,--,16,47328,卖盘
198,14:39:31,29.58,--,12,35496,买盘
199,14:39:21,29.58,--,18,53244,买盘
200,14:39:11,29.58,--,10,29580,卖盘
201,14:39:05,29.58,--,16,47328,卖盘
202,14:39:01,29.58,--,225,665550,卖盘
203,14:38:55,29.58,--,3,8874,卖盘
204,14:38:45,29.58,0.01,59,174522,卖盘
205,14:38:40,29.57,-0.01,57,169583,卖盘
206,14:38:35,29.58,--,1,2958,买盘
207,14:38:31,29.58,--,31,91698,买盘
208,14:38:25,29.58,-0.02,68,201144,卖盘
209,14:38:15,29.6,0.02,41,121360,买盘
210,14:38:10,29.58,-0.01,57,168606,卖盘
211,14:38:05,29.59,--,1,2959,卖盘
212,14:38:00,29.59,0.02,130,384670,买盘
213,14:37:55,29.57,-0.01,24,70968,中性盘
214,14:37:50,29.58,--,4,11832,买盘
215,14:37:45,29.58,0.02,3,8874,买盘
216,14:37:40,29.56,--,115,339940,卖盘
217,14:37:35,29.56,-0.02,8,23648,中性盘
218,14:37:30,29.58,0.03,1,2958,买盘
219,14:37:25,29.55,-0.04,55,162525,卖盘
220,14:37:20,29.59,-0.01,32,94688,卖盘
221,14:37:15,29.6,--,22,65120,买盘
222,14:37:10,29.6,--,109,324564,卖盘
223,14:37:05,29.6,-0.03,1433,4241680,卖盘
224,14:37:00,29.63,--,54,160002,卖盘
225,14:36:55,29.63,--,46,136298,卖盘
226,14:36:45,29.63,0.01,32,94816,中性盘
227,14:36:40,29.62,-0.02,20,59240,卖盘
228,14:36:35,29.64,--,0,0,买盘
229,14:36:30,29.64,--,5,14820,买盘
230,14:36:20,29.64,0.02,9,26676,卖盘
231,14:36:15,29.62,-0.02,240,710880,卖盘
232,14:36:10,29.64,--,1,2964,卖盘
233,14:36:05,29.64,--,88,260832,卖盘
234,14:35:55,29.64,--,16,47424,卖盘
235,14:35:50,29.64,--,28,82992,卖盘
236,14:35:45,29.64,--,5,14820,卖盘
237,14:35:40,29.64,--,1,2964,卖盘
238,14:35:35,29.64,-0.01,11,32604,卖盘
239,14:35:30,29.65,0.01,10,29650,买盘
240,14:35:25,29.64,--,8,23712,卖盘
241,14:35:15,29.64,-0.01,3,8892,卖盘
242,14:35:10,29.65,0.01,98,290747,买盘
243,14:35:05,29.64,--,20,59280,卖盘
244,14:35:00,29.64,-0.01,5,14820,卖盘
245,14:34:55,29.65,0.01,19,56335,买盘
246,14:34:45,29.64,--,6,17784,卖盘
247,14:34:40,29.64,--,18,53352,卖盘
248,14:34:35,29.64,--,38,112632,卖盘
249,14:34:30,29.64,--,14,41496,卖盘
250,14:34:25,29.64,--,1,2964,卖盘
251,14:34:20,29.64,--,10,29640,卖盘
252,14:34:15,29.64,--,7,20748,卖盘
253,14:34:10,29.64,--,25,74100,卖盘
254,14:34:05,29.64,--,4,11856,卖盘
255,14:34:00,29.64,--,10,29640,卖盘
256,14:33:55,29.64,--,54,160056,卖盘
257,14:33:45,29.64,-0.01,8,23712,卖盘
258,14:33:40,29.65,0.01,17,50405,买盘
259,14:33:30,29.64,-0.01,5,14820,卖盘
260,14:33:25,29.65,--,17,50405,买盘
261,14:33:15,29.65,0.01,1,2965,买盘
262,14:33:10,29.64,--,4,11856,卖盘
263,14:33:05,29.64,-0.01,1,2964,卖盘
264,14:33:00,29.65,--,4,11860,买盘
265,14:32:55,29.65,0.01,7,20755,买盘
266,14:32:44,29.64,-0.01,3,8892,卖盘
267,14:32:40,29.65,0.01,32,94880,买盘
268,14:32:35,29.64,--,1,2964,卖盘
269,14:32:30,29.64,--,38,112632,卖盘
270,14:32:25,29.64,--,8,23712,卖盘
271,14:32:20,29.64,0.01,7,20748,卖盘
272,14:32:10,29.63,-0.01,40,118520,卖盘
273,14:32:05,29.64,-0.01,26,77064,卖盘
274,14:31:55,29.65,--,37,109705,买盘
275,14:31:50,29.65,--,2,5930,买盘
276,14:31:44,29.65,--,3,8895,买盘
277,14:31:40,29.65,--,98,293357,卖盘
278,14:31:34,29.65,0.01,45,133602,买盘
279,14:31:29,29.64,--,7,20748,卖盘
280,14:31:25,29.64,-0.01,73,216372,卖盘
281,14:31:19,29.65,0.01,29,85985,买盘
282,14:31:14,29.64,--,46,136344,卖盘
283,14:31:10,29.64,-0.01,11,32604,卖盘
284,14:31:04,29.65,--,4,11860,买盘
285,14:30:54,29.65,--,45,133425,买盘
286,14:30:50,29.65,-0.02,416,1236227,卖盘
287,14:30:39,29.67,-0.01,7,20769,卖盘
288,14:30:34,29.68,0.02,27,80314,买盘
289,14:30:29,29.66,--,25,74150,卖盘
290,14:30:24,29.66,--,1,2966,卖盘
291,14:30:19,29.66,--,10,29660,卖盘
292,14:30:09,29.66,--,6,17796,卖盘
293,14:30:04,29.66,-0.01,10,29660,卖盘
294,14:29:59,29.67,--,116,346960,卖盘
295,14:29:54,29.67,--,25,74175,卖盘
296,14:29:49,29.67,--,30,89010,卖盘
297,14:29:39,29.67,--,30,89010,卖盘
298,14:29:34,29.67,--,39,115713,卖盘
299,14:29:29,29.67,--,0,0,卖盘
300,14:29:24,29.67,-0.01,13,38571,卖盘
301,14:29:19,29.68,--,1,2968,卖盘
302,14:29:14,29.68,--,20,59360,卖盘
303,14:29:09,29.68,--,27,80136,卖盘
304,14:28:59,29.68,--,24,71232,卖盘
305,14:28:54,29.68,--,3,8904,卖盘
306,14:28:49,29.68,--,33,97944,卖盘
307,14:28:39,29.68,--,4,11872,卖盘
308,14:28:34,29.68,--,23,68264,卖盘
309,14:28:24,29.68,--,15,44520,卖盘
310,14:28:04,29.68,-0.01,10,29680,卖盘
311,14:27:59,29.69,--,0,0,买盘
312,14:27:54,29.69,--,1,2969,卖盘
313,14:27:49,29.69,--,1,2969,卖盘
314,14:27:44,29.69,--,62,184078,卖盘
315,14:27:39,29.69,--,10,29690,卖盘
316,14:27:34,29.69,--,10,29690,卖盘
317,14:27:29,29.69,--,1,2969,卖盘
318,14:27:24,29.69,--,1,2969,卖盘
319,14:27:19,29.69,-0.02,16,47504,卖盘
320,14:26:59,29.71,--,2,5942,买盘
321,14:26:54,29.71,--,7,20797,卖盘
322,14:26:49,29.71,--,0,0,中性盘
323,14:26:44,29.71,--,7,20797,卖盘
324,14:26:34,29.71,--,5,14855,卖盘
325,14:26:29,29.71,--,1,2971,卖盘
326,14:26:19,29.71,0.02,6,17826,买盘
327,14:26:14,29.69,-0.06,7,20783,卖盘
328,14:26:04,29.75,0.06,7,20825,买盘
329,14:25:59,29.69,--,0,0,卖盘
330,14:25:54,29.69,-0.06,15,44535,卖盘
331,14:25:49,29.75,0.06,43,129323,买盘
332,14:25:39,29.69,--,4,11876,卖盘
333,14:25:34,29.69,--,2,5938,卖盘
334,14:25:29,29.69,--,32,96522,买盘
335,14:25:23,29.69,--,2,5938,买盘
336,14:25:19,29.69,0.01,10,29690,买盘
337,14:25:13,29.68,-0.01,13,38584,卖盘
338,14:25:04,29.69,--,3,8907,买盘
339,14:24:59,29.69,--,8,23752,买盘
340,14:24:54,29.69,-0.01,106,316168,卖盘
341,14:24:49,29.7,0.01,6,19334,中性盘
342,14:24:43,29.69,-0.01,2,5938,卖盘
343,14:24:38,29.7,--,0,0,中性盘
344,14:24:34,29.7,0.01,3,8910,买盘
345,14:24:14,29.69,--,7,20783,卖盘
346,14:23:58,29.69,-0.02,3,8907,卖盘
347,14:23:44,29.71,0.02,61,181231,买盘
348,14:23:38,29.69,--,0,0,卖盘
349,14:23:33,29.69,-0.01,10,29690,卖盘
350,14:23:29,29.7,0.01,3,8910,买盘
351,14:23:22,29.69,--,1,2969,卖盘
352,14:23:18,29.69,--,1,2969,卖盘
353,14:23:13,29.69,--,7,20783,卖盘
354,14:22:58,29.69,-0.01,1,2969,卖盘
355,14:22:53,29.7,--,0,0,中性盘
356,14:22:48,29.7,--,2,5940,买盘
357,14:22:33,29.7,--,5,14850,买盘
358,14:22:28,29.7,--,1,2970,卖盘
359,14:22:22,29.7,-0.01,3,8910,中性盘
360,14:22:18,29.71,0.01,25,74275,买盘
361,14:22:08,29.7,0.01,1,2970,买盘
362,14:22:03,29.69,-0.01,12,35628,卖盘
363,14:21:48,29.7,-0.01,3,8910,买盘
364,14:21:43,29.71,0.01,47,139637,买盘
365,14:21:37,29.7,0.01,28,83160,买盘
366,14:21:33,29.69,-0.01,8,23752,卖盘
367,14:21:22,29.7,--,64,190080,买盘
368,14:21:18,29.7,0.01,3,8910,买盘
369,14:20:58,29.69,--,1,2969,卖盘
370,14:20:52,29.69,--,2,5938,卖盘
371,14:20:43,29.69,0.01,2,5938,买盘
372,14:20:37,29.68,--,1,2968,卖盘
373,14:20:33,29.68,-0.01,8,23744,卖盘
374,14:20:28,29.69,0.01,5,14845,买盘
375,14:20:22,29.68,--,15,44520,卖盘
376,14:20:18,29.68,--,2,5936,卖盘
377,14:20:13,29.68,0.01,48,142464,买盘
378,14:20:07,29.67,-0.01,1,2967,卖盘
379,14:20:03,29.68,0.01,20,59360,买盘
380,14:19:52,29.67,-0.01,10,29670,卖盘
381,14:19:43,29.68,0.01,2,5936,买盘
382,14:19:33,29.67,--,5,14835,卖盘
383,14:19:22,29.67,--,2,5934,卖盘
384,14:19:18,29.67,--,10,29670,卖盘
385,14:19:13,29.67,--,27,80109,卖盘
386,14:19:07,29.67,--,2,6112,卖盘
387,14:19:03,29.67,--,31,91977,卖盘
388,14:18:58,29.67,--,129,382743,买盘
389,14:18:48,29.67,--,3,8901,买盘
390,14:18:43,29.67,--,181,537027,卖盘
391,14:18:28,29.67,-0.01,11,32637,卖盘
392,14:18:13,29.68,0.01,27,80136,买盘
393,14:18:07,29.67,-0.01,3,8901,卖盘
394,14:18:01,29.68,--,82,243376,卖盘
395,14:17:58,29.68,--,7,20776,卖盘
396,14:17:52,29.68,--,2,5936,卖盘
397,14:17:46,29.68,--,1,2968,卖盘
398,14:17:43,29.68,--,2,5936,卖盘
399,14:17:32,29.68,--,5,14840,卖盘
400,14:17:28,29.68,--,4,11872,卖盘
401,14:17:22,29.68,--,12,35616,卖盘
402,14:17:16,29.68,-0.01,11,32648,卖盘
403,14:17:07,29.69,--,110,326590,买盘
404,14:16:52,29.69,--,4,11876,买盘
405,14:16:43,29.69,--,1,2969,买盘
406,14:16:28,29.69,0.01,18,53442,买盘
407,14:16:22,29.68,--,7,20776,卖盘
408,14:16:16,29.68,--,2,5936,卖盘
409,14:16:12,29.68,-0.01,54,160272,卖盘
410,14:16:07,29.69,0.01,10,29690,中性盘
411,14:16:01,29.68,--,38,112784,卖盘
412,14:15:58,29.68,--,8,23744,卖盘
413,14:15:52,29.68,--,8,23744,卖盘
414,14:15:46,29.68,--,1,2968,卖盘
415,14:15:42,29.68,--,10,29680,卖盘
416,14:15:31,29.68,--,10,29680,卖盘
417,14:15:27,29.68,--,2,5936,卖盘
418,14:15:22,29.68,--,8,23744,卖盘
419,14:15:12,29.68,--,3,8904,卖盘
420,14:15:01,29.68,-0.01,1,2968,卖盘
421,14:14:52,29.69,--,11,32659,买盘
422,14:14:42,29.69,--,8,23752,买盘
423,14:14:31,29.69,--,47,139543,买盘
424,14:14:27,29.69,0.01,5,14845,买盘
425,14:14:22,29.68,--,2,5936,中性盘
426,14:14:16,29.68,--,0,2819,买盘
427,14:14:12,29.68,--,22,65296,买盘
428,14:14:07,29.68,-0.01,22,65296,卖盘
429,14:13:57,29.69,0.01,6,17814,买盘
430,14:13:52,29.68,--,3,8904,卖盘
431,14:13:46,29.68,--,126,373968,卖盘
432,14:13:42,29.68,--,14,41552,卖盘
433,14:13:37,29.68,--,10,29680,卖盘
434,14:13:27,29.68,--,8,23744,卖盘
435,14:13:22,29.68,0.01,22,65296,买盘
436,14:13:16,29.67,--,84,249228,卖盘
437,14:13:12,29.67,-0.01,7,20769,卖盘
438,14:13:07,29.68,0.01,3,8904,买盘
439,14:12:52,29.67,-0.01,35,103845,卖盘
440,14:12:46,29.68,0.01,1,2968,买盘
441,14:12:37,29.67,-0.01,4,11868,卖盘
442,14:12:27,29.68,--,87,258216,卖盘
443,14:12:22,29.68,-0.02,140,415520,卖盘
444,14:12:16,29.7,--,2,6088,卖盘
445,14:12:12,29.7,--,5,14850,卖盘
446,14:12:07,29.7,--,1,5791,卖盘
447,14:11:57,29.7,--,2,5940,卖盘
448,14:11:52,29.7,0.02,14,41580,买盘
449,14:11:46,29.68,--,0,0,卖盘
450,14:11:42,29.68,-0.02,97,287896,卖盘
451,14:11:31,29.7,0.01,1,2970,买盘
452,14:11:27,29.69,-0.01,7,20783,卖盘
453,14:11:22,29.7,0.01,5,14850,买盘
454,14:11:12,29.69,0.01,3,8907,卖盘
455,14:11:07,29.68,--,0,0,卖盘
456,14:11:01,29.68,-0.01,13,38584,卖盘
457,14:10:57,29.69,--,1,2969,买盘
458,14:10:46,29.69,-0.01,3,8907,卖盘
459,14:10:25,29.7,--,16,47520,卖盘
460,14:10:16,29.7,0.01,3,8910,卖盘
461,14:10:07,29.69,--,3,11697,卖盘
462,14:10:01,29.69,-0.01,7,20783,卖盘
463,14:09:55,29.7,0.01,101,300148,买盘
464,14:09:52,29.69,--,3,8907,卖盘
465,14:09:46,29.69,--,1,2969,卖盘
466,14:09:37,29.69,-0.01,3,8907,卖盘
467,14:09:22,29.7,--,27,82981,卖盘
468,14:09:16,29.7,-0.01,64,190080,卖盘
469,14:09:10,29.71,--,34,101014,买盘
470,14:09:01,29.71,--,36,106956,卖盘
471,14:08:52,29.71,0.01,3,8913,卖盘
472,14:08:46,29.7,-0.01,91,270270,卖盘
473,14:08:40,29.71,--,31,92101,卖盘
474,14:08:37,29.71,0.01,27,80395,买盘
475,14:08:31,29.7,-0.01,10,29700,卖盘
476,14:08:25,29.71,-0.01,3,8913,买盘
477,14:08:16,29.72,0.01,9,29541,买盘
478,14:08:10,29.71,--,0,0,卖盘
479,14:08:06,29.71,-0.01,57,169347,卖盘
480,14:07:55,29.72,--,2,5944,买盘
481,14:07:46,29.72,--,3,8916,卖盘
482,14:07:36,29.72,-0.01,6,17832,卖盘
483,14:07:06,29.73,-0.01,9,26757,卖盘
484,14:06:55,29.74,0.01,1,2974,买盘
485,14:06:51,29.73,--,10,29730,卖盘
486,14:06:46,29.73,-0.01,4,11892,卖盘
487,14:06:36,29.74,--,7,20818,买盘
488,14:06:31,29.74,0.01,1,2974,中性盘
489,14:06:25,29.73,--,1,2973,卖盘
490,14:06:21,29.73,--,1,2973,卖盘
491,14:06:16,29.73,--,4,11892,卖盘
492,14:06:10,29.73,--,1,2973,卖盘
493,14:06:06,29.73,--,11,32703,卖盘
494,14:06:01,29.73,--,12,35676,卖盘
495,14:05:51,29.73,--,3,8919,卖盘
496,14:05:46,29.73,--,7,20811,卖盘
497,14:05:40,29.73,-0.02,13,38649,卖盘
498,14:05:36,29.75,0.02,2,5950,买盘
499,14:05:31,29.73,--,1,2973,卖盘
500,14:05:21,29.73,--,1,2973,卖盘
501,14:05:16,29.73,--,6,17838,卖盘
502,14:05:10,29.73,--,67,199191,卖盘
503,14:05:06,29.73,--,6,17838,卖盘
504,14:05:01,29.73,0.02,3,8919,买盘
505,14:04:55,29.71,--,0,0,卖盘
506,14:04:51,29.71,-0.02,12,35652,卖盘
507,14:04:46,29.73,0.02,28,83422,买盘
508,14:04:36,29.71,-0.01,11,32681,中性盘
509,14:04:25,29.72,-0.03,88,264329,卖盘
510,14:04:21,29.75,--,0,0,买盘
511,14:04:16,29.75,0.02,40,119000,买盘
512,14:04:10,29.73,--,1,2973,卖盘
513,14:04:01,29.73,--,17,50541,卖盘
514,14:03:55,29.73,-0.02,15,44595,卖盘
515,14:03:51,29.75,0.01,100,297500,买盘
516,14:03:45,29.74,-0.01,124,368776,卖盘
517,14:03:40,29.75,-0.01,116,345100,卖盘
518,14:03:36,29.76,-0.01,67,199392,卖盘
519,14:03:25,29.77,--,4,11908,买盘
520,14:03:19,29.77,-0.03,91,270907,卖盘
521,14:03:15,29.8,0.01,5,14900,买盘
522,14:03:06,29.79,--,15,44685,卖盘
523,14:03:00,29.79,--,2,5958,卖盘
524,14:02:55,29.79,--,1,2979,卖盘
525,14:02:50,29.79,--,8,23832,卖盘
526,14:02:45,29.79,0.01,88,262152,买盘
527,14:02:34,29.78,--,17,50626,中性盘
528,14:02:31,29.78,0.01,20,59560,买盘
529,14:02:25,29.77,-0.01,21,62517,卖盘
530,14:02:19,29.78,--,32,95296,买盘
531,14:02:15,29.78,0.01,11,32758,买盘
532,14:02:10,29.77,--,17,50609,卖盘
533,14:02:04,29.77,--,1,2977,卖盘
534,14:02:00,29.77,--,14,41678,买盘
535,14:01:55,29.77,--,10,29770,买盘
536,14:01:49,29.77,--,11,32747,买盘
537,14:01:45,29.77,0.02,1,2977,买盘
538,14:01:40,29.75,--,1,2975,卖盘
539,14:01:30,29.75,--,7,20825,卖盘
540,14:01:25,29.75,--,30,89993,买盘
541,14:01:15,29.75,--,30,89250,买盘
542,14:01:10,29.75,--,16,47600,买盘
543,14:01:04,29.75,--,54,160650,买盘
544,14:01:00,29.75,0.01,67,199325,买盘
545,14:00:55,29.74,--,3,8922,卖盘
546,14:00:45,29.74,--,61,181414,买盘
547,14:00:40,29.74,--,60,178440,买盘
548,14:00:34,29.74,--,8,23792,买盘
549,14:00:25,29.74,--,7,20818,买盘
550,14:00:15,29.74,0.01,9,26766,买盘
551,14:00:10,29.73,-0.01,7,20811,卖盘
552,14:00:00,29.74,0.01,260,773418,买盘
553,13:59:55,29.73,-0.01,19,56487,卖盘
554,13:59:49,29.74,0.01,11,32714,买盘
555,13:59:45,29.73,--,21,62433,买盘
556,13:59:40,29.73,0.01,1,2973,买盘
557,13:59:30,29.72,--,12,35664,卖盘
558,13:59:25,29.72,0.03,165,490380,买盘
559,13:59:04,29.69,--,19,57568,买盘
560,13:59:00,29.69,0.01,33,97977,买盘
561,13:58:55,29.68,-0.01,25,74200,卖盘
562,13:58:49,29.69,--,17,50473,买盘
563,13:58:45,29.69,--,13,38597,买盘
564,13:58:30,29.69,--,2,5938,买盘
565,13:58:25,29.69,--,27,80163,买盘
566,13:58:19,29.69,0.01,5,16656,买盘
567,13:58:15,29.68,--,152,451136,卖盘
568,13:58:10,29.68,-0.01,4,11872,卖盘
569,13:58:04,29.69,0.01,5,14845,买盘
570,13:58:00,29.68,--,2,5936,卖盘
571,13:57:55,29.68,-0.01,58,172144,卖盘
572,13:57:49,29.69,--,9,26721,买盘
573,13:57:40,29.69,--,19,56411,中性盘
574,13:57:30,29.69,--,8,23752,卖盘
575,13:57:15,29.69,-0.01,18,53442,卖盘
576,13:57:09,29.7,0.01,6,17820,买盘
577,13:57:04,29.69,--,100,296900,卖盘
578,13:57:00,29.69,--,2,5938,卖盘
579,13:56:55,29.69,--,3,8907,卖盘
580,13:56:45,29.69,--,5,14845,卖盘
581,13:56:39,29.69,--,10,29690,卖盘
582,13:56:34,29.69,--,1,2969,卖盘
583,13:56:30,29.69,--,17,50473,买盘
584,13:56:25,29.69,0.01,11,32659,买盘
585,13:56:15,29.68,--,1,2968,卖盘
586,13:56:04,29.68,-0.01,8,23744,卖盘
587,13:55:54,29.69,--,20,59380,买盘
588,13:55:43,29.69,0.01,2,5938,买盘
589,13:55:28,29.68,--,19,56392,卖盘
590,13:55:24,29.68,-0.01,8,23744,卖盘
591,13:55:19,29.69,--,5,14845,买盘
592,13:55:09,29.69,--,8,23752,卖盘
593,13:54:43,29.69,--,1,2969,卖盘
594,13:54:28,29.69,--,2,5938,卖盘
595,13:54:24,29.69,--,2,5938,卖盘
596,13:54:19,29.69,--,0,0,中性盘
597,13:54:09,29.69,--,7,20783,买盘
598,13:53:28,29.69,--,1,2969,卖盘
599,13:53:09,29.69,--,2,5938,卖盘
600,13:53:04,29.69,--,16,47504,卖盘
601,13:52:54,29.69,-0.01,1,2969,卖盘
602,13:52:49,29.7,0.01,9,26730,买盘
603,13:52:39,29.69,--,8,23752,卖盘
604,13:52:24,29.69,--,2,5938,卖盘
605,13:52:19,29.69,--,3,8907,卖盘
606,13:52:13,29.69,-0.01,2,5938,中性盘
607,13:52:09,29.7,0.01,23,68310,买盘
608,13:52:04,29.69,--,24,71256,买盘
609,13:51:54,29.69,--,1,2969,卖盘
610,13:51:39,29.69,0.01,4,11876,买盘
611,13:51:28,29.68,--,0,0,卖盘
612,13:51:24,29.68,--,29,86072,卖盘
613,13:51:13,29.68,--,0,0,卖盘
614,13:50:58,29.68,-0.01,5,15997,卖盘
615,13:50:54,29.69,--,14,41566,买盘
616,13:50:49,29.69,0.01,3,8907,买盘
617,13:50:39,29.68,--,3,8904,卖盘
618,13:50:28,29.68,--,1,2968,卖盘
619,13:50:24,29.68,-0.01,19,56392,卖盘
620,13:50:19,29.69,--,9,26721,买盘
621,13:50:04,29.69,--,7,20783,买盘
622,13:49:54,29.69,--,13,38597,买盘
623,13:49:49,29.69,--,4,11876,买盘
624,13:49:43,29.69,--,3,8907,买盘
625,13:49:39,29.69,--,1,2969,买盘
626,13:49:34,29.69,--,57,171044,卖盘
627,13:49:24,29.69,-0.01,45,133605,卖盘
628,13:49:19,29.7,--,12,35640,卖盘
629,13:49:09,29.7,--,11,32670,卖盘
630,13:49:04,29.7,--,5,14850,卖盘
631,13:48:58,29.7,--,1,2970,卖盘
632,13:48:49,29.7,--,5,14850,卖盘
633,13:48:39,29.7,--,93,276210,买盘
634,13:48:28,29.7,--,10,29700,卖盘
635,13:48:24,29.7,--,19,56430,卖盘
636,13:48:13,29.7,-0.01,10,29700,卖盘
637,13:48:09,29.71,0.01,4,11884,买盘
638,13:47:58,29.7,--,4,11880,卖盘
639,13:47:43,29.7,-0.01,7,20790,卖盘
640,13:47:33,29.71,--,3,8913,买盘
641,13:47:13,29.71,-0.01,7,20797,卖盘
642,13:46:58,29.72,--,10,29720,买盘
643,13:46:48,29.72,0.02,2,5944,买盘
644,13:46:43,29.7,--,7,20790,卖盘
645,13:46:28,29.7,--,0,0,卖盘
646,13:46:18,29.7,-0.03,5,14850,卖盘
647,13:46:13,29.73,0.03,53,157569,买盘
648,13:46:03,29.7,--,2,5940,卖盘
649,13:45:58,29.7,--,2,5940,卖盘
650,13:45:52,29.7,--,5,14850,卖盘
651,13:45:37,29.7,-0.01,1,2970,卖盘
652,13:45:18,29.71,-0.01,2,5942,中性盘
653,13:45:03,29.72,-0.01,5,14860,买盘
654,13:44:58,29.73,0.03,2,5946,买盘
655,13:44:48,29.7,--,0,0,卖盘
656,13:44:43,29.7,--,41,121770,卖盘
657,13:44:37,29.7,--,0,0,卖盘
658,13:44:28,29.7,-0.04,5,14850,卖盘
659,13:44:22,29.74,0.01,3,8922,买盘
660,13:44:07,29.73,--,1,2973,卖盘
661,13:44:03,29.73,0.02,4,11892,卖盘
662,13:43:58,29.71,--,0,0,中性盘
663,13:43:52,29.71,0.01,10,29710,买盘
664,13:43:48,29.7,-0.04,1,2970,卖盘
665,13:43:43,29.74,0.01,32,95168,买盘
666,13:43:13,29.73,--,0,0,买盘
667,13:43:03,29.73,0.04,39,115947,买盘
668,13:42:58,29.69,--,2,5938,卖盘
669,13:42:48,29.69,-0.01,2,5938,卖盘
670,13:42:43,29.7,0.01,11,32670,买盘
671,13:42:33,29.69,--,1,2969,卖盘
672,13:42:28,29.69,--,0,1157,卖盘
673,13:42:18,29.69,-0.01,1,2969,卖盘
674,13:42:13,29.7,0.01,2,5940,买盘
675,13:42:03,29.69,-0.01,8,23752,卖盘
676,13:41:58,29.7,0.01,32,95040,买盘
677,13:41:52,29.69,--,10,29690,卖盘
678,13:41:48,29.69,--,44,130636,买盘
679,13:41:43,29.69,-0.01,29,86101,卖盘
680,13:41:33,29.7,--,3,8910,买盘
681,13:41:22,29.7,--,20,59400,买盘
682,13:41:13,29.7,0.01,2,5940,买盘
683,13:41:03,29.69,--,2,5938,卖盘
684,13:40:58,29.69,-0.01,16,47504,卖盘
685,13:40:52,29.7,--,29,86130,买盘
686,13:40:43,29.7,0.01,1,2970,买盘
687,13:40:37,29.69,--,5,14845,卖盘
688,13:40:28,29.69,--,4,11876,卖盘
689,13:40:22,29.69,--,8,23752,卖盘
690,13:40:13,29.69,0.01,34,100946,买盘
691,13:40:07,29.68,--,2,5936,卖盘
692,13:40:03,29.68,--,0,0,中性盘
693,13:39:52,29.68,-0.01,20,59360,卖盘
694,13:39:43,29.69,--,4,11876,买盘
695,13:39:37,29.69,--,20,59380,买盘
696,13:39:27,29.69,0.01,10,29690,买盘
697,13:39:22,29.68,--,6,17808,卖盘
698,13:39:12,29.68,--,9,26712,卖盘
699,13:39:07,29.68,--,9,26712,卖盘
700,13:38:52,29.68,--,7,20776,卖盘
701,13:38:27,29.68,-0.02,2,5936,卖盘
702,13:38:12,29.7,0.01,10,29700,买盘
703,13:38:07,29.69,--,3,8907,买盘
704,13:37:57,29.69,0.01,1,2969,买盘
705,13:37:52,29.68,-0.02,1,2968,卖盘
706,13:37:46,29.7,0.02,50,148500,买盘
707,13:37:42,29.68,-0.01,2,5936,卖盘
708,13:37:37,29.69,--,17,50473,卖盘
709,13:37:31,29.69,--,2,5938,卖盘
710,13:37:22,29.69,-0.01,5,14845,买盘
711,13:37:07,29.7,0.01,101,299970,买盘
712,13:36:57,29.69,--,5,14845,卖盘
713,13:36:52,29.69,-0.01,12,35628,卖盘
714,13:36:36,29.7,--,44,130680,卖盘
715,13:36:31,29.7,--,2,5940,卖盘
716,13:36:12,29.7,--,1,2970,卖盘
717,13:36:07,29.7,0.01,39,115830,买盘
718,13:36:00,29.69,--,5,14845,卖盘
719,13:35:57,29.69,--,5,14845,买盘
720,13:35:52,29.69,--,25,74225,买盘
721,13:35:42,29.69,--,2,5938,卖盘
722,13:35:37,29.69,-0.01,13,38597,卖盘
723,13:35:31,29.7,0.01,2,5940,买盘
724,13:35:27,29.69,--,1,2969,卖盘
725,13:35:22,29.69,--,2,5938,卖盘
726,13:35:16,29.69,-0.01,21,62349,卖盘
727,13:35:07,29.7,0.01,17,50490,买盘
728,13:34:52,29.69,--,3,8907,卖盘
729,13:34:42,29.69,--,6,17814,卖盘
730,13:34:31,29.69,--,8,23752,买盘
731,13:34:27,29.69,0.01,5,14845,买盘
732,13:34:16,29.68,--,10,29680,卖盘
733,13:34:06,29.68,-0.01,2,5936,卖盘
734,13:33:57,29.69,0.01,6,17814,买盘
735,13:33:52,29.68,-0.01,20,59360,卖盘
736,13:33:42,29.69,--,58,172202,卖盘
737,13:33:27,29.69,-0.01,24,71256,卖盘
738,13:33:07,29.7,--,17,50490,买盘
739,13:33:00,29.7,0.01,4,11880,买盘
740,13:32:57,29.69,-0.02,70,207830,卖盘
741,13:32:51,29.71,-0.01,15,44565,卖盘
742,13:32:45,29.72,0.01,9,26748,买盘
743,13:32:37,29.71,-0.01,6,17826,卖盘
744,13:32:31,29.72,0.01,10,29720,买盘
745,13:32:26,29.71,-0.01,8,23768,卖盘
746,13:32:15,29.72,-0.01,7,20804,卖盘
747,13:32:11,29.73,--,10,29730,买盘
748,13:31:56,29.73,--,14,41622,买盘
749,13:31:52,29.73,--,16,47568,买盘
750,13:31:45,29.73,-0.02,77,228921,卖盘
751,13:31:36,29.75,0.01,3,8925,买盘
752,13:31:30,29.74,-0.01,3,8922,卖盘
753,13:31:21,29.75,0.01,18,53550,买盘
754,13:31:15,29.74,--,18,53532,卖盘
755,13:31:11,29.74,--,1,2974,卖盘
756,13:31:06,29.74,--,2,5948,卖盘
757,13:31:00,29.74,0.01,3,8922,买盘
758,13:30:56,29.73,--,2,5946,卖盘
759,13:30:51,29.73,-0.01,35,104055,卖盘
760,13:30:45,29.74,0.01,133,395542,买盘
761,13:30:41,29.73,-0.01,1,2973,卖盘
762,13:30:36,29.74,--,19,56506,买盘
763,13:30:30,29.74,0.01,5,14870,买盘
764,13:30:24,29.73,-0.01,6,17838,卖盘
765,13:30:21,29.74,-0.01,1,2974,卖盘
766,13:30:06,29.75,--,5,14875,买盘
767,13:30:00,29.75,0.01,7,20825,买盘
768,13:29:54,29.74,--,10,29740,卖盘
769,13:29:51,29.74,--,10,29740,买盘
770,13:29:45,29.74,--,27,80298,卖盘
771,13:29:30,29.74,--,51,151674,卖盘
772,13:29:15,29.74,--,1,2974,卖盘
773,13:29:09,29.74,0.01,4,11896,买盘
774,13:29:06,29.73,-0.01,56,166488,卖盘
775,13:29:00,29.74,--,2,5948,买盘
776,13:28:45,29.74,0.01,1,2974,买盘
777,13:28:39,29.73,0.01,10,29730,买盘
778,13:28:36,29.72,--,24,71328,买盘
779,13:28:24,29.72,--,1,2972,卖盘
780,13:28:21,29.72,--,7,20804,买盘
781,13:28:09,29.72,--,0,0,中性盘
782,13:28:06,29.72,--,4,11888,卖盘
783,13:28:00,29.72,--,1,2972,卖盘
784,13:27:54,29.72,--,2,5944,卖盘
785,13:27:51,29.72,--,1,2972,中性盘
786,13:27:45,29.72,0.01,5,14860,买盘
787,13:27:39,29.71,--,19,56449,卖盘
788,13:27:36,29.71,--,3,8913,卖盘
789,13:27:30,29.71,-0.01,24,71304,中性盘
790,13:27:24,29.72,0.01,20,59440,买盘
791,13:27:21,29.71,--,0,0,买盘
792,13:27:15,29.71,--,4,11884,卖盘
793,13:27:09,29.71,--,2,5942,卖盘
794,13:27:06,29.71,--,2,5942,中性盘
795,13:27:00,29.71,--,2,5942,买盘
796,13:26:54,29.71,--,4,11884,买盘
797,13:26:51,29.71,--,14,41594,买盘
798,13:26:39,29.71,--,2,5942,买盘
799,13:26:36,29.71,--,10,29710,买盘
800,13:26:24,29.71,--,25,74275,买盘
801,13:26:21,29.71,0.01,2,5942,买盘
802,13:26:09,29.7,--,2,5940,卖盘
803,13:26:06,29.7,--,2,5940,卖盘
804,13:26:00,29.7,--,4,11880,卖盘
805,13:25:54,29.7,-0.01,15,44550,卖盘
806,13:25:39,29.71,0.01,3,8913,买盘
807,13:25:30,29.7,--,2,5940,卖盘
808,13:25:21,29.7,--,9,26730,卖盘
809,13:25:09,29.7,--,3,8910,卖盘
810,13:25:06,29.7,--,3,8910,卖盘
811,13:25:00,29.7,--,48,142560,卖盘
812,13:24:54,29.7,--,8,25274,卖盘
813,13:24:50,29.7,--,15,44550,卖盘
814,13:24:45,29.7,--,19,56430,卖盘
815,13:24:36,29.7,--,3,8910,卖盘
816,13:24:30,29.7,--,34,100980,卖盘
817,13:24:09,29.7,--,5,14850,卖盘
818,13:24:06,29.7,--,5,14850,卖盘
819,13:24:00,29.7,--,2,5940,卖盘
820,13:23:50,29.7,--,6,17820,卖盘
821,13:23:45,29.7,--,31,92070,卖盘
822,13:23:39,29.7,-0.01,1,2970,卖盘
823,13:23:20,29.71,--,18,53478,买盘
824,13:23:15,29.71,--,45,133695,卖盘
825,13:23:09,29.71,--,4,11884,卖盘
826,13:22:54,29.71,-0.01,9,26739,卖盘
827,13:22:24,29.72,--,12,35664,买盘
828,13:22:20,29.72,0.01,2,5944,买盘
829,13:22:15,29.71,-0.01,4,11884,卖盘
830,13:22:05,29.72,--,0,0,中性盘
831,13:22:00,29.72,-0.02,2,5944,卖盘
832,13:21:54,29.74,0.01,36,107064,买盘
833,13:21:39,29.73,0.01,10,29730,买盘
834,13:21:24,29.72,0.01,1,2972,买盘
835,13:21:15,29.71,-0.01,19,56449,卖盘
836,13:21:00,29.72,0.01,3,8916,买盘
837,13:20:54,29.71,--,0,0,卖盘
838,13:20:48,29.71,-0.02,26,77246,卖盘
839,13:20:45,29.73,0.02,1,2973,买盘
840,13:20:33,29.71,--,0,0,卖盘
841,13:20:30,29.71,-0.02,2,5942,卖盘
842,13:20:24,29.73,--,0,0,买盘
843,13:20:15,29.73,--,10,29730,买盘
844,13:19:54,29.73,0.03,10,29730,买盘
845,13:19:45,29.7,--,0,0,卖盘
846,13:19:39,29.7,-0.01,20,59400,卖盘
847,13:19:33,29.71,--,3,8913,买盘
848,13:19:30,29.71,0.01,28,83188,买盘
849,13:19:24,29.7,-0.01,19,56430,卖盘
850,13:19:15,29.71,--,8,23768,卖盘
851,13:19:09,29.71,--,2,5942,卖盘
852,13:19:03,29.71,--,2,5942,卖盘
853,13:19:00,29.71,--,2,5942,卖盘
854,13:18:54,29.71,-0.02,2,5942,卖盘
855,13:18:45,29.73,--,0,0,中性盘
856,13:18:24,29.73,-0.01,7,20811,卖盘
857,13:18:15,29.74,0.01,2,5948,买盘
858,13:18:09,29.73,--,19,56487,卖盘
859,13:18:03,29.73,-0.01,1,2973,卖盘
860,13:17:54,29.74,--,41,121934,买盘
861,13:17:48,29.74,0.01,14,41636,买盘
862,13:17:33,29.73,--,19,56487,卖盘
863,13:17:14,29.73,--,4,11892,买盘
864,13:17:09,29.73,--,10,29730,买盘
865,13:17:00,29.73,0.02,1,2973,买盘
866,13:16:48,29.71,-0.02,30,89130,卖盘
867,13:16:33,29.73,--,1,2973,卖盘
868,13:16:29,29.73,--,22,65406,买盘
869,13:16:24,29.73,0.03,101,300273,买盘
870,13:16:09,29.7,-0.02,6,17820,卖盘
871,13:16:03,29.72,0.02,5,14860,买盘
872,13:15:59,29.7,--,19,56430,卖盘
873,13:15:54,29.7,--,4,11880,卖盘
874,13:15:44,29.7,--,12,35640,买盘
875,13:15:39,29.7,0.03,1,2970,买盘
876,13:15:33,29.67,--,2,5934,卖盘
877,13:15:29,29.67,--,1,2967,卖盘
878,13:15:18,29.67,-0.03,19,56373,卖盘
879,13:15:03,29.7,0.03,1,2970,买盘
880,13:14:59,29.67,--,1,2967,卖盘
881,13:14:54,29.67,--,1,2967,卖盘
882,13:14:48,29.67,--,11,32637,卖盘
883,13:14:39,29.67,--,183,542961,买盘
884,13:14:18,29.67,--,1,2967,买盘
885,13:14:14,29.67,-0.01,211,626037,卖盘
886,13:14:09,29.68,--,4,11872,卖盘
887,13:14:03,29.68,--,24,71232,买盘
888,13:13:59,29.68,0.01,5,14840,买盘
889,13:13:54,29.67,-0.01,3,8901,卖盘
890,13:13:48,29.68,0.01,22,65296,买盘
891,13:13:33,29.67,--,2,5934,卖盘
892,13:13:29,29.67,--,10,29670,卖盘
893,13:13:09,29.67,--,42,124614,卖盘
894,13:13:03,29.67,--,69,204723,卖盘
895,13:12:54,29.67,-0.01,9,26703,卖盘
896,13:12:48,29.68,--,0,0,中性盘
897,13:12:42,29.68,--,15,44520,卖盘
898,13:12:39,29.68,--,46,136528,买盘
899,13:12:27,29.68,--,0,0,中性盘
900,13:12:24,29.68,0.01,1,2968,卖盘
901,13:12:12,29.67,--,0,0,卖盘
902,13:12:09,29.67,-0.03,34,100878,卖盘
903,13:12:03,29.7,--,2,5940,买盘
904,13:11:33,29.7,0.03,10,29700,买盘
905,13:11:27,29.67,--,1,2967,卖盘
906,13:11:23,29.67,--,1,2967,卖盘
907,13:11:18,29.67,-0.03,11,32637,卖盘
908,13:11:12,29.7,0.03,10,29700,买盘
909,13:11:03,29.67,--,18,53406,卖盘
910,13:10:57,29.67,--,13,38571,卖盘
911,13:10:42,29.67,-0.01,19,56373,卖盘
912,13:10:33,29.68,--,8,23744,卖盘
913,13:10:27,29.68,--,1,2968,卖盘
914,13:10:23,29.68,--,1,2968,卖盘
915,13:10:18,29.68,-0.02,5,14840,卖盘
916,13:10:08,29.7,--,5,14850,买盘
917,13:09:38,29.7,--,0,0,买盘
918,13:09:27,29.7,0.03,29,86130,买盘
919,13:09:12,29.67,--,1,2967,卖盘
920,13:09:08,29.67,-0.03,3,8901,卖盘
921,13:09:03,29.7,0.03,12,35640,买盘
922,13:08:53,29.67,-0.03,1,2967,卖盘
923,13:08:48,29.7,--,4,11880,买盘
924,13:08:42,29.7,0.03,1,2970,买盘
925,13:08:27,29.67,--,83,246261,买盘
926,13:08:23,29.67,0.01,1,2967,买盘
927,13:08:18,29.66,--,19,56354,卖盘
928,13:08:12,29.66,--,1,2966,卖盘
929,13:08:08,29.66,--,5,14830,卖盘
930,13:08:03,29.66,--,3,8898,卖盘
931,13:07:53,29.66,-0.02,20,59320,卖盘
932,13:07:42,29.68,0.02,2,5936,买盘
933,13:07:33,29.66,-0.02,17,50422,卖盘
934,13:07:27,29.68,0.02,1,2968,卖盘
935,13:07:12,29.66,-0.04,51,151266,卖盘
936,13:07:08,29.7,--,2,5940,卖盘
937,13:07:03,29.7,0.03,18,53460,买盘
938,13:06:53,29.67,0.01,5,14835,买盘
939,13:06:42,29.66,--,5,14830,卖盘
940,13:06:38,29.66,--,1,2966,卖盘
941,13:06:27,29.66,--,2,5932,卖盘
942,13:06:12,29.66,--,5,14830,卖盘
943,13:06:08,29.66,--,5,14830,卖盘
944,13:06:03,29.66,-0.01,5,14830,卖盘
945,13:05:57,29.67,--,10,29670,买盘
946,13:05:48,29.67,--,49,145383,卖盘
947,13:05:38,29.67,--,4,11868,卖盘
948,13:05:33,29.67,--,2,5934,卖盘
949,13:05:27,29.67,--,1,2967,卖盘
950,13:05:18,29.67,-0.01,1,2967,卖盘
951,13:05:08,29.68,-0.01,17,50456,卖盘
952,13:05:03,29.69,--,4,11876,卖盘
953,13:04:57,29.69,--,6,17814,卖盘
954,13:04:53,29.69,-0.01,2,5938,卖盘
955,13:04:42,29.7,0.01,5,14850,中性盘
956,13:04:36,29.69,--,1,2969,卖盘
957,13:04:32,29.69,--,2,5938,卖盘
958,13:04:27,29.69,-0.01,5,14845,卖盘
959,13:04:06,29.7,-0.01,22,65340,卖盘
960,13:04:02,29.71,--,1,2971,卖盘
961,13:03:57,29.71,--,1,2971,买盘
962,13:03:36,29.71,--,4,11884,卖盘
963,13:03:21,29.71,--,22,65362,买盘
964,13:03:06,29.71,--,1,2971,买盘
965,13:02:57,29.71,--,1,2971,买盘
966,13:02:51,29.71,--,6,17826,卖盘
967,13:02:42,29.71,--,10,29710,卖盘
968,13:02:36,29.71,-0.04,3,8913,卖盘
969,13:02:12,29.75,--,15,44625,卖盘
970,13:02:06,29.75,--,3,8925,卖盘
971,13:01:57,29.75,-0.02,15,44625,卖盘
972,13:01:36,29.77,0.02,1,2977,买盘
973,13:01:21,29.75,--,1,2975,卖盘
974,13:01:06,29.75,--,7,20825,卖盘
975,13:00:57,29.75,--,2,5950,卖盘
976,13:00:51,29.75,0.04,7,20825,买盘
977,13:00:32,29.71,0.01,7,20797,买盘
978,13:00:21,29.7,--,3,8910,卖盘
979,13:00:17,29.7,--,6,17820,卖盘
980,13:00:12,29.7,--,10,29700,卖盘
981,13:00:06,29.7,0.01,82,243540,买盘
982,11:30:00,29.69,--,0,0,买盘
983,11:30:00,29.69,--,0,0,买盘
984,11:29:58,29.69,--,0,0,买盘
985,11:29:52,29.69,0.03,6,17814,买盘
986,11:29:34,29.66,0.01,53,157198,买盘
987,11:29:19,29.65,--,13,38545,卖盘
988,11:29:13,29.65,0.01,13,40057,买盘
989,11:29:07,29.64,-0.01,19,56316,卖盘
990,11:29:04,29.65,-0.01,13,39997,卖盘
991,11:28:58,29.66,0.01,1,2966,买盘
992,11:28:37,29.65,--,5,14825,卖盘
993,11:28:28,29.65,--,11,32615,卖盘
994,11:28:22,29.65,--,6,19302,买盘
995,11:28:18,29.65,--,10,29650,买盘
996,11:28:07,29.65,--,3,8895,买盘
997,11:27:52,29.65,--,2,5930,买盘
998,11:27:48,29.65,-0.02,131,389867,卖盘
999,11:27:33,29.67,--,1,2967,卖盘
1000,11:27:28,29.67,0.02,18,53406,买盘
1001,11:27:22,29.65,-0.01,78,232782,卖盘
1002,11:27:18,29.66,-0.01,16,47456,卖盘
1003,11:27:03,29.67,0.02,5,14835,买盘
1004,11:26:48,29.65,-0.01,19,56335,卖盘
1005,11:26:43,29.66,--,16,47456,买盘
1006,11:26:37,29.66,--,5,14830,买盘
1007,11:26:28,29.66,--,1,2966,买盘
1008,11:26:18,29.66,--,4,11864,买盘
1009,11:25:58,29.66,--,2,5932,买盘
1010,11:25:48,29.66,0.01,1,2966,买盘
1011,11:25:37,29.65,--,2,5930,卖盘
1012,11:25:33,29.65,--,6,17790,买盘
1013,11:25:28,29.65,0.01,6,17790,买盘
1014,11:25:18,29.64,--,14,41496,卖盘
1015,11:25:13,29.64,-0.01,12,35568,卖盘
1016,11:25:07,29.65,0.01,10,29650,买盘
1017,11:25:03,29.64,--,7,20748,卖盘
1018,11:24:58,29.64,--,22,65208,卖盘
1019,11:24:48,29.64,-0.01,6,17784,卖盘
1020,11:24:43,29.65,0.01,3,8895,买盘
1021,11:24:27,29.64,--,5,14820,卖盘
1022,11:24:22,29.64,-0.01,3,8892,卖盘
1023,11:24:18,29.65,--,3,8895,买盘
1024,11:24:07,29.65,--,1,2965,买盘
1025,11:24:03,29.65,--,20,59300,卖盘
1026,11:23:58,29.65,-0.01,11,32615,卖盘
1027,11:23:52,29.66,0.01,2,5932,买盘
1028,11:23:48,29.65,-0.01,17,50405,卖盘
1029,11:23:33,29.66,--,2,5932,买盘
1030,11:23:27,29.66,0.02,22,65252,买盘
1031,11:22:57,29.64,-0.01,18,53352,卖盘
1032,11:22:52,29.65,--,21,62265,卖盘
1033,11:22:46,29.65,--,1,2965,卖盘
1034,11:22:42,29.65,0.02,40,118600,买盘
1035,11:22:37,29.63,--,60,177780,卖盘
1036,11:22:31,29.63,-0.02,82,242966,卖盘
1037,11:22:27,29.65,--,51,151215,买盘
1038,11:22:22,29.65,--,5,14825,买盘
1039,11:22:16,29.65,--,1,2965,买盘
1040,11:22:12,29.65,0.01,4,11860,买盘
1041,11:22:07,29.64,--,2,5928,卖盘
1042,11:21:57,29.64,-0.01,10,29640,卖盘
1043,11:21:52,29.65,-0.01,36,106740,卖盘
1044,11:21:42,29.66,0.01,5,14830,买盘
1045,11:21:37,29.65,-0.01,3,8895,卖盘
1046,11:21:27,29.66,--,5,14830,买盘
1047,11:21:22,29.66,--,29,86014,卖盘
1048,11:21:16,29.66,--,5,14830,卖盘
1049,11:21:01,29.66,--,3,8898,卖盘
1050,11:20:57,29.66,--,10,29660,卖盘
1051,11:20:52,29.66,0.01,5,14830,买盘
1052,11:20:42,29.65,--,1,2965,卖盘
1053,11:20:31,29.65,--,82,243130,卖盘
1054,11:20:27,29.65,--,38,112670,买盘
1055,11:20:22,29.65,--,202,598930,买盘
1056,11:20:16,29.65,--,5,14825,买盘
1057,11:20:01,29.65,0.01,62,183830,买盘
1058,11:19:52,29.64,0.01,20,59280,买盘
1059,11:19:46,29.63,--,21,62223,卖盘
1060,11:19:42,29.63,--,10,29630,卖盘
1061,11:19:37,29.63,--,37,109631,买盘
1062,11:19:27,29.63,--,29,85927,买盘
1063,11:19:22,29.63,--,18,53334,买盘
1064,11:19:16,29.63,-0.01,8,23704,卖盘
1065,11:19:12,29.64,0.01,2,5928,买盘
1066,11:19:07,29.63,--,190,562970,卖盘
1067,11:19:01,29.63,-0.01,9,26667,卖盘
1068,11:18:57,29.64,0.01,10,29640,买盘
1069,11:18:52,29.63,-0.01,27,80001,卖盘
1070,11:18:46,29.64,0.01,11,32604,买盘
1071,11:18:42,29.63,--,21,62223,卖盘
1072,11:18:37,29.63,--,51,151113,卖盘
1073,11:18:31,29.63,0.01,5,14815,卖盘
1074,11:18:27,29.62,0.02,20,59240,中性盘
1075,11:18:22,29.6,-0.02,141,417360,卖盘
1076,11:18:07,29.62,-0.03,210,622020,卖盘
1077,11:18:01,29.65,--,8,23720,卖盘
1078,11:17:57,29.65,--,25,74125,卖盘
1079,11:17:52,29.65,--,161,477365,卖盘
1080,11:17:46,29.65,0.01,14,42369,买盘
1081,11:17:42,29.64,-0.01,2,5928,卖盘
1082,11:17:31,29.65,--,110,326150,买盘
1083,11:17:27,29.65,-0.03,991,2939352,卖盘
1084,11:17:22,29.68,--,41,122192,买盘
1085,11:17:12,29.68,--,90,269583,卖盘
1086,11:17:07,29.68,--,89,264152,卖盘
1087,11:16:52,29.68,-0.01,15,44520,卖盘
1088,11:16:46,29.69,--,54,160326,卖盘
1089,11:16:42,29.69,--,1,2969,卖盘
1090,11:16:37,29.69,--,18,53442,卖盘
1091,11:16:27,29.69,0.01,30,89070,买盘
1092,11:16:22,29.68,--,62,184016,卖盘
1093,11:16:16,29.68,--,2,5936,卖盘
1094,11:16:12,29.68,--,19,56392,卖盘
1095,11:16:06,29.68,--,10,29680,卖盘
1096,11:15:57,29.68,-0.01,83,246344,卖盘
1097,11:15:46,29.69,--,0,0,卖盘
1098,11:15:36,29.69,-0.01,81,242003,卖盘
1099,11:15:31,29.7,0.01,30,89100,买盘
1100,11:15:25,29.69,--,6,17814,卖盘
1101,11:15:21,29.69,--,34,100946,卖盘
1102,11:15:16,29.69,--,2,5938,卖盘
1103,11:15:10,29.69,-0.01,1,2969,卖盘
1104,11:15:06,29.7,--,1,2970,卖盘
1105,11:15:01,29.7,--,5,14850,卖盘
1106,11:14:55,29.7,--,25,74250,卖盘
1107,11:14:51,29.7,--,80,237600,卖盘
1108,11:14:46,29.7,-0.01,28,83160,卖盘
1109,11:14:40,29.71,--,145,432250,卖盘
1110,11:14:36,29.71,-0.01,50,148550,卖盘
1111,11:14:31,29.72,-0.03,218,649352,卖盘
1112,11:14:25,29.75,0.01,1,2975,卖盘
1113,11:14:21,29.74,--,0,0,卖盘
1114,11:14:16,29.74,-0.02,6,17844,卖盘
1115,11:13:55,29.76,0.01,7,20832,买盘
1116,11:13:51,29.75,0.01,12,35700,中性盘
1117,11:13:40,29.74,--,3,8922,卖盘
1118,11:13:21,29.74,--,7,20818,卖盘
1119,11:13:06,29.74,--,0,1516,卖盘
1120,11:13:01,29.74,-0.01,1,2974,卖盘
1121,11:12:55,29.75,0.01,5,14875,买盘
1122,11:12:36,29.74,--,1,2974,卖盘
1123,11:12:21,29.74,0.01,2,5948,中性盘
1124,11:12:16,29.73,--,15,44595,卖盘
1125,11:11:55,29.73,--,0,0,卖盘
1126,11:11:46,29.73,0.01,3,8919,买盘
1127,11:11:40,29.72,--,20,59440,卖盘
1128,11:11:36,29.72,--,6,17832,卖盘
1129,11:11:25,29.72,-0.04,2,5944,卖盘
1130,11:11:21,29.76,0.04,1,2976,买盘
1131,11:11:16,29.72,--,15,44580,卖盘
1132,11:10:51,29.72,--,6,17832,卖盘
1133,11:10:46,29.72,0.01,78,231816,买盘
1134,11:10:36,29.71,-0.01,1,2971,卖盘
1135,11:10:06,29.72,--,36,106992,买盘
1136,11:09:55,29.72,0.01,8,23776,买盘
1137,11:09:51,29.71,--,1,2971,卖盘
1138,11:09:46,29.71,--,12,37167,买盘
1139,11:09:31,29.71,--,87,259932,卖盘
1140,11:09:25,29.71,--,5,14855,卖盘
1141,11:09:21,29.71,--,5,14855,卖盘
1142,11:09:06,29.71,--,2,5942,卖盘
1143,11:08:46,29.71,--,8,23768,卖盘
1144,11:08:40,29.71,--,30,89130,卖盘
1145,11:08:31,29.71,-0.01,100,298615,卖盘
1146,11:08:25,29.72,--,11,32692,买盘
1147,11:08:10,29.72,0.01,1,2972,买盘
1148,11:08:06,29.71,-0.01,12,35652,卖盘
1149,11:07:55,29.72,--,31,92132,买盘
1150,11:07:34,29.72,-0.01,139,413108,卖盘
1151,11:07:30,29.73,-0.04,3,8919,卖盘
1152,11:07:25,29.77,0.05,35,104195,买盘
1153,11:07:19,29.72,-0.01,3,8916,卖盘
1154,11:07:15,29.73,0.01,4,11892,买盘
1155,11:06:40,29.72,--,209,621148,买盘
1156,11:06:25,29.72,--,1,2972,买盘
1157,11:06:15,29.72,0.01,34,101048,买盘
1158,11:06:10,29.71,-0.01,1,2971,卖盘
1159,11:05:55,29.72,--,3,8916,买盘
1160,11:05:40,29.72,-0.01,88,261536,卖盘
1161,11:05:30,29.73,--,2,5946,买盘
1162,11:05:15,29.73,--,1,2973,买盘
1163,11:05:10,29.73,--,2,5946,买盘
1164,11:05:04,29.73,0.01,15,44595,买盘
1165,11:04:55,29.72,-0.01,3,8916,卖盘
1166,11:04:40,29.73,--,2,5946,买盘
1167,11:04:30,29.73,--,8,23784,买盘
1168,11:04:25,29.73,--,1,2973,买盘
1169,11:04:15,29.73,--,5,14865,买盘
1170,11:04:10,29.73,--,12,35676,卖盘
1171,11:03:55,29.73,0.01,8,23784,买盘
1172,11:03:40,29.72,--,3,8916,卖盘
1173,11:03:25,29.72,0.01,67,199124,买盘
1174,11:03:15,29.71,--,40,118840,卖盘
1175,11:03:00,29.71,--,20,59420,卖盘
1176,11:02:45,29.71,-0.01,47,139637,卖盘
1177,11:02:30,29.72,--,1,2972,卖盘
1178,11:02:19,29.72,--,10,29720,卖盘
1179,11:02:15,29.72,--,25,74300,卖盘
1180,11:02:09,29.72,--,40,118880,卖盘
1181,11:02:04,29.72,--,1,2972,卖盘
1182,11:02:00,29.72,--,1,2972,卖盘
1183,11:01:55,29.72,--,10,29720,卖盘
1184,11:01:45,29.72,--,34,101048,卖盘
1185,11:01:40,29.72,--,2,5944,卖盘
1186,11:01:30,29.72,-0.01,10,29720,卖盘
1187,11:00:49,29.73,--,4,11892,买盘
1188,11:00:40,29.73,-0.03,12,35676,卖盘
1189,11:00:25,29.76,-0.01,1,2976,买盘
1190,11:00:14,29.77,0.01,5,14885,买盘
1191,11:00:10,29.76,--,25,74400,买盘
1192,11:00:04,29.76,--,0,0,买盘
1193,11:00:00,29.76,--,0,0,买盘
1194,10:59:54,29.76,--,3,8928,买盘
1195,10:59:49,29.76,0.04,3,8928,买盘
1196,10:59:45,29.72,-0.01,70,208040,卖盘
1197,10:59:40,29.73,--,7,20811,卖盘
1198,10:59:33,29.73,--,33,98109,卖盘
1199,10:59:19,29.73,--,11,32703,卖盘
1200,10:59:10,29.73,--,1,2973,卖盘
1201,10:59:04,29.73,--,1,2973,卖盘
1202,10:59:00,29.73,0.01,5,14865,卖盘
1203,10:58:54,29.72,--,0,0,卖盘
1204,10:58:49,29.72,--,7,20804,卖盘
1205,10:58:39,29.72,-0.01,18,53496,卖盘
1206,10:58:34,29.73,--,20,59460,买盘
1207,10:58:29,29.73,0.01,1,2973,买盘
1208,10:58:24,29.72,-0.01,3,8916,买盘
1209,10:58:19,29.73,--,0,0,买盘
1210,10:58:13,29.73,0.01,74,220002,买盘
1211,10:58:09,29.72,--,5,14860,买盘
1212,10:58:03,29.72,--,10,29720,买盘
1213,10:57:57,29.72,0.01,10,29720,买盘
1214,10:57:54,29.71,--,4,11884,卖盘
1215,10:57:49,29.71,-0.01,3,8913,卖盘
1216,10:57:39,29.72,0.01,4,11888,中性盘
1217,10:57:33,29.71,--,1,2971,中性盘
1218,10:57:24,29.71,-0.02,1,2971,中性盘
1219,10:57:18,29.73,0.03,61,181353,买盘
1220,10:57:09,29.7,--,1,2970,卖盘
1221,10:57:04,29.7,--,41,121770,卖盘
1222,10:56:57,29.7,--,19,56430,卖盘
1223,10:56:54,29.7,-0.01,10,29700,卖盘
1224,10:56:39,29.71,0.01,6,17826,买盘
1225,10:56:18,29.7,0.01,60,178200,买盘
1226,10:56:12,29.69,--,5,14845,卖盘
1227,10:56:09,29.69,-0.01,15,44535,卖盘
1228,10:56:03,29.7,--,10,29700,买盘
1229,10:55:57,29.7,--,10,29700,买盘
1230,10:55:48,29.7,--,110,326700,卖盘
1231,10:55:39,29.7,--,5,14850,卖盘
1232,10:55:33,29.7,--,8,23760,卖盘
1233,10:55:24,29.7,0.01,101,299970,买盘
1234,10:55:09,29.69,-0.01,35,103915,卖盘
1235,10:55:03,29.7,--,4,11880,卖盘
1236,10:54:57,29.7,--,9,26730,卖盘
1237,10:54:54,29.7,--,12,35640,卖盘
1238,10:54:48,29.7,--,13,38610,卖盘
1239,10:54:42,29.7,--,10,29700,卖盘
1240,10:54:39,29.7,--,6,17820,卖盘
1241,10:54:33,29.7,-0.01,53,157410,卖盘
1242,10:54:27,29.71,0.01,20,59420,买盘
1243,10:54:24,29.7,--,125,372022,卖盘
1244,10:54:18,29.7,--,5,14850,卖盘
1245,10:54:12,29.7,--,6,17820,卖盘
1246,10:54:09,29.7,--,42,124740,卖盘
1247,10:54:03,29.7,-0.01,18,53460,卖盘
1248,10:53:57,29.71,--,26,77246,卖盘
1249,10:53:54,29.71,--,16,47536,卖盘
1250,10:53:42,29.71,--,21,62391,卖盘
1251,10:53:39,29.71,-0.01,74,221042,卖盘
1252,10:53:33,29.72,--,62,184264,卖盘
1253,10:53:27,29.72,--,10,29720,卖盘
1254,10:53:24,29.72,-0.01,15,44580,卖盘
1255,10:53:12,29.73,--,8,25567,卖盘
1256,10:53:09,29.73,--,41,121893,卖盘
1257,10:53:03,29.73,-0.02,4,11892,卖盘
1258,10:52:57,29.75,--,7,20825,卖盘
1259,10:52:54,29.75,-0.01,6,17850,卖盘
1260,10:52:48,29.76,--,16,47616,卖盘
1261,10:52:42,29.76,--,1,2976,卖盘
1262,10:52:39,29.76,--,100,297600,卖盘
1263,10:52:33,29.76,--,6,17856,卖盘
1264,10:52:27,29.76,--,45,133920,卖盘
1265,10:52:23,29.76,--,1,2976,卖盘
1266,10:52:18,29.76,--,5,14880,卖盘
1267,10:52:12,29.76,-0.01,1,2976,卖盘
1268,10:52:08,29.77,--,2,5954,买盘
1269,10:51:48,29.77,--,14,41678,卖盘
1270,10:51:33,29.77,--,5,14885,卖盘
1271,10:51:27,29.77,-0.01,5,14885,卖盘
1272,10:51:23,29.78,0.01,1,2978,买盘
1273,10:51:12,29.77,--,44,130988,卖盘
1274,10:51:08,29.77,-0.01,2,5954,卖盘
1275,10:50:27,29.78,--,0,0,买盘
1276,10:50:21,29.78,0.02,1,2978,买盘
1277,10:50:12,29.76,-0.02,14,41664,卖盘
1278,10:50:03,29.78,--,3,8934,买盘
1279,10:49:48,29.78,0.01,26,77428,买盘
1280,10:49:42,29.77,--,4,11908,卖盘
1281,10:49:36,29.77,-0.01,1,2977,中性盘
1282,10:49:18,29.78,-0.01,5,14890,买盘
1283,10:49:03,29.79,--,0,0,买盘
1284,10:48:18,29.79,0.03,2,5958,买盘
1285,10:47:57,29.76,-0.01,3,8928,卖盘
1286,10:47:48,29.77,--,5,14885,买盘
1287,10:47:42,29.77,--,20,59540,买盘
1288,10:47:33,29.77,--,4,11908,买盘
1289,10:47:12,29.77,--,3,8931,买盘
1290,10:47:03,29.77,0.01,25,74425,买盘
1291,10:46:57,29.76,--,0,0,卖盘
1292,10:46:51,29.76,-0.02,10,29760,卖盘
1293,10:46:42,29.78,0.02,1,2978,买盘
1294,10:46:12,29.76,--,2,5952,卖盘
1295,10:46:06,29.76,--,2,5952,卖盘
1296,10:46:03,29.76,--,1,2976,卖盘
1297,10:45:36,29.76,--,24,71424,卖盘
1298,10:45:27,29.76,-0.01,30,89280,卖盘
1299,10:45:21,29.77,0.01,1,2977,买盘
1300,10:45:12,29.76,--,50,148800,卖盘
1301,10:44:57,29.76,--,1,2976,卖盘
1302,10:44:51,29.76,--,1,2976,卖盘
1303,10:44:42,29.76,0.01,52,154752,买盘
1304,10:44:36,29.75,--,0,1190,卖盘
1305,10:44:21,29.75,--,5,14875,卖盘
1306,10:44:17,29.75,0.01,22,65450,买盘
1307,10:44:12,29.74,--,6,17844,卖盘
1308,10:44:06,29.74,-0.01,20,59480,卖盘
1309,10:43:42,29.75,--,79,235025,买盘
1310,10:43:36,29.75,0.01,6,17850,买盘
1311,10:43:32,29.74,-0.01,1,2974,卖盘
1312,10:43:21,29.75,--,19,58310,卖盘
1313,10:43:17,29.75,--,1,2975,卖盘
1314,10:43:06,29.75,--,5,14875,卖盘
1315,10:43:02,29.75,-0.01,3,8925,卖盘
1316,10:42:51,29.76,0.01,1,2976,买盘
1317,10:42:42,29.75,--,7,20825,卖盘
1318,10:42:32,29.75,--,8,23800,卖盘
1319,10:42:27,29.75,--,5,14875,卖盘
1320,10:42:21,29.75,-0.01,3,8925,卖盘
1321,10:42:00,29.76,--,1,2976,卖盘
1322,10:41:57,29.76,0.01,4,11904,中性盘
1323,10:41:42,29.75,--,4,11900,卖盘
1324,10:41:36,29.75,--,3,8925,卖盘
1325,10:41:30,29.75,--,1,2975,卖盘
1326,10:41:27,29.75,--,12,35700,卖盘
1327,10:41:21,29.75,--,15,44625,卖盘
1328,10:41:15,29.75,--,2,8627,卖盘
1329,10:41:06,29.75,-0.02,12,35700,卖盘
1330,10:41:00,29.77,0.02,2,5954,买盘
1331,10:40:57,29.75,--,6,17850,卖盘
1332,10:40:42,29.75,--,14,41650,卖盘
1333,10:40:27,29.75,-0.02,3,8925,卖盘
1334,10:40:21,29.77,--,1,2977,买盘
1335,10:40:12,29.77,--,24,71745,卖盘
1336,10:40:00,29.77,--,9,26793,卖盘
1337,10:39:57,29.77,--,0,0,卖盘
1338,10:39:51,29.77,--,18,53586,卖盘
1339,10:39:45,29.77,--,0,0,卖盘
1340,10:39:36,29.77,-0.02,39,116103,卖盘
1341,10:39:27,29.79,0.02,0,2681,中性盘
1342,10:39:21,29.77,--,6,17862,卖盘
1343,10:39:12,29.77,--,8,23816,卖盘
1344,10:39:06,29.77,--,1,2977,卖盘
1345,10:39:00,29.77,--,5,14885,卖盘
1346,10:38:57,29.77,-0.01,3,8931,卖盘
1347,10:38:45,29.78,-0.01,1,2978,卖盘
1348,10:38:42,29.79,--,7,20853,买盘
1349,10:38:36,29.79,0.02,1,2979,买盘
1350,10:38:27,29.77,-0.03,3,8931,卖盘
1351,10:38:21,29.8,0.03,19,56620,买盘
1352,10:38:12,29.77,--,35,104195,卖盘
1353,10:38:06,29.77,-0.03,3,8931,卖盘
1354,10:38:00,29.8,0.03,17,50660,买盘
1355,10:37:56,29.77,--,3,8931,卖盘
1356,10:37:45,29.77,-0.03,5,14885,卖盘
1357,10:37:36,29.8,0.03,17,50660,买盘
1358,10:37:26,29.77,-0.03,3,8931,卖盘
1359,10:37:21,29.8,0.03,12,35760,买盘
1360,10:37:06,29.77,-0.03,4,11908,卖盘
1361,10:37:00,29.8,0.03,11,32780,买盘
1362,10:36:56,29.77,--,100,297700,卖盘
1363,10:36:45,29.77,-0.03,15,44655,卖盘
1364,10:36:36,29.8,0.03,19,56620,买盘
1365,10:36:26,29.77,--,3,8931,买盘
1366,10:36:21,29.77,--,27,80379,卖盘
1367,10:36:06,29.77,0.02,29,86333,买盘
1368,10:36:00,29.75,--,22,65450,卖盘
1369,10:35:56,29.75,-0.01,1,2975,卖盘
1370,10:35:51,29.76,--,0,0,卖盘
1371,10:35:45,29.76,--,0,0,中性盘
1372,10:35:36,29.76,0.01,12,35712,买盘
1373,10:35:30,29.75,--,1,2975,卖盘
1374,10:35:26,29.75,-0.01,24,71400,卖盘
1375,10:35:21,29.76,-0.02,5,16368,卖盘
1376,10:35:15,29.78,0.02,20,59560,买盘
1377,10:35:11,29.76,-0.01,2,5952,卖盘
1378,10:35:06,29.77,0.01,2,5954,买盘
1379,10:35:00,29.76,--,41,122016,卖盘
1380,10:34:51,29.76,-0.01,6,17856,卖盘
1381,10:34:41,29.77,--,10,29770,买盘
1382,10:34:36,29.77,-0.01,30,89310,卖盘
1383,10:34:30,29.78,0.01,7,20846,买盘
1384,10:34:21,29.77,-0.01,4,11908,卖盘
1385,10:34:15,29.78,--,15,44670,买盘
1386,10:34:06,29.78,--,4,11912,买盘
1387,10:34:00,29.78,--,21,62538,卖盘
1388,10:33:51,29.78,-0.02,10,29780,卖盘
1389,10:33:36,29.8,--,20,59600,买盘
1390,10:33:30,29.8,--,3,8940,买盘
1391,10:33:24,29.8,--,7,20860,卖盘
1392,10:33:21,29.8,-0.02,3,8940,卖盘
1393,10:33:15,29.82,0.02,14,41748,买盘
1394,10:33:09,29.8,--,1,2980,卖盘
1395,10:33:06,29.8,--,18,53640,卖盘
1396,10:33:00,29.8,-0.01,29,86420,卖盘
1397,10:32:54,29.81,0.01,10,29810,买盘
1398,10:32:51,29.8,-0.01,9,26820,卖盘
1399,10:32:45,29.81,--,3,8943,买盘
1400,10:32:36,29.81,0.03,12,35772,买盘
1401,10:32:30,29.78,--,8,23824,卖盘
1402,10:32:24,29.78,-0.02,1,2978,卖盘
1403,10:32:21,29.8,-0.01,63,187740,卖盘
1404,10:32:15,29.81,--,18,53658,买盘
1405,10:32:00,29.81,0.01,14,41734,中性盘
1406,10:31:54,29.8,-0.02,3,8940,卖盘
1407,10:31:51,29.82,0.02,11,32802,买盘
1408,10:31:45,29.8,-0.02,4,11920,卖盘
1409,10:31:39,29.82,0.01,23,68586,买盘
1410,10:31:24,29.81,-0.01,10,29810,卖盘
1411,10:31:15,29.82,0.02,11,32802,买盘
1412,10:31:09,29.8,-0.01,3,8940,买盘
1413,10:31:05,29.81,-0.01,3,8943,卖盘
1414,10:31:00,29.82,0.01,28,83496,买盘
1415,10:30:54,29.81,--,6,17886,买盘
1416,10:30:45,29.81,--,1,2981,中性盘
1417,10:30:39,29.81,0.02,18,53658,买盘
1418,10:30:24,29.79,-0.02,15,44685,卖盘
1419,10:30:15,29.81,0.02,19,56639,买盘
1420,10:30:09,29.79,--,6,17874,卖盘
1421,10:30:05,29.79,--,0,0,卖盘
1422,10:30:00,29.79,-0.01,27,80433,卖盘
1423,10:29:54,29.8,0.01,3,8940,买盘
1424,10:29:45,29.79,-0.01,4,11916,买盘
1425,10:29:39,29.8,0.01,21,62580,买盘
1426,10:29:35,29.79,--,5,14895,卖盘
1427,10:29:30,29.79,--,6,17874,卖盘
1428,10:29:24,29.79,--,2,5958,卖盘
1429,10:29:15,29.79,0.02,6,17874,买盘
1430,10:29:09,29.77,--,1,2977,卖盘
1431,10:29:05,29.77,--,19,56563,买盘
1432,10:29:00,29.77,-0.01,18,53586,买盘
1433,10:28:54,29.78,0.02,32,95296,买盘
1434,10:28:45,29.76,--,10,29760,卖盘
1435,10:28:39,29.76,-0.02,9,26784,卖盘
1436,10:28:35,29.78,--,5,14890,买盘
1437,10:28:30,29.78,0.02,30,89340,买盘
1438,10:28:15,29.76,--,47,139872,卖盘
1439,10:28:05,29.76,--,2,5952,买盘
1440,10:28:00,29.76,--,50,148800,买盘
1441,10:27:54,29.76,--,5,14880,买盘
1442,10:27:50,29.76,--,6,17856,买盘
1443,10:27:35,29.76,--,1,2976,卖盘
1444,10:27:30,29.76,--,3,8928,卖盘
1445,10:27:24,29.76,-0.03,3,8928,卖盘
1446,10:27:20,29.79,0.01,400,1191600,买盘
1447,10:27:05,29.78,--,0,0,卖盘
1448,10:27:00,29.78,-0.01,9,26802,卖盘
1449,10:26:45,29.79,--,15,44685,买盘
1450,10:26:39,29.79,--,0,0,买盘
1451,10:26:35,29.79,--,0,0,买盘
1452,10:26:24,29.79,0.03,109,324711,买盘
1453,10:26:15,29.76,-0.03,63,187488,卖盘
1454,10:26:05,29.79,0.03,3,8937,卖盘
1455,10:26:00,29.76,--,0,0,卖盘
1456,10:25:54,29.76,-0.05,1,2976,卖盘
1457,10:25:39,29.81,0.02,12,35772,买盘
1458,10:25:33,29.79,--,0,0,中性盘
1459,10:25:30,29.79,-0.01,31,92349,卖盘
1460,10:25:24,29.8,--,20,59600,买盘
1461,10:25:18,29.8,0.01,12,35760,买盘
1462,10:25:15,29.79,-0.01,1,2979,卖盘
1463,10:25:09,29.8,--,0,0,买盘
1464,10:25:03,29.8,--,0,0,买盘
1465,10:25:00,29.8,0.05,18,53640,买盘
1466,10:24:39,29.75,0.01,5,14875,买盘
1467,10:24:33,29.74,-0.01,2,5948,中性盘
1468,10:24:29,29.75,--,8,23800,买盘
1469,10:24:24,29.75,0.02,1,2975,买盘
1470,10:24:18,29.73,-0.02,48,142704,卖盘
1471,10:24:14,29.75,--,1,2975,买盘
1472,10:24:03,29.75,--,5,14875,买盘
1473,10:23:59,29.75,0.02,12,35700,买盘
1474,10:23:54,29.73,--,3,8919,卖盘
1475,10:23:48,29.73,-0.02,15,44595,卖盘
1476,10:23:39,29.75,0.02,22,65450,买盘
1477,10:23:33,29.73,-0.02,11,32703,卖盘
1478,10:23:18,29.75,-0.04,19,56525,卖盘
1479,10:23:09,29.79,--,0,0,买盘
1480,10:23:03,29.79,--,3,8937,买盘
1481,10:22:59,29.79,0.08,13,38727,买盘
1482,10:22:48,29.71,-0.04,54,160434,卖盘
1483,10:22:39,29.75,-0.04,13,38675,卖盘
1484,10:22:33,29.79,-0.01,1,2979,买盘
1485,10:22:29,29.8,--,0,0,买盘
1486,10:22:24,29.8,--,0,0,买盘
1487,10:22:18,29.8,0.05,11,32780,买盘
1488,10:22:14,29.75,-0.05,7,20825,卖盘
1489,10:22:03,29.8,0.05,6,17880,买盘
1490,10:21:59,29.75,--,26,77350,卖盘
1491,10:21:54,29.75,-0.05,1,2975,卖盘
1492,10:21:48,29.8,--,0,0,买盘
1493,10:21:39,29.8,0.1,17,50660,买盘
1494,10:21:33,29.7,--,0,0,卖盘
1495,10:21:29,29.7,-0.04,55,163350,卖盘
1496,10:21:24,29.74,-0.06,1,2974,买盘
1497,10:21:18,29.8,0.06,13,38740,买盘
1498,10:21:09,29.74,-0.04,2,5948,卖盘
1499,10:20:59,29.78,--,26,77428,卖盘
1500,10:20:54,29.78,-0.02,1,2978,买盘
1501,10:20:39,29.8,--,0,0,买盘
1502,10:20:24,29.8,0.06,65,193700,买盘
1503,10:20:18,29.74,0.04,9,26766,买盘
1504,10:20:09,29.7,--,0,0,卖盘
1505,10:20:03,29.7,-0.1,31,92070,卖盘
1506,10:19:59,29.8,0.1,21,62580,买盘
1507,10:19:54,29.7,--,17,50490,卖盘
1508,10:19:48,29.7,--,23,68310,买盘
1509,10:19:39,29.7,0.01,17,50490,买盘
1510,10:19:33,29.69,0.01,121,359249,买盘
1511,10:19:29,29.68,-0.01,9,26712,卖盘
1512,10:19:18,29.69,0.01,18,53442,买盘
1513,10:19:14,29.68,--,12,35616,卖盘
1514,10:19:09,29.68,--,17,50456,卖盘
1515,10:19:03,29.68,0.01,5,14840,中性盘
1516,10:18:59,29.67,--,64,189888,卖盘
1517,10:18:54,29.67,-0.01,2,5934,卖盘
1518,10:18:48,29.68,-0.01,1,2968,买盘
1519,10:18:44,29.69,--,6,17814,买盘
1520,10:18:39,29.69,0.01,81,240489,买盘
1521,10:18:33,29.68,-0.01,2,5936,卖盘
1522,10:18:29,29.69,--,88,261272,买盘
1523,10:18:24,29.69,-0.01,197,584893,卖盘
1524,10:18:18,29.7,0.01,13,38610,买盘
1525,10:18:14,29.69,--,3,8907,卖盘
1526,10:18:03,29.69,0.01,58,172202,买盘
1527,10:17:59,29.68,--,61,181048,卖盘
1528,10:17:54,29.68,-0.01,19,56392,卖盘
1529,10:17:48,29.69,0.01,2,5938,中性盘
1530,10:17:44,29.68,-0.01,53,157304,卖盘
1531,10:17:39,29.69,-0.01,158,469102,卖盘
1532,10:17:33,29.7,0.01,6,17820,买盘
1533,10:17:29,29.69,--,44,130636,卖盘
1534,10:17:24,29.69,-0.01,1,2969,卖盘
1535,10:17:18,29.7,-0.09,169,501930,卖盘
1536,10:17:12,29.79,0.08,24,71496,买盘
1537,10:17:03,29.71,-0.08,23,68333,卖盘
1538,10:16:57,29.79,0.08,13,38727,中性盘
1539,10:16:48,29.71,-0.03,8,23768,卖盘
1540,10:16:42,29.74,--,3,8922,买盘
1541,10:16:38,29.74,--,13,38662,买盘
1542,10:16:27,29.74,0.03,6,17844,卖盘
1543,10:16:23,29.71,-0.09,1,2971,卖盘
1544,10:16:18,29.8,0.06,58,172840,买盘
1545,10:16:12,29.74,0.03,27,80298,买盘
1546,10:16:03,29.71,--,1,2971,卖盘
1547,10:15:57,29.71,-0.03,30,89130,卖盘
1548,10:15:53,29.74,--,5,14870,买盘
1549,10:15:48,29.74,-0.01,1,2974,卖盘
1550,10:15:42,29.75,--,1,2975,买盘
1551,10:15:38,29.75,0.01,14,41650,买盘
1552,10:15:33,29.74,--,3,8922,买盘
1553,10:15:27,29.74,--,5,14870,买盘
1554,10:15:23,29.74,0.04,5,14870,买盘
1555,10:15:18,29.7,-0.04,413,1226610,卖盘
1556,10:15:12,29.74,--,2,5948,卖盘
1557,10:15:08,29.74,--,0,0,卖盘
1558,10:15:03,29.74,-0.01,3,8922,卖盘
1559,10:14:57,29.75,--,21,62475,买盘
1560,10:14:53,29.75,--,0,0,买盘
1561,10:14:38,29.75,0.02,14,41650,买盘
1562,10:14:33,29.73,--,8,23784,卖盘
1563,10:14:27,29.73,0.02,115,341895,买盘
1564,10:14:23,29.71,--,13,38623,买盘
1565,10:14:18,29.71,--,16,47536,买盘
1566,10:14:12,29.71,0.02,2,5942,买盘
1567,10:14:08,29.69,-0.01,92,274573,卖盘
1568,10:14:03,29.7,-0.05,12,35640,中性盘
1569,10:13:57,29.75,0.01,13,38675,买盘
1570,10:13:53,29.74,0.04,101,300374,买盘
1571,10:13:48,29.7,-0.04,121,359370,卖盘
1572,10:13:42,29.74,--,0,0,买盘
1573,10:13:38,29.74,--,13,38662,买盘
1574,10:13:33,29.74,--,8,23792,买盘
1575,10:13:23,29.74,--,21,62454,买盘
1576,10:13:18,29.74,--,11,32714,买盘
1577,10:13:12,29.74,--,104,309296,买盘
1578,10:13:08,29.74,0.03,8,23792,买盘
1579,10:13:03,29.71,--,138,409998,卖盘
1580,10:12:57,29.71,--,54,160434,卖盘
1581,10:12:53,29.71,0.01,39,115869,买盘
1582,10:12:48,29.7,-0.01,24,71280,卖盘
1583,10:12:42,29.71,0.01,41,121811,中性盘
1584,10:12:38,29.7,-0.01,129,383130,卖盘
1585,10:12:33,29.71,0.01,38,112898,中性盘
1586,10:12:27,29.7,-0.01,40,118800,卖盘
1587,10:12:23,29.71,--,31,92101,买盘
1588,10:12:18,29.71,-0.04,48,142608,中性盘
1589,10:12:12,29.75,0.01,42,124950,买盘
1590,10:12:08,29.74,--,111,330114,卖盘
1591,10:12:03,29.74,-0.01,82,243868,买盘
1592,10:11:57,29.75,0.01,365,1085875,买盘
1593,10:11:48,29.74,--,2,5948,买盘
1594,10:11:42,29.74,-0.01,4,11896,卖盘
1595,10:11:38,29.75,0.03,16,47600,买盘
1596,10:11:33,29.72,-0.03,15,44580,卖盘
1597,10:11:27,29.75,--,25,74375,卖盘
1598,10:11:18,29.75,-0.03,24,71400,卖盘
1599,10:11:12,29.78,-0.02,12,35736,中性盘
1600,10:11:03,29.8,-0.02,38,115922,卖盘
1601,10:10:57,29.82,0.02,346,1031772,买盘
1602,10:10:53,29.8,--,0,0,卖盘
1603,10:10:48,29.8,-0.02,6,17880,卖盘
1604,10:10:42,29.82,-0.01,10,29820,卖盘
1605,10:10:38,29.83,0.01,13,38779,中性盘
1606,10:10:23,29.82,-0.01,11,32802,卖盘
1607,10:10:18,29.83,0.03,81,241652,买盘
1608,10:10:12,29.8,--,7,20860,卖盘
1609,10:10:03,29.8,0.05,48,143308,买盘
1610,10:09:57,29.75,0.02,94,279650,买盘
1611,10:09:53,29.73,--,10,29730,卖盘
1612,10:09:48,29.73,--,26,77298,卖盘
1613,10:09:42,29.73,-0.01,17,50541,卖盘
1614,10:09:38,29.74,0.01,42,124908,买盘
1615,10:09:27,29.73,-0.01,3,8919,卖盘
1616,10:09:22,29.74,-0.01,26,77324,卖盘
1617,10:09:17,29.75,0.01,14,41650,买盘
1618,10:09:07,29.74,-0.01,14,41636,卖盘
1619,10:09:02,29.75,-0.01,203,603925,中性盘
1620,10:08:57,29.76,0.01,41,122016,买盘
1621,10:08:52,29.75,--,6,17850,买盘
1622,10:08:47,29.75,--,6,17850,买盘
1623,10:08:42,29.75,-0.01,92,273700,卖盘
1624,10:08:36,29.76,0.01,27,80352,买盘
1625,10:08:32,29.75,--,15,44625,卖盘
1626,10:08:27,29.75,-0.01,7,20825,卖盘
1627,10:08:21,29.76,--,5,14880,买盘
1628,10:08:17,29.76,--,15,44640,买盘
1629,10:08:12,29.76,--,3,8928,卖盘
1630,10:08:06,29.76,-0.01,4,11904,卖盘
1631,10:07:57,29.77,0.02,16,47632,买盘
1632,10:07:51,29.75,--,0,0,卖盘
1633,10:07:36,29.75,0.01,13,38675,买盘
1634,10:07:32,29.74,--,60,178440,买盘
1635,10:07:27,29.74,0.01,10,29740,买盘
1636,10:07:21,29.73,-0.01,4,11892,卖盘
1637,10:07:17,29.74,0.01,17,50558,买盘
1638,10:07:12,29.73,-0.01,13,38649,卖盘
1639,10:07:06,29.74,-0.03,20,59480,卖盘
1640,10:06:57,29.77,0.04,20,59540,买盘
1641,10:06:51,29.73,-0.01,69,205137,卖盘
1642,10:06:47,29.74,0.01,13,38662,买盘
1643,10:06:42,29.73,-0.01,11,32703,卖盘
1644,10:06:36,29.74,--,27,80298,卖盘
1645,10:06:32,29.74,-0.01,2,5948,卖盘
1646,10:06:21,29.75,-0.05,32,95200,卖盘
1647,10:06:17,29.8,0.02,14,41720,买盘
1648,10:06:12,29.78,-0.01,10,29780,卖盘
1649,10:06:06,29.79,0.01,12,35748,买盘
1650,10:06:02,29.78,-0.01,3,8934,卖盘
1651,10:05:57,29.79,-0.01,127,381043,卖盘
1652,10:05:51,29.8,-0.01,32,95360,卖盘
1653,10:05:47,29.81,0.01,23,68563,买盘
1654,10:05:42,29.8,-0.01,15,44700,卖盘
1655,10:05:36,29.81,--,23,68563,买盘
1656,10:05:27,29.81,-0.02,1,2981,买盘
1657,10:05:21,29.83,--,0,0,买盘
1658,10:05:17,29.83,0.01,19,56677,买盘
1659,10:05:12,29.82,0.02,7,20874,买盘
1660,10:05:06,29.8,-0.03,35,104300,卖盘
1661,10:05:02,29.83,-0.01,6,17898,买盘
1662,10:04:57,29.84,0.01,13,39060,买盘
1663,10:04:51,29.83,--,5,14915,卖盘
1664,10:04:47,29.83,--,0,0,中性盘
1665,10:04:42,29.83,-0.01,3,8949,卖盘
1666,10:04:36,29.84,--,18,53712,卖盘
1667,10:04:27,29.84,--,17,50728,卖盘
1668,10:04:21,29.84,-0.02,54,161136,卖盘
1669,10:04:17,29.86,0.02,26,77636,买盘
1670,10:04:12,29.84,-0.01,35,104440,卖盘
1671,10:04:06,29.85,0.01,21,62685,中性盘
1672,10:04:02,29.84,-0.02,51,152184,卖盘
1673,10:03:57,29.86,0.01,29,86594,买盘
1674,10:03:51,29.85,-0.01,58,173130,卖盘
1675,10:03:47,29.86,--,29,86594,卖盘
1676,10:03:36,29.86,--,2,5972,卖盘
1677,10:03:32,29.86,0.01,42,125412,买盘
1678,10:03:26,29.85,0.01,7,20895,买盘
1679,10:03:21,29.84,-0.02,6,17904,卖盘
1680,10:03:17,29.86,0.01,20,59720,买盘
1681,10:03:11,29.85,-0.03,2,5970,卖盘
1682,10:03:01,29.88,0.04,14,41832,卖盘
1683,10:02:56,29.84,--,0,0,卖盘
1684,10:02:51,29.84,-0.02,45,134280,卖盘
1685,10:02:46,29.86,-0.02,38,113468,卖盘
1686,10:02:41,29.88,0.02,10,29880,买盘
1687,10:02:36,29.86,-0.02,23,68678,卖盘
1688,10:02:31,29.88,-0.01,13,38844,卖盘
1689,10:02:26,29.89,-0.01,4,11956,卖盘
1690,10:02:21,29.9,--,6,17940,买盘
1691,10:02:16,29.9,--,42,125580,买盘
1692,10:02:11,29.9,-0.03,37,110630,卖盘
1693,10:02:06,29.93,-0.02,18,53874,中性盘
1694,10:02:01,29.95,--,19,56905,买盘
1695,10:01:56,29.95,0.05,1,2995,买盘
1696,10:01:51,29.9,-0.05,55,164450,卖盘
1697,10:01:46,29.95,0.05,97,290515,买盘
1698,10:01:41,29.9,-0.06,8,23920,卖盘
1699,10:01:36,29.96,0.01,19,56924,买盘
1700,10:01:31,29.95,--,61,182695,买盘
1701,10:01:26,29.95,0.03,24,71880,买盘
1702,10:01:21,29.92,-0.03,13,38896,卖盘
1703,10:01:16,29.95,0.02,15,44925,买盘
1704,10:01:11,29.93,0.01,11,32923,卖盘
1705,10:01:01,29.92,0.02,5,14960,买盘
1706,10:00:56,29.9,-0.05,93,278070,卖盘
1707,10:00:51,29.95,0.05,100,299500,买盘
1708,10:00:46,29.9,--,2,5980,卖盘
1709,10:00:36,29.9,--,5,14950,卖盘
1710,10:00:30,29.9,0.01,30,89700,买盘
1711,10:00:26,29.89,0.05,1,2989,买盘
1712,10:00:21,29.84,--,21,62664,卖盘
1713,10:00:15,29.84,--,69,205896,卖盘
1714,10:00:11,29.84,--,3,8952,卖盘
1715,10:00:06,29.84,--,32,95488,卖盘
1716,10:00:00,29.84,0.02,4,11936,卖盘
1717,09:59:56,29.82,-0.02,17,50694,卖盘
1718,09:59:51,29.84,0.02,52,155168,买盘
1719,09:59:45,29.82,-0.02,10,29820,卖盘
1720,09:59:41,29.84,0.02,2,5968,买盘
1721,09:59:36,29.82,0.01,57,169974,中性盘
1722,09:59:30,29.81,--,127,378587,卖盘
1723,09:59:26,29.81,--,12,35772,卖盘
1724,09:59:21,29.81,--,5,14905,卖盘
1725,09:59:15,29.81,0.02,149,444169,卖盘
1726,09:59:11,29.79,-0.01,6,17874,卖盘
1727,09:59:06,29.8,--,5,14900,买盘
1728,09:59:00,29.8,-0.01,63,187740,卖盘
1729,09:58:56,29.81,--,18,53658,卖盘
1730,09:58:51,29.81,0.01,46,137126,买盘
1731,09:58:41,29.8,-0.01,1,2980,卖盘
1732,09:58:36,29.81,-0.03,5,14905,买盘
1733,09:58:30,29.84,0.01,81,241704,买盘
1734,09:58:26,29.83,0.01,1,2983,卖盘
1735,09:58:21,29.82,-0.02,63,187866,卖盘
1736,09:58:15,29.84,--,25,74600,买盘
1737,09:58:11,29.84,--,21,62664,卖盘
1738,09:58:06,29.84,0.02,51,152184,买盘
1739,09:58:00,29.82,-0.02,10,29820,卖盘
1740,09:57:56,29.84,0.02,4,11936,买盘
1741,09:57:51,29.82,--,7,20874,卖盘
1742,09:57:45,29.82,--,10,29820,卖盘
1743,09:57:41,29.82,0.03,57,169974,买盘
1744,09:57:36,29.79,--,6,17874,卖盘
1745,09:57:30,29.79,--,2,5958,买盘
1746,09:57:26,29.79,--,11,32769,买盘
1747,09:57:21,29.79,0.02,1,2979,买盘
1748,09:57:15,29.77,0.01,27,80379,买盘
1749,09:57:06,29.76,0.01,26,77376,买盘
1750,09:57:00,29.75,-0.01,31,92225,卖盘
1751,09:56:56,29.76,0.03,35,104160,买盘
1752,09:56:51,29.73,--,0,0,卖盘
1753,09:56:45,29.73,--,2,5946,卖盘
1754,09:56:36,29.73,--,57,169461,买盘
1755,09:56:30,29.73,0.01,72,214056,买盘
1756,09:56:26,29.72,-0.02,33,98076,卖盘
1757,09:56:20,29.74,0.02,20,59480,买盘
1758,09:56:15,29.72,-0.01,51,151572,卖盘
1759,09:56:11,29.73,--,9,26757,买盘
1760,09:56:05,29.73,--,11,32703,买盘
1761,09:56:00,29.73,0.01,3,8919,中性盘
1762,09:55:56,29.72,-0.02,12,35664,卖盘
1763,09:55:50,29.74,--,20,59480,买盘
1764,09:55:45,29.74,--,8,23792,买盘
1765,09:55:40,29.74,0.03,2,5948,买盘
1766,09:55:35,29.71,-0.03,10,29710,卖盘
1767,09:55:30,29.74,0.03,7,20818,买盘
1768,09:55:25,29.71,0.01,4,11884,卖盘
1769,09:55:20,29.7,--,65,193050,卖盘
1770,09:55:15,29.7,0.02,15,47074,买盘
1771,09:55:11,29.68,-0.02,1,2968,卖盘
1772,09:55:00,29.7,0.02,26,77220,买盘
1773,09:54:55,29.68,--,30,89040,买盘
1774,09:54:50,29.68,0.01,15,44520,买盘
1775,09:54:45,29.67,--,75,222525,买盘
1776,09:54:40,29.67,0.01,55,163185,买盘
1777,09:54:35,29.66,--,2,5932,卖盘
1778,09:54:30,29.66,--,4,11864,买盘
1779,09:54:25,29.66,--,11,32626,买盘
1780,09:54:20,29.66,--,20,59320,买盘
1781,09:54:15,29.66,0.04,67,198722,买盘
1782,09:54:10,29.62,--,19,56278,卖盘
1783,09:54:05,29.62,-0.04,15,44430,中性盘
1784,09:54:00,29.66,0.04,62,183892,买盘
1785,09:53:55,29.62,-0.01,58,171796,买盘
1786,09:53:50,29.63,0.02,10,29630,买盘
1787,09:53:45,29.61,-0.04,31,91791,卖盘
1788,09:53:40,29.65,-0.02,12,35580,中性盘
1789,09:53:35,29.67,-0.01,51,151317,卖盘
1790,09:53:30,29.68,--,101,299768,卖盘
1791,09:53:25,29.68,-0.02,4,11872,卖盘
1792,09:53:20,29.7,--,19,56430,买盘
1793,09:53:15,29.7,-0.04,658,1954260,卖盘
1794,09:53:10,29.74,-0.01,7,20818,中性盘
1795,09:53:05,29.75,--,0,0,中性盘
1796,09:53:00,29.75,-0.01,36,107100,卖盘
1797,09:52:54,29.76,0.01,4,11904,买盘
1798,09:52:50,29.75,-0.02,49,145775,卖盘
1799,09:52:45,29.77,0.01,35,104195,中性盘
1800,09:52:40,29.76,-0.01,25,74400,卖盘
1801,09:52:35,29.77,-0.02,4,11908,卖盘
1802,09:52:30,29.79,--,4,11916,买盘
1803,09:52:25,29.79,0.01,16,47664,买盘
1804,09:52:20,29.78,--,0,0,卖盘
1805,09:52:15,29.78,-0.01,15,44670,卖盘
1806,09:52:09,29.79,-0.01,63,187677,卖盘
1807,09:52:05,29.8,0.01,2,5960,卖盘
1808,09:52:00,29.79,-0.01,88,262152,卖盘
1809,09:51:54,29.8,--,25,74500,买盘
1810,09:51:45,29.8,0.03,22,65560,买盘
1811,09:51:39,29.77,-0.03,23,68471,卖盘
1812,09:51:35,29.8,0.03,13,38740,买盘
1813,09:51:30,29.77,--,26,77402,买盘
1814,09:51:24,29.77,-0.03,7,20839,卖盘
1815,09:51:15,29.8,--,7,20860,卖盘
1816,09:51:09,29.8,-0.02,18,53640,卖盘
1817,09:51:05,29.82,--,2,5964,买盘
1818,09:51:00,29.82,--,12,35784,买盘
1819,09:50:54,29.82,0.07,96,286272,买盘
1820,09:50:50,29.75,-0.05,610,1817427,卖盘
1821,09:50:45,29.8,0.04,21,62580,买盘
1822,09:50:39,29.76,--,3,8928,卖盘
1823,09:50:35,29.76,--,3,9314,买盘
1824,09:50:30,29.76,0.01,59,175584,买盘
1825,09:50:24,29.75,--,45,133875,卖盘
1826,09:50:20,29.75,--,13,38675,卖盘
1827,09:50:15,29.75,0.04,74,220150,买盘
1828,09:50:09,29.71,0.01,28,83188,买盘
1829,09:50:05,29.7,-0.05,42,124740,卖盘
1830,09:50:00,29.75,0.04,52,154700,买盘
1831,09:49:54,29.71,--,123,365433,卖盘
1832,09:49:50,29.71,-0.02,23,68333,卖盘
1833,09:49:45,29.73,-0.02,38,112974,卖盘
1834,09:49:39,29.75,--,10,29750,买盘
1835,09:49:35,29.75,-0.01,11,32725,卖盘
1836,09:49:29,29.76,0.01,17,50592,买盘
1837,09:49:24,29.75,-0.01,29,86275,卖盘
1838,09:49:20,29.76,--,100,297600,买盘
1839,09:49:14,29.76,-0.04,79,236592,卖盘
1840,09:49:09,29.8,-0.05,429,1278420,卖盘
1841,09:49:05,29.85,-0.01,4,11940,中性盘
1842,09:48:59,29.86,0.04,5,14930,买盘
1843,09:48:54,29.82,-0.04,273,814086,卖盘
1844,09:48:50,29.86,-0.02,35,104510,卖盘
1845,09:48:44,29.88,--,2,5976,买盘
1846,09:48:39,29.88,--,228,681712,卖盘
1847,09:48:35,29.88,--,2,5976,卖盘
1848,09:48:29,29.88,--,220,657360,卖盘
1849,09:48:24,29.88,-0.01,22,65736,卖盘
1850,09:48:19,29.89,0.01,2,5978,买盘
1851,09:48:14,29.88,-0.01,16,47808,卖盘
1852,09:48:09,29.89,--,18,53802,买盘
1853,09:48:04,29.89,--,124,370636,买盘
1854,09:47:59,29.89,--,17,50813,买盘
1855,09:47:54,29.89,0.01,2,5978,买盘
1856,09:47:49,29.88,-0.01,11,32868,卖盘
1857,09:47:44,29.89,--,5,14945,买盘
1858,09:47:39,29.89,--,3,8967,买盘
1859,09:47:34,29.89,-0.01,7,20923,卖盘
1860,09:47:24,29.9,0.01,7,20930,买盘
1861,09:47:19,29.89,-0.01,10,29890,卖盘
1862,09:47:09,29.9,0.01,70,209300,买盘
1863,09:47:04,29.89,-0.01,16,47824,卖盘
1864,09:46:59,29.9,0.01,5,14950,买盘
1865,09:46:54,29.89,--,7,20923,卖盘
1866,09:46:49,29.89,--,27,80703,卖盘
1867,09:46:44,29.89,--,1,2989,卖盘
1868,09:46:39,29.89,--,57,170373,卖盘
1869,09:46:34,29.89,--,16,47824,卖盘
1870,09:46:29,29.89,--,8,23912,卖盘
1871,09:46:24,29.89,--,26,77714,卖盘
1872,09:46:19,29.89,0.01,47,140483,买盘
1873,09:46:14,29.88,--,2,7798,卖盘
1874,09:46:09,29.88,-0.01,12,35856,卖盘
1875,09:46:04,29.89,0.01,23,68747,买盘
1876,09:45:59,29.88,-0.01,2,5976,卖盘
1877,09:45:54,29.89,--,16,47824,买盘
1878,09:45:49,29.89,--,7,20923,买盘
1879,09:45:44,29.89,--,2,5978,买盘
1880,09:45:39,29.89,-0.01,5,14945,卖盘
1881,09:45:34,29.9,--,16,47840,卖盘
1882,09:45:24,29.9,-0.01,6,17940,中性盘
1883,09:45:19,29.91,0.01,8,25094,卖盘
1884,09:45:09,29.9,0.01,5,16773,买盘
1885,09:45:04,29.89,-0.02,42,125538,卖盘
1886,09:44:54,29.91,0.01,2,5982,买盘
1887,09:44:49,29.9,--,16,47840,买盘
1888,09:44:44,29.9,0.02,4,11960,买盘
1889,09:44:39,29.88,-0.03,158,472104,卖盘
1890,09:44:33,29.91,0.01,4,11964,买盘
1891,09:44:29,29.9,--,48,143520,卖盘
1892,09:44:24,29.9,--,19,56810,卖盘
1893,09:44:18,29.9,-0.01,31,92690,卖盘
1894,09:44:14,29.91,0.01,52,155532,买盘
1895,09:44:09,29.9,--,62,185380,卖盘
1896,09:44:03,29.9,-0.01,19,56810,卖盘
1897,09:43:54,29.91,--,127,379857,买盘
1898,09:43:48,29.91,--,40,119640,卖盘
1899,09:43:44,29.91,--,12,35892,卖盘
1900,09:43:39,29.91,-0.01,24,71784,卖盘
1901,09:43:33,29.92,--,14,41888,买盘
1902,09:43:29,29.92,--,8,23936,卖盘
1903,09:43:24,29.92,-0.01,5,14960,中性盘
1904,09:43:18,29.93,0.01,10,29930,买盘
1905,09:43:14,29.92,--,6,17952,买盘
1906,09:43:09,29.92,--,2,5984,卖盘
1907,09:43:03,29.92,--,7,20944,卖盘
1908,09:42:54,29.92,-0.01,9,26928,卖盘
1909,09:42:48,29.93,--,3,8979,买盘
1910,09:42:38,29.93,-0.01,3,8979,卖盘
1911,09:42:29,29.94,--,3,8982,买盘
1912,09:42:23,29.94,-0.01,1,2994,买盘
1913,09:42:18,29.95,--,22,65890,买盘
1914,09:42:14,29.95,--,15,44925,卖盘
1915,09:42:08,29.95,--,4,11980,卖盘
1916,09:42:03,29.95,--,2,5990,卖盘
1917,09:41:53,29.95,--,10,29950,卖盘
1918,09:41:48,29.95,--,47,140765,买盘
1919,09:41:43,29.95,0.04,23,68885,买盘
1920,09:41:38,29.91,--,12,35892,卖盘
1921,09:41:33,29.91,--,5,14955,卖盘
1922,09:41:29,29.91,0.01,40,119640,买盘
1923,09:41:23,29.9,-0.01,7,20930,卖盘
1924,09:41:18,29.91,0.01,33,98703,买盘
1925,09:41:13,29.9,--,136,406640,卖盘
1926,09:41:08,29.9,--,24,71760,卖盘
1927,09:41:03,29.9,--,0,0,卖盘
1928,09:40:53,29.9,-0.05,200,598000,卖盘
1929,09:40:48,29.95,-0.03,178,533110,卖盘
1930,09:40:43,29.98,--,10,29980,买盘
1931,09:40:38,29.98,0.01,13,38974,买盘
1932,09:40:33,29.97,-0.02,20,59940,卖盘
1933,09:40:28,29.99,0.01,7,20993,买盘
1934,09:40:23,29.98,-0.01,51,152898,卖盘
1935,09:40:18,29.99,-0.01,6,17994,卖盘
1936,09:40:13,30.0,0.02,139,417000,买盘
1937,09:40:08,29.98,--,21,62958,卖盘
1938,09:40:03,29.98,-0.02,17,50966,卖盘
1939,09:39:58,30.0,0.03,13,39000,买盘
1940,09:39:48,29.97,-0.02,52,155844,卖盘
1941,09:39:43,29.99,0.02,33,98967,买盘
1942,09:39:38,29.97,-0.01,5,14985,卖盘
1943,09:39:33,29.98,--,27,80946,卖盘
1944,09:39:28,29.98,--,25,74950,卖盘
1945,09:39:23,29.98,0.02,18,53964,中性盘
1946,09:39:18,29.96,--,3,8988,卖盘
1947,09:39:13,29.96,-0.02,14,41944,卖盘
1948,09:39:08,29.98,--,14,41972,卖盘
1949,09:39:03,29.98,0.02,199,596602,买盘
1950,09:38:58,29.96,0.05,3,8988,买盘
1951,09:38:53,29.91,0.01,8,23928,卖盘
1952,09:38:48,29.9,--,79,236210,卖盘
1953,09:38:43,29.9,-0.07,95,284050,卖盘
1954,09:38:33,29.97,--,2,5994,买盘
1955,09:38:28,29.97,0.07,26,77922,买盘
1956,09:38:23,29.9,0.02,10,29900,卖盘
1957,09:38:18,29.88,--,16,48525,买盘
1958,09:38:13,29.88,--,6,17928,买盘
1959,09:38:03,29.88,--,65,194220,买盘
1960,09:37:58,29.88,-0.02,52,157646,卖盘
1961,09:37:53,29.9,--,2,5980,卖盘
1962,09:37:48,29.9,--,25,75467,买盘
1963,09:37:43,29.9,0.02,6,17940,买盘
1964,09:37:38,29.88,-0.02,4,11952,卖盘
1965,09:37:33,29.9,-0.05,33,98670,买盘
1966,09:37:28,29.95,0.1,79,236605,买盘
1967,09:37:23,29.85,-0.05,48,143280,卖盘
1968,09:37:18,29.9,0.05,6,17940,买盘
1969,09:37:13,29.85,-0.02,49,146265,卖盘
1970,09:37:07,29.87,0.02,11,32857,中性盘
1971,09:37:03,29.85,--,27,80595,卖盘
1972,09:36:57,29.85,--,28,83580,买盘
1973,09:36:53,29.85,0.01,117,349245,买盘
1974,09:36:48,29.84,-0.01,108,322272,卖盘
1975,09:36:42,29.85,--,8,23880,买盘
1976,09:36:33,29.85,-0.05,76,226860,卖盘
1977,09:36:27,29.9,--,5,14950,买盘
1978,09:36:22,29.9,--,1,2990,买盘
1979,09:36:18,29.9,-0.1,415,1242046,卖盘
1980,09:36:12,30.0,--,19,57000,买盘
1981,09:36:07,30.0,--,1,3000,卖盘
1982,09:36:03,30.0,0.01,39,117000,买盘
1983,09:35:57,29.99,-0.01,2,5998,中性盘
1984,09:35:52,30.0,0.01,59,177000,卖盘
1985,09:35:42,29.99,-0.01,42,125958,卖盘
1986,09:35:37,30.0,--,2,6000,买盘
1987,09:35:32,30.0,-0.01,147,441000,卖盘
1988,09:35:27,30.01,-0.03,16,48016,买盘
1989,09:35:22,30.04,0.02,48,144192,买盘
1990,09:35:17,30.02,0.02,2,6004,买盘
1991,09:35:12,30.0,--,49,147000,买盘
1992,09:35:07,30.0,-0.02,45,136170,卖盘
1993,09:35:02,30.02,0.02,5,15010,买盘
1994,09:34:57,30.0,-0.02,17,51000,卖盘
1995,09:34:52,30.02,-0.04,26,78052,卖盘
1996,09:34:47,30.06,0.04,26,78156,买盘
1997,09:34:42,30.02,0.03,0,1831,中性盘
1998,09:34:37,29.99,-0.01,52,155948,卖盘
1999,09:34:32,30.0,--,13,39000,卖盘
2000,09:34:27,30.0,0.01,69,207000,买盘
2001,09:34:22,29.99,--,65,194935,买盘
2002,09:34:17,29.99,--,9,26991,买盘
2003,09:34:12,29.99,-0.01,68,203932,卖盘
2004,09:34:07,30.0,--,48,144000,买盘
2005,09:33:57,30.0,0.01,20,60000,买盘
2006,09:33:52,29.99,--,20,59980,卖盘
2007,09:33:47,29.99,--,5,14995,卖盘
2008,09:33:42,29.99,0.01,57,170943,买盘
2009,09:33:37,29.98,--,18,53964,买盘
2010,09:33:32,29.98,0.01,50,149900,买盘
2011,09:33:27,29.97,-0.01,72,215784,买盘
2012,09:33:22,29.98,0.03,2,5996,买盘
2013,09:33:17,29.95,--,9,26955,卖盘
2014,09:33:12,29.95,0.02,29,88652,买盘
2015,09:33:07,29.93,-0.01,116,347188,卖盘
2016,09:33:02,29.94,-0.01,18,53892,卖盘
2017,09:32:57,29.95,0.05,54,161730,买盘
2018,09:32:52,29.9,--,60,179400,买盘
2019,09:32:47,29.9,-0.01,29,86710,卖盘
2020,09:32:42,29.91,0.01,17,50847,买盘
2021,09:32:37,29.9,--,34,101660,买盘
2022,09:32:32,29.9,--,68,203320,卖盘
2023,09:32:27,29.9,--,6,17940,买盘
2024,09:32:22,29.9,0.02,29,86710,买盘
2025,09:32:17,29.88,0.05,4,11952,买盘
2026,09:32:12,29.83,--,10,29830,卖盘
2027,09:32:07,29.83,--,29,86507,卖盘
2028,09:32:02,29.83,-0.07,2,5966,卖盘
2029,09:31:57,29.9,-0.01,73,218270,买盘
2030,09:31:52,29.91,--,8,23928,买盘
2031,09:31:42,29.91,0.1,9,26919,卖盘
2032,09:31:37,29.81,-0.1,143,426283,卖盘
2033,09:31:32,29.91,--,7,20937,卖盘
2034,09:31:27,29.91,0.11,419,1255053,买盘
2035,09:31:22,29.8,-0.01,39,116220,卖盘
2036,09:31:17,29.81,--,47,140107,买盘
2037,09:31:12,29.81,--,43,128183,买盘
2038,09:31:07,29.81,0.01,119,354739,买盘
2039,09:31:02,29.8,-0.01,16,49170,卖盘
2040,09:30:57,29.81,--,73,217613,买盘
2041,09:30:52,29.81,--,194,578314,买盘
2042,09:30:47,29.81,-0.02,153,456093,卖盘
2043,09:30:42,29.83,0.01,8,23864,买盘
2044,09:30:37,29.82,-0.03,28,83496,卖盘
2045,09:30:32,29.85,-0.04,3,8955,卖盘
2046,09:30:27,29.89,-0.01,52,155428,中性盘
2047,09:30:22,29.9,--,5,14950,买盘
2048,09:30:17,29.9,-0.02,23,68770,卖盘
2049,09:30:12,29.92,0.02,89,266288,买盘
2050,09:30:07,29.9,-0.05,357,1067430,卖盘
2051,09:28:55,29.95,--,0,0,买盘
2052,09:25:04,29.95,29.95,524,1569380,买盘
