,time,price,change,volume,amount,type
0,15:00:00,13.9,--,0,0,买盘
1,15:00:00,13.9,--,148,205720,卖盘
2,14:59:58,13.9,--,13,18070,买盘
3,14:59:53,13.9,--,21,29190,买盘
4,14:59:48,13.9,--,215,298850,买盘
5,14:59:43,13.9,--,14,19460,买盘
6,14:59:38,13.9,--,151,209890,买盘
7,14:59:33,13.9,--,310,430900,买盘
8,14:59:28,13.9,--,50,69500,买盘
9,14:59:23,13.9,--,64,88960,买盘
10,14:59:18,13.9,--,121,168190,买盘
11,14:59:08,13.9,0.01,6,8340,买盘
12,14:59:03,13.89,--,10,13890,卖盘
13,14:58:58,13.89,--,366,508374,买盘
14,14:58:53,13.89,--,70,97230,买盘
15,14:58:48,13.89,0.01,62,86118,买盘
16,14:58:33,13.88,--,51,70788,买盘
17,14:58:28,13.88,0.01,17,23596,买盘
18,14:58:23,13.87,--,32,44384,卖盘
19,14:58:08,13.87,0.01,101,140087,买盘
20,14:58:03,13.86,-0.01,14,19404,卖盘
21,14:57:58,13.87,0.01,10,13870,买盘
22,14:57:53,13.86,--,15,20790,卖盘
23,14:57:48,13.86,--,42,58212,卖盘
24,14:57:28,13.86,--,10,13860,卖盘
25,14:57:18,13.86,--,82,113652,卖盘
26,14:57:13,13.86,--,15,20790,买盘
27,14:57:03,13.86,--,3,4158,买盘
28,14:56:57,13.86,-0.02,109,151074,卖盘
29,14:56:42,13.88,-0.02,18,24984,中性盘
30,14:56:37,13.9,0.02,144,200160,买盘
31,14:56:33,13.88,0.01,15,20820,买盘
32,14:56:27,13.87,-0.01,40,55480,卖盘
33,14:56:12,13.88,--,14,19432,卖盘
34,14:56:07,13.88,--,25,34700,卖盘
35,14:56:03,13.88,-0.01,30,41640,卖盘
36,14:55:57,13.89,--,21,29169,买盘
37,14:55:53,13.89,0.01,5,6945,买盘
38,14:55:48,13.88,--,6,8328,买盘
39,14:55:42,13.88,--,13,18044,卖盘
40,14:55:37,13.88,-0.01,2,2776,卖盘
41,14:55:33,13.89,--,40,55560,买盘
42,14:55:17,13.89,--,4,5556,买盘
43,14:55:12,13.89,--,68,94452,卖盘
44,14:55:02,13.89,-0.01,28,38892,卖盘
45,14:54:57,13.9,--,5,6950,买盘
46,14:54:47,13.9,--,96,133440,卖盘
47,14:54:42,13.9,--,137,190430,买盘
48,14:54:37,13.9,--,3,4170,买盘
49,14:54:32,13.9,--,0,0,买盘
50,14:54:17,13.9,--,5,6950,买盘
51,14:54:12,13.9,--,121,168190,买盘
52,14:53:57,13.9,-0.01,217,302881,卖盘
53,14:53:47,13.91,--,35,48685,卖盘
54,14:53:37,13.91,--,20,27820,卖盘
55,14:53:32,13.91,--,2,2782,卖盘
56,14:53:27,13.91,0.01,23,31993,中性盘
57,14:53:22,13.9,-0.01,40,55600,卖盘
58,14:53:17,13.91,0.01,5,6955,买盘
59,14:53:12,13.9,--,23,31970,卖盘
60,14:53:07,13.9,--,0,0,卖盘
61,14:53:02,13.9,-0.01,260,361400,卖盘
62,14:52:57,13.91,--,14,19474,卖盘
63,14:52:52,13.91,0.01,12,16692,买盘
64,14:52:42,13.9,-0.02,24,33360,卖盘
65,14:52:32,13.92,--,26,36192,买盘
66,14:52:27,13.92,0.02,41,57072,买盘
67,14:52:17,13.9,--,9,12510,卖盘
68,14:52:07,13.9,--,1,1390,卖盘
69,14:52:02,13.9,-0.02,30,41700,卖盘
70,14:51:57,13.92,--,10,13920,卖盘
71,14:51:52,13.92,0.02,10,13920,卖盘
72,14:51:47,13.9,--,0,0,卖盘
73,14:51:32,13.9,-0.03,5,6950,卖盘
74,14:51:27,13.93,--,81,112833,卖盘
75,14:51:22,13.93,0.03,5,6965,买盘
76,14:51:07,13.9,-0.04,801,1113390,卖盘
77,14:51:02,13.94,--,45,62730,买盘
78,14:50:52,13.94,--,4,5576,买盘
79,14:50:47,13.94,-0.01,1,1394,卖盘
80,14:50:42,13.95,0.01,131,182745,买盘
81,14:50:32,13.94,--,22,30668,卖盘
82,14:50:27,13.94,--,7,9758,卖盘
83,14:50:17,13.94,--,28,39032,卖盘
84,14:50:02,13.94,-0.01,43,59942,卖盘
85,14:49:47,13.95,0.01,93,129735,买盘
86,14:49:42,13.94,-0.01,5,6970,卖盘
87,14:49:31,13.95,--,5,6975,买盘
88,14:49:27,13.95,0.01,2,2790,买盘
89,14:49:22,13.94,-0.01,350,487900,卖盘
90,14:49:17,13.95,0.01,20,27900,买盘
91,14:49:12,13.94,-0.01,5,6970,卖盘
92,14:49:01,13.95,--,2,2790,买盘
93,14:48:57,13.95,--,10,13950,买盘
94,14:48:52,13.95,--,31,43258,买盘
95,14:48:46,13.95,-0.01,38,53010,卖盘
96,14:48:42,13.96,0.01,225,314100,买盘
97,14:48:36,13.95,-0.01,55,78106,卖盘
98,14:48:31,13.96,0.01,3,4188,买盘
99,14:48:27,13.95,--,33,46035,卖盘
100,14:48:21,13.95,--,263,366885,卖盘
101,14:48:16,13.95,-0.01,15,20925,卖盘
102,14:48:11,13.96,0.01,72,100512,买盘
103,14:48:06,13.95,-0.01,240,334800,卖盘
104,14:48:01,13.96,0.01,187,261052,买盘
105,14:47:56,13.95,-0.01,31,43245,卖盘
106,14:47:51,13.96,0.01,12,16752,买盘
107,14:47:46,13.95,--,19,26505,卖盘
108,14:47:41,13.95,0.01,14,19543,买盘
109,14:47:36,13.94,-0.01,50,69700,卖盘
110,14:47:31,13.95,--,343,478485,买盘
111,14:47:26,13.95,--,31,43245,买盘
112,14:47:21,13.95,0.01,48,66960,买盘
113,14:47:16,13.94,-0.01,2,2788,卖盘
114,14:47:11,13.95,--,40,57181,卖盘
115,14:47:06,13.95,--,488,680773,买盘
116,14:47:01,13.95,0.01,9,12555,买盘
117,14:46:56,13.94,-0.01,11,15334,卖盘
118,14:46:51,13.95,--,15,20925,买盘
119,14:46:46,13.95,--,530,739350,买盘
120,14:46:41,13.95,0.01,457,637515,买盘
121,14:46:36,13.94,-0.01,394,549236,卖盘
122,14:46:31,13.95,0.01,10,13950,买盘
123,14:46:26,13.94,-0.01,23,32062,卖盘
124,14:46:20,13.95,0.01,13,18135,买盘
125,14:46:11,13.94,-0.01,2,2788,卖盘
126,14:46:06,13.95,--,50,69750,买盘
127,14:45:51,13.95,--,34,47430,买盘
128,14:45:40,13.95,0.01,5,6975,买盘
129,14:45:36,13.94,-0.01,7,9758,卖盘
130,14:45:31,13.95,--,5,6975,买盘
131,14:45:26,13.95,0.01,1,1395,买盘
132,14:45:21,13.94,--,1,1394,卖盘
133,14:45:11,13.94,-0.01,14,19516,卖盘
134,14:45:06,13.95,--,29,40455,买盘
135,14:45:01,13.95,0.01,29,40455,买盘
136,14:44:56,13.94,-0.01,15,20910,卖盘
137,14:44:51,13.95,0.01,11,15345,买盘
138,14:44:46,13.94,-0.01,15,20910,卖盘
139,14:44:41,13.95,--,30,41850,买盘
140,14:44:35,13.95,--,30,41850,买盘
141,14:44:31,13.95,--,158,220410,买盘
142,14:44:21,13.95,--,12,16740,买盘
143,14:44:16,13.95,0.01,4,5580,买盘
144,14:44:11,13.94,-0.01,10,13940,中性盘
145,14:44:06,13.95,--,1,1395,买盘
146,14:44:01,13.95,0.02,8,11160,买盘
147,14:43:41,13.93,-0.02,95,132335,卖盘
148,14:43:36,13.95,0.01,2814,3925530,买盘
149,14:43:26,13.94,0.01,15,20910,买盘
150,14:43:21,13.93,-0.01,38,52934,卖盘
151,14:43:10,13.94,--,34,47396,买盘
152,14:43:06,13.94,--,166,231404,买盘
153,14:42:50,13.94,0.01,10,13940,买盘
154,14:42:46,13.93,--,26,36218,卖盘
155,14:42:41,13.93,--,9,12537,卖盘
156,14:42:35,13.93,--,3,4179,卖盘
157,14:42:26,13.93,--,3,4179,卖盘
158,14:42:21,13.93,0.01,23,32039,买盘
159,14:42:11,13.92,--,2,2784,卖盘
160,14:42:06,13.92,-0.01,11,15312,卖盘
161,14:41:56,13.93,0.01,1,1393,买盘
162,14:41:41,13.92,-0.02,14,19488,卖盘
163,14:41:35,13.94,--,0,0,买盘
164,14:41:30,13.94,0.01,136,189584,买盘
165,14:41:26,13.93,--,5,6965,买盘
166,14:41:21,13.93,-0.01,89,123977,卖盘
167,14:41:11,13.94,0.01,25,34850,买盘
168,14:41:06,13.93,-0.01,300,417900,卖盘
169,14:41:01,13.94,--,16,22304,买盘
170,14:40:55,13.94,-0.01,1,1394,买盘
171,14:40:50,13.95,--,200,279000,买盘
172,14:40:46,13.95,0.01,19,26505,买盘
173,14:40:41,13.94,--,197,274618,卖盘
174,14:40:35,13.94,-0.01,17,23698,卖盘
175,14:40:31,13.95,--,23,32085,买盘
176,14:40:25,13.95,--,36,50220,买盘
177,14:40:19,13.95,0.01,10,13950,买盘
178,14:40:16,13.94,-0.01,120,167280,卖盘
179,14:40:10,13.95,0.01,2,2790,买盘
180,14:40:05,13.94,-0.01,1,1394,卖盘
181,14:40:01,13.95,0.01,17,23715,买盘
182,14:39:55,13.94,--,1,1394,卖盘
183,14:39:50,13.94,0.01,314,437716,买盘
184,14:39:45,13.93,--,1,1393,卖盘
185,14:39:40,13.93,--,70,97510,买盘
186,14:39:35,13.93,-0.01,45,62685,卖盘
187,14:39:30,13.94,--,32,44608,买盘
188,14:39:20,13.94,--,1,1394,买盘
189,14:39:04,13.94,--,284,395896,买盘
190,14:38:50,13.94,--,38,52972,买盘
191,14:38:45,13.94,-0.01,35,48790,卖盘
192,14:38:35,13.95,0.01,65,90675,买盘
193,14:38:30,13.94,-0.01,34,47396,卖盘
194,14:38:20,13.95,0.01,16,22320,买盘
195,14:38:15,13.94,-0.01,92,128248,卖盘
196,14:38:00,13.95,--,25,34875,买盘
197,14:37:50,13.95,--,4,5580,买盘
198,14:37:45,13.95,-0.01,6,8370,买盘
199,14:37:35,13.96,0.01,504,703584,买盘
200,14:37:30,13.95,--,181,252495,卖盘
201,14:37:25,13.95,-0.01,45,62775,卖盘
202,14:37:20,13.96,0.03,10,13960,买盘
203,14:37:15,13.93,-0.01,50,69650,卖盘
204,14:37:10,13.94,-0.01,50,69700,卖盘
205,14:37:04,13.95,0.02,394,549630,买盘
206,14:37:00,13.93,-0.01,136,189448,卖盘
207,14:36:50,13.94,0.01,123,171462,买盘
208,14:36:45,13.93,-0.01,8,11144,卖盘
209,14:36:40,13.94,0.01,4,5576,买盘
210,14:36:35,13.93,-0.02,678,944454,卖盘
211,14:36:29,13.95,0.01,14,19530,买盘
212,14:36:25,13.94,-0.01,505,703970,卖盘
213,14:36:20,13.95,0.01,15,20925,买盘
214,14:36:15,13.94,-0.01,60,83640,卖盘
215,14:36:10,13.95,--,516,719820,买盘
216,14:36:05,13.95,--,31,43245,买盘
217,14:36:00,13.95,--,54,75330,买盘
218,14:35:55,13.95,--,4,5580,买盘
219,14:35:49,13.95,--,251,350145,买盘
220,14:35:45,13.95,--,10,13950,买盘
221,14:35:40,13.95,--,21,29295,买盘
222,14:35:34,13.95,--,109,152055,买盘
223,14:35:30,13.95,-0.01,32,44640,中性盘
224,14:35:25,13.96,0.01,398,555608,买盘
225,14:35:19,13.95,--,293,408735,卖盘
226,14:35:15,13.95,--,16,22320,卖盘
227,14:35:05,13.95,--,130,181350,买盘
228,14:35:00,13.95,--,450,627750,卖盘
229,14:34:55,13.95,--,500,697500,卖盘
230,14:34:49,13.95,-0.01,628,876060,卖盘
231,14:34:45,13.96,0.01,764,1066544,买盘
232,14:34:40,13.95,-0.01,541,754695,卖盘
233,14:34:35,13.96,0.01,24,33504,买盘
234,14:34:30,13.95,--,10,13950,卖盘
235,14:34:19,13.95,--,598,834210,买盘
236,14:34:15,13.95,0.01,54,75330,买盘
237,14:34:10,13.94,-0.01,10,13940,卖盘
238,14:34:05,13.95,--,82,114390,买盘
239,14:34:00,13.95,--,57,79515,买盘
240,14:33:55,13.95,--,22,30690,买盘
241,14:33:50,13.95,--,382,532890,买盘
242,14:33:45,13.95,0.02,400,558000,买盘
243,14:33:34,13.93,-0.01,1120,1560160,卖盘
244,14:33:29,13.94,--,643,896342,买盘
245,14:33:24,13.94,--,50,69700,买盘
246,14:33:19,13.94,0.01,23,32062,买盘
247,14:33:13,13.93,--,281,391433,买盘
248,14:33:10,13.93,0.01,35,48755,买盘
249,14:33:04,13.92,--,100,139200,卖盘
250,14:32:58,13.92,0.02,847,1179163,买盘
251,14:32:54,13.9,--,73,101470,买盘
252,14:32:50,13.9,--,41,56990,买盘
253,14:32:43,13.9,--,5,6950,买盘
254,14:32:39,13.9,--,0,0,买盘
255,14:32:34,13.9,0.01,400,556000,买盘
256,14:32:29,13.89,--,17,23613,买盘
257,14:32:20,13.89,--,39,54171,买盘
258,14:32:14,13.89,0.02,59,81951,买盘
259,14:32:10,13.87,0.01,1022,1417514,买盘
260,14:32:04,13.86,-0.01,100,138600,卖盘
261,14:31:59,13.87,--,25,34675,买盘
262,14:31:54,13.87,--,12,16644,买盘
263,14:31:43,13.87,--,2,2774,买盘
264,14:31:24,13.87,0.01,12,16644,买盘
265,14:31:14,13.86,-0.01,150,207900,卖盘
266,14:30:54,13.87,0.01,12,16644,买盘
267,14:30:39,13.86,-0.01,10,13860,卖盘
268,14:30:34,13.87,--,0,0,买盘
269,14:30:28,13.87,0.01,100,138700,买盘
270,14:30:24,13.86,-0.01,147,204989,卖盘
271,14:30:14,13.87,0.01,130,180310,买盘
272,14:30:04,13.86,--,0,138,卖盘
273,14:29:54,13.86,-0.01,16,22176,卖盘
274,14:29:39,13.87,0.01,3,4161,买盘
275,14:29:34,13.86,-0.01,13,18018,卖盘
276,14:29:24,13.87,0.01,12,16644,买盘
277,14:29:19,13.86,--,60,83160,卖盘
278,14:29:14,13.86,-0.01,10,13860,卖盘
279,14:29:09,13.87,0.01,1,1387,买盘
280,14:29:04,13.86,-0.01,20,27720,卖盘
281,14:28:59,13.87,0.02,3,4161,买盘
282,14:28:54,13.85,-0.01,339,470789,卖盘
283,14:28:49,13.86,--,8,11088,卖盘
284,14:28:39,13.86,--,11,15246,买盘
285,14:28:34,13.86,--,38,52668,买盘
286,14:28:28,13.86,--,45,62370,买盘
287,14:28:24,13.86,--,12,16632,买盘
288,14:28:13,13.86,--,6,8316,买盘
289,14:28:09,13.86,--,5,6930,买盘
290,14:28:04,13.86,-0.01,6,8316,卖盘
291,14:27:58,13.87,0.02,6,8322,买盘
292,14:27:54,13.85,-0.01,20,27700,卖盘
293,14:27:49,13.86,--,2,2772,买盘
294,14:27:24,13.86,--,18,24948,买盘
295,14:27:14,13.86,--,24,33264,买盘
296,14:27:09,13.86,--,221,306306,卖盘
297,14:27:04,13.86,-0.01,4,5544,卖盘
298,14:26:59,13.87,--,13,18031,买盘
299,14:26:54,13.87,0.01,12,16644,买盘
300,14:26:44,13.86,-0.01,136,188496,卖盘
301,14:26:28,13.87,--,7,9709,买盘
302,14:26:24,13.87,--,12,16644,买盘
303,14:26:19,13.87,0.01,50,69350,买盘
304,14:26:07,13.86,-0.01,200,277200,卖盘
305,14:25:52,13.87,0.01,22,30514,买盘
306,14:25:43,13.86,-0.01,55,76230,卖盘
307,14:25:37,13.87,--,1,1387,买盘
308,14:25:23,13.87,0.01,12,16644,买盘
309,14:25:08,13.86,--,15,20790,卖盘
310,14:24:53,13.86,--,50,69300,卖盘
311,14:24:43,13.86,--,98,135828,买盘
312,14:24:22,13.86,0.01,14,19404,买盘
313,14:24:13,13.85,--,8,11080,卖盘
314,14:23:52,13.85,0.01,4,5540,买盘
315,14:23:43,13.84,--,1,1384,卖盘
316,14:23:22,13.84,0.01,29,41506,买盘
317,14:23:18,13.83,-0.01,5,6915,卖盘
318,14:23:13,13.84,--,67,92728,买盘
319,14:23:03,13.84,-0.02,222,307261,卖盘
320,14:22:53,13.86,--,12,16632,买盘
321,14:22:48,13.86,--,12,16632,卖盘
322,14:22:33,13.86,--,5,6930,买盘
323,14:22:28,13.86,--,22,30492,买盘
324,14:22:22,13.86,0.01,23,31878,买盘
325,14:22:18,13.85,-0.01,55,76175,卖盘
326,14:22:13,13.86,--,19,26334,买盘
327,14:22:07,13.86,--,3,4158,买盘
328,14:21:58,13.86,--,7,9702,买盘
329,14:21:52,13.86,0.01,26,36036,买盘
330,14:21:47,13.85,-0.01,14,19390,卖盘
331,14:21:43,13.86,--,10,13860,买盘
332,14:21:37,13.86,--,23,31878,买盘
333,14:21:33,13.86,--,10,13860,买盘
334,14:21:28,13.86,0.01,68,94248,买盘
335,14:21:22,13.85,-0.01,22,30470,卖盘
336,14:21:07,13.86,0.01,38,52668,买盘
337,14:21:03,13.85,-0.01,5,6925,卖盘
338,14:20:52,13.86,--,12,16632,买盘
339,14:20:37,13.86,0.01,6,8316,买盘
340,14:20:28,13.85,-0.01,8,11080,卖盘
341,14:20:22,13.86,0.01,49,67914,买盘
342,14:20:18,13.85,--,2,2770,卖盘
343,14:20:07,13.85,-0.01,10,13850,卖盘
344,14:19:52,13.86,--,19,26334,买盘
345,14:19:33,13.86,0.01,13,18018,买盘
346,14:19:22,13.85,-0.01,54,74790,卖盘
347,14:19:03,13.86,--,10,13860,买盘
348,14:18:52,13.86,--,34,47124,买盘
349,14:18:46,13.86,--,6,8316,买盘
350,14:18:22,13.86,--,18,24948,买盘
351,14:18:16,13.86,0.01,20,27720,买盘
352,14:18:07,13.85,--,10,13850,卖盘
353,14:18:01,13.85,-0.01,10,13850,卖盘
354,14:17:52,13.86,0.01,12,16632,买盘
355,14:17:46,13.85,-0.01,3,4155,卖盘
356,14:17:31,13.86,--,13,18018,买盘
357,14:17:22,13.86,--,41,56826,买盘
358,14:17:16,13.86,0.01,58,80388,买盘
359,14:17:13,13.85,--,4,5540,卖盘
360,14:17:07,13.85,--,13,19376,买盘
361,14:16:52,13.85,--,12,16620,买盘
362,14:16:46,13.85,--,20,27713,卖盘
363,14:16:43,13.85,--,23,31855,卖盘
364,14:16:27,13.85,--,58,80330,卖盘
365,14:16:22,13.85,--,52,72020,卖盘
366,14:16:16,13.85,--,7,9695,卖盘
367,14:16:12,13.85,--,25,34625,卖盘
368,14:16:01,13.85,-0.01,20,27700,卖盘
369,14:15:52,13.86,0.01,12,16632,买盘
370,14:15:37,13.85,-0.01,19,27686,卖盘
371,14:15:22,13.86,0.01,12,16632,买盘
372,14:14:57,13.85,-0.01,41,56785,卖盘
373,14:14:52,13.86,0.01,15,20790,买盘
374,14:14:46,13.85,--,1,1385,买盘
375,14:14:42,13.85,--,22,30470,卖盘
376,14:14:37,13.85,--,12,16620,卖盘
377,14:14:31,13.85,--,12,16620,卖盘
378,14:14:22,13.85,--,2,2770,买盘
379,14:14:01,13.85,--,8,11080,卖盘
380,14:13:57,13.85,-0.01,18,24930,卖盘
381,14:13:52,13.86,--,12,16632,买盘
382,14:13:22,13.86,--,12,16632,买盘
383,14:13:12,13.86,--,7,9702,卖盘
384,14:13:01,13.86,--,4,5544,卖盘
385,14:12:52,13.86,--,16,22176,卖盘
386,14:12:42,13.86,--,15,20790,卖盘
387,14:12:37,13.86,--,5,6930,卖盘
388,14:12:22,13.86,0.01,1,1386,买盘
389,14:12:16,13.85,--,0,0,卖盘
390,14:12:12,13.85,-0.01,600,831000,卖盘
391,14:12:07,13.86,--,5,6930,卖盘
392,14:12:01,13.86,0.01,13,18018,买盘
393,14:11:57,13.85,--,6,8310,卖盘
394,14:11:52,13.85,-0.01,22,30470,卖盘
395,14:11:46,13.86,--,66,91476,买盘
396,14:11:42,13.86,0.01,3,4158,买盘
397,14:11:37,13.85,--,10,13850,卖盘
398,14:11:31,13.85,--,10,13850,卖盘
399,14:11:25,13.85,-0.01,5,6925,卖盘
400,14:11:22,13.86,0.01,12,16632,买盘
401,14:11:16,13.85,--,10,13850,卖盘
402,14:11:10,13.85,--,3,4155,卖盘
403,14:11:01,13.85,--,10,13850,卖盘
404,14:10:46,13.85,--,4,5540,买盘
405,14:10:40,13.85,--,7,9695,买盘
406,14:10:37,13.85,--,0,0,中性盘
407,14:10:31,13.85,-0.01,40,55400,卖盘
408,14:10:25,13.86,--,1,1386,买盘
409,14:10:22,13.86,--,12,16632,买盘
410,14:10:16,13.86,-0.01,75,103950,买盘
411,14:10:10,13.87,0.01,227,314849,买盘
412,14:10:01,13.86,--,30,41580,卖盘
413,14:09:51,13.86,--,17,23562,卖盘
414,14:09:31,13.86,-0.01,10,13860,卖盘
415,14:09:21,13.87,0.01,12,16644,买盘
416,14:08:55,13.86,-0.01,210,291060,卖盘
417,14:08:51,13.87,--,63,87381,卖盘
418,14:08:40,13.87,0.01,34,47158,买盘
419,14:08:31,13.86,-0.01,20,27720,卖盘
420,14:08:25,13.87,--,142,196954,买盘
421,14:08:21,13.87,0.01,12,16644,买盘
422,14:08:16,13.86,--,20,27720,卖盘
423,14:08:06,13.86,--,112,155232,买盘
424,14:07:55,13.86,-0.01,88,121968,卖盘
425,14:07:51,13.87,--,12,16644,买盘
426,14:07:46,13.87,--,10,13870,买盘
427,14:07:36,13.87,0.01,75,104025,买盘
428,14:07:31,13.86,-0.01,19,26334,卖盘
429,14:07:25,13.87,--,1,1387,买盘
430,14:07:21,13.87,--,12,16644,买盘
431,14:07:16,13.87,--,70,97090,买盘
432,14:07:10,13.87,--,24,33288,买盘
433,14:07:06,13.87,-0.01,7,9709,卖盘
434,14:06:54,13.88,--,10,13880,买盘
435,14:06:51,13.88,0.01,12,16656,买盘
436,14:06:46,13.87,--,60,83220,卖盘
437,14:06:31,13.87,-0.01,10,13870,卖盘
438,14:06:21,13.88,--,12,16656,买盘
439,14:06:10,13.88,--,0,0,中性盘
440,14:06:06,13.88,--,10,13880,卖盘
441,14:06:01,13.88,--,2,2776,卖盘
442,14:05:51,13.88,--,28,38864,卖盘
443,14:05:40,13.88,-0.01,1,1388,卖盘
444,14:05:36,13.89,0.01,46,63894,买盘
445,14:05:31,13.88,--,3,4164,卖盘
446,14:05:21,13.88,--,32,44416,卖盘
447,14:05:10,13.88,--,0,0,中性盘
448,14:05:06,13.88,--,100,138800,买盘
449,14:04:55,13.88,--,1,1388,买盘
450,14:04:51,13.88,-0.01,212,294256,买盘
451,14:04:25,13.89,--,0,0,买盘
452,14:04:21,13.89,--,13,18057,买盘
453,14:04:04,13.89,--,15,20835,买盘
454,14:03:55,13.89,--,255,354195,买盘
455,14:03:48,13.89,--,3,4167,买盘
456,14:03:40,13.89,--,1,1389,买盘
457,14:03:34,13.89,--,1,1389,买盘
458,14:03:30,13.89,-0.01,5,6945,买盘
459,14:03:25,13.9,--,744,1034160,买盘
460,14:03:19,13.9,--,12,16680,买盘
461,14:03:04,13.9,--,31,43090,买盘
462,14:03:00,13.9,--,0,0,买盘
463,14:02:55,13.9,0.01,56,77840,买盘
464,14:02:49,13.89,--,161,223629,买盘
465,14:02:45,13.89,--,9,12501,买盘
466,14:02:40,13.89,--,5,6945,买盘
467,14:02:33,13.89,0.01,84,116676,买盘
468,14:02:31,13.88,-0.01,16,22208,卖盘
469,14:02:25,13.89,--,15,20835,买盘
470,14:02:19,13.89,--,312,433368,买盘
471,14:02:15,13.89,--,6,8334,买盘
472,14:02:04,13.89,0.01,22,30558,买盘
473,14:01:55,13.88,-0.01,2,2776,卖盘
474,14:01:49,13.89,--,21,29169,买盘
475,14:01:40,13.89,0.01,5,6945,买盘
476,14:01:30,13.88,--,10,13880,卖盘
477,14:01:19,13.88,--,200,277600,买盘
478,14:01:10,13.88,0.01,26,36088,买盘
479,14:01:04,13.87,--,10,13870,卖盘
480,14:00:49,13.87,--,22,30514,卖盘
481,14:00:40,13.87,--,13,18031,卖盘
482,14:00:34,13.87,--,61,84607,买盘
483,14:00:24,13.87,--,8,11096,买盘
484,14:00:19,13.87,0.01,22,30514,买盘
485,14:00:10,13.86,-0.01,5,6930,卖盘
486,14:00:00,13.87,--,55,76285,买盘
487,13:59:45,13.87,--,0,0,买盘
488,13:59:25,13.87,0.01,100,138700,买盘
489,13:59:19,13.86,--,0,0,买盘
490,13:59:10,13.86,--,22,30492,买盘
491,13:59:03,13.86,--,10,13860,买盘
492,13:59:00,13.86,0.01,45,62370,买盘
493,13:58:55,13.85,-0.01,228,315780,卖盘
494,13:58:49,13.86,--,12,16632,买盘
495,13:58:34,13.86,--,45,62370,买盘
496,13:58:25,13.86,--,2,2772,买盘
497,13:58:19,13.86,--,12,16632,买盘
498,13:57:49,13.86,0.01,12,16632,买盘
499,13:57:34,13.85,-0.01,25,34625,卖盘
500,13:57:30,13.86,--,10,13860,买盘
501,13:57:18,13.86,--,12,16632,买盘
502,13:57:15,13.86,-0.01,188,260568,卖盘
503,13:56:59,13.87,--,20,27740,买盘
504,13:56:49,13.87,0.01,15,20805,买盘
505,13:56:24,13.86,--,123,170478,买盘
506,13:56:19,13.86,0.01,12,16632,买盘
507,13:56:04,13.85,-0.01,5,6925,卖盘
508,13:55:58,13.86,0.01,22,30492,买盘
509,13:55:49,13.85,0.01,18,24930,买盘
510,13:55:43,13.84,-0.01,45,62280,卖盘
511,13:55:19,13.85,--,12,16620,买盘
512,13:55:13,13.85,--,78,108030,卖盘
513,13:55:09,13.85,0.01,142,196670,买盘
514,13:55:04,13.84,--,10,13840,买盘
515,13:54:54,13.84,--,50,69200,买盘
516,13:54:49,13.84,--,41,56744,卖盘
517,13:54:43,13.84,-0.01,100,138400,卖盘
518,13:54:39,13.85,--,1,1385,买盘
519,13:54:34,13.85,0.01,28,38780,买盘
520,13:54:28,13.84,--,112,155008,买盘
521,13:54:24,13.84,0.01,20,27680,买盘
522,13:54:19,13.83,--,37,51171,卖盘
523,13:54:13,13.83,-0.01,5,6915,卖盘
524,13:54:04,13.84,--,4,5536,买盘
525,13:53:48,13.84,-0.01,42,58128,卖盘
526,13:53:43,13.85,--,220,304700,买盘
527,13:53:18,13.85,--,177,245145,买盘
528,13:52:49,13.85,0.01,12,16620,买盘
529,13:52:39,13.84,-0.01,1,1384,卖盘
530,13:52:24,13.85,--,2,2770,买盘
531,13:52:19,13.85,--,22,30470,买盘
532,13:52:09,13.85,--,3,4155,买盘
533,13:51:49,13.85,-0.01,354,490290,卖盘
534,13:51:43,13.86,0.01,2,2772,买盘
535,13:51:34,13.85,--,12,16620,买盘
536,13:51:18,13.85,-0.01,12,16620,买盘
537,13:51:13,13.86,--,0,0,买盘
538,13:50:54,13.86,0.02,200,277200,买盘
539,13:50:49,13.84,-0.01,7,9688,卖盘
540,13:50:42,13.85,--,50,69250,买盘
541,13:50:28,13.85,--,3,4155,买盘
542,13:50:13,13.85,--,45,62325,卖盘
543,13:49:43,13.85,--,14,19390,卖盘
544,13:49:28,13.85,-0.01,17,23545,卖盘
545,13:49:24,13.86,--,37,51282,买盘
546,13:49:19,13.86,--,50,69300,买盘
547,13:49:04,13.86,--,4,5544,买盘
548,13:48:58,13.86,--,10,13860,买盘
549,13:48:53,13.86,--,6,8316,买盘
550,13:48:48,13.86,--,1,1386,买盘
551,13:48:33,13.86,--,32,44352,卖盘
552,13:48:27,13.86,-0.01,20,27720,卖盘
553,13:48:22,13.87,--,5,6935,买盘
554,13:48:13,13.87,0.01,2,2774,买盘
555,13:48:03,13.86,--,4,5544,买盘
556,13:47:58,13.86,--,48,66528,买盘
557,13:47:43,13.86,-0.01,2,2772,买盘
558,13:47:28,13.87,0.01,50,69350,买盘
559,13:47:07,13.86,--,5,6930,买盘
560,13:46:58,13.86,--,23,31878,买盘
561,13:46:52,13.86,--,26,36036,买盘
562,13:46:37,13.86,-0.01,49,67914,卖盘
563,13:46:28,13.87,--,4,5548,买盘
564,13:46:13,13.87,--,39,54093,买盘
565,13:46:07,13.87,0.01,26,36062,买盘
566,13:45:57,13.86,0.02,56,77616,买盘
567,13:45:52,13.84,-0.02,10,13840,卖盘
568,13:45:37,13.86,0.02,75,103950,买盘
569,13:45:33,13.84,-0.01,5,6920,卖盘
570,13:45:28,13.85,--,103,142655,买盘
571,13:45:22,13.85,--,50,69250,买盘
572,13:45:07,13.85,0.01,17,23545,买盘
573,13:44:58,13.84,--,7,9688,买盘
574,13:44:52,13.84,--,730,1010320,卖盘
575,13:44:42,13.84,0.01,2,2768,卖盘
576,13:44:37,13.83,--,0,0,卖盘
577,13:44:22,13.83,--,5,6915,买盘
578,13:44:18,13.83,--,18,24894,买盘
579,13:44:12,13.83,--,200,276600,买盘
580,13:44:07,13.83,--,13,17979,买盘
581,13:43:52,13.83,--,48,66384,买盘
582,13:43:43,13.83,--,1,1383,买盘
583,13:43:37,13.83,--,12,16596,买盘
584,13:43:28,13.83,--,300,414900,买盘
585,13:43:22,13.83,--,52,71916,买盘
586,13:43:18,13.83,--,107,147981,卖盘
587,13:43:07,13.83,-0.01,114,157662,卖盘
588,13:43:03,13.84,--,100,138400,卖盘
589,13:42:57,13.84,--,8,11072,卖盘
590,13:42:52,13.84,--,147,203448,买盘
591,13:42:36,13.84,--,20,27680,买盘
592,13:42:33,13.84,0.01,10,13840,买盘
593,13:42:27,13.83,--,20,27660,卖盘
594,13:42:22,13.83,-0.01,1,1383,卖盘
595,13:42:12,13.84,-0.01,10,13840,中性盘
596,13:42:07,13.85,0.02,63,87255,买盘
597,13:41:52,13.83,--,64,88512,卖盘
598,13:41:48,13.83,-0.01,1,1383,卖盘
599,13:41:43,13.84,--,40,55360,买盘
600,13:41:37,13.84,--,12,16608,买盘
601,13:41:22,13.84,0.01,1,1384,买盘
602,13:41:18,13.83,--,36,49788,买盘
603,13:41:07,13.83,--,245,338835,卖盘
604,13:40:58,13.83,-0.01,46,63618,卖盘
605,13:40:51,13.84,--,45,62280,买盘
606,13:40:43,13.84,--,23,31832,买盘
607,13:40:37,13.84,--,12,16608,买盘
608,13:40:06,13.84,0.01,13,17992,买盘
609,13:39:57,13.83,-0.01,2,2766,卖盘
610,13:39:36,13.84,0.01,12,16608,买盘
611,13:39:15,13.83,0.01,16,22128,卖盘
612,13:39:12,13.82,--,0,0,卖盘
613,13:39:06,13.82,-0.01,113,156166,卖盘
614,13:38:51,13.83,-0.01,11,15213,卖盘
615,13:38:36,13.84,0.01,12,16608,买盘
616,13:38:30,13.83,--,3,4149,卖盘
617,13:38:12,13.83,-0.01,5,6915,卖盘
618,13:38:06,13.84,--,31,42904,买盘
619,13:37:46,13.84,--,5,6920,买盘
620,13:37:36,13.84,--,13,17992,买盘
621,13:37:21,13.84,0.01,3,4152,买盘
622,13:37:15,13.83,--,5,6915,卖盘
623,13:37:12,13.83,-0.01,5,6915,卖盘
624,13:37:06,13.84,0.01,13,17992,买盘
625,13:37:00,13.83,-0.01,152,210216,卖盘
626,13:36:36,13.84,--,13,17992,买盘
627,13:36:27,13.84,0.01,50,69200,买盘
628,13:36:16,13.83,--,4,5532,卖盘
629,13:36:12,13.83,-0.01,3,4149,卖盘
630,13:36:06,13.84,--,29,40136,买盘
631,13:35:51,13.84,--,50,69200,买盘
632,13:35:36,13.84,0.01,26,35984,买盘
633,13:35:30,13.83,--,50,69150,买盘
634,13:35:21,13.83,-0.01,37,51171,卖盘
635,13:35:12,13.84,--,157,217288,买盘
636,13:35:07,13.84,--,12,16608,买盘
637,13:34:36,13.84,--,12,16608,买盘
638,13:34:27,13.84,--,1,1384,买盘
639,13:34:06,13.84,--,0,0,买盘
640,13:34:00,13.84,--,2,2768,买盘
641,13:33:51,13.84,-0.01,153,211752,卖盘
642,13:33:46,13.85,--,4,5540,买盘
643,13:33:36,13.85,0.01,12,16620,买盘
644,13:33:30,13.84,-0.01,5,6920,卖盘
645,13:33:06,13.85,--,12,16620,买盘
646,13:32:45,13.85,0.01,7,9695,买盘
647,13:32:41,13.84,0.02,3,4152,卖盘
648,13:32:36,13.82,--,35,48370,买盘
649,13:32:30,13.82,-0.03,154,212828,卖盘
650,13:32:15,13.85,--,14,19390,买盘
651,13:32:06,13.85,--,0,0,买盘
652,13:32:00,13.85,--,9,12465,买盘
653,13:31:56,13.85,0.01,100,138500,买盘
654,13:31:51,13.84,-0.01,41,56744,卖盘
655,13:31:45,13.85,--,50,69250,买盘
656,13:31:36,13.85,--,0,0,买盘
657,13:31:21,13.85,0.01,41,56785,买盘
658,13:31:15,13.84,-0.01,198,274032,卖盘
659,13:31:06,13.85,--,15,20775,买盘
660,13:31:00,13.85,0.01,7,9695,买盘
661,13:30:55,13.84,--,20,27680,卖盘
662,13:30:45,13.84,-0.01,5,6920,卖盘
663,13:30:36,13.85,0.01,12,16620,买盘
664,13:30:09,13.84,--,162,224208,买盘
665,13:29:54,13.84,0.01,7,9688,买盘
666,13:29:39,13.83,--,15,20745,卖盘
667,13:29:36,13.83,--,18,24894,买盘
668,13:29:09,13.83,--,3,4149,买盘
669,13:29:06,13.83,--,12,16596,买盘
670,13:28:54,13.83,0.01,4,5532,买盘
671,13:28:30,13.82,0.01,135,186570,买盘
672,13:28:21,13.81,-0.01,10,13810,卖盘
673,13:28:15,13.82,--,1,1382,买盘
674,13:28:06,13.82,--,12,16584,买盘
675,13:27:54,13.82,0.01,1,1382,买盘
676,13:27:51,13.81,--,0,0,中性盘
677,13:27:45,13.81,--,50,69050,买盘
678,13:27:36,13.81,--,12,16572,买盘
679,13:27:30,13.81,--,1,1381,买盘
680,13:27:21,13.81,0.01,37,51097,卖盘
681,13:27:00,13.8,-0.01,51,70380,卖盘
682,13:26:36,13.81,--,12,16572,买盘
683,13:26:15,13.81,0.01,75,103575,中性盘
684,13:26:09,13.8,-0.01,5,6900,卖盘
685,13:26:06,13.81,--,10,13810,买盘
686,13:25:54,13.81,-0.01,96,132576,卖盘
687,13:25:50,13.82,--,26,35932,买盘
688,13:25:36,13.82,--,12,16584,买盘
689,13:25:06,13.82,-0.01,23,31786,卖盘
690,13:24:54,13.83,--,5,6915,买盘
691,13:24:39,13.83,--,10,13830,买盘
692,13:24:35,13.83,--,12,16596,买盘
693,13:24:30,13.83,--,43,59469,买盘
694,13:24:24,13.83,--,89,123087,买盘
695,13:24:05,13.83,0.01,12,16596,买盘
696,13:23:54,13.82,0.01,17,23494,卖盘
697,13:23:50,13.81,--,0,0,卖盘
698,13:23:39,13.81,--,31,42811,买盘
699,13:23:35,13.81,--,12,16572,买盘
700,13:23:24,13.81,-0.02,7,9667,卖盘
701,13:23:15,13.83,--,32,44256,买盘
702,13:23:09,13.83,0.03,35,48405,买盘
703,13:23:05,13.8,--,0,0,卖盘
704,13:22:33,13.8,--,132,182160,买盘
705,13:22:24,13.8,--,50,69000,买盘
706,13:22:18,13.8,--,50,69000,买盘
707,13:22:03,13.8,--,12,16560,买盘
708,13:21:54,13.8,0.01,30,41400,买盘
709,13:21:39,13.79,--,315,434385,买盘
710,13:21:33,13.79,0.01,13,17927,买盘
711,13:21:24,13.78,-0.01,10,13780,卖盘
712,13:21:15,13.79,--,5,6895,买盘
713,13:21:03,13.79,--,23,31716,买盘
714,13:20:48,13.79,0.01,50,68950,买盘
715,13:20:33,13.78,-0.01,71,97838,卖盘
716,13:20:30,13.79,--,100,137900,买盘
717,13:20:24,13.79,--,10,13790,买盘
718,13:20:18,13.79,--,5,6895,买盘
719,13:20:09,13.79,--,10,13790,买盘
720,13:20:03,13.79,--,12,16548,买盘
721,13:19:54,13.79,--,15,20685,买盘
722,13:19:48,13.79,--,3,4137,买盘
723,13:19:45,13.79,0.01,54,74466,买盘
724,13:19:33,13.78,--,22,30316,卖盘
725,13:19:14,13.78,-0.01,5,6890,卖盘
726,13:19:09,13.79,--,1,1379,买盘
727,13:19:03,13.79,0.02,18,24822,买盘
728,13:18:39,13.77,--,2,2754,买盘
729,13:18:33,13.77,-0.01,64,88128,卖盘
730,13:18:24,13.78,--,3,4134,买盘
731,13:18:03,13.78,--,76,104728,卖盘
732,13:17:48,13.78,-0.01,20,27560,卖盘
733,13:17:39,13.79,--,1,1379,买盘
734,13:17:33,13.79,--,62,85498,买盘
735,13:17:24,13.79,-0.01,87,119972,卖盘
736,13:17:09,13.8,--,71,97980,卖盘
737,13:17:03,13.8,--,128,176640,卖盘
738,13:16:44,13.8,-0.01,11,15180,卖盘
739,13:16:39,13.81,--,14,19334,买盘
740,13:16:33,13.81,0.01,12,16572,买盘
741,13:16:18,13.8,-0.01,2,2760,卖盘
742,13:16:14,13.81,--,30,41430,买盘
743,13:16:03,13.81,0.01,17,23477,买盘
744,13:15:54,13.8,--,2,2760,卖盘
745,13:15:48,13.8,-0.01,7,9660,卖盘
746,13:15:33,13.81,0.01,42,58002,买盘
747,13:15:29,13.8,--,20,27600,买盘
748,13:15:24,13.8,--,5,6900,买盘
749,13:15:18,13.8,--,12,16560,卖盘
750,13:15:09,13.8,--,62,85560,卖盘
751,13:14:44,13.8,--,58,80040,买盘
752,13:14:33,13.8,--,51,70380,卖盘
753,13:14:18,13.8,--,0,0,中性盘
754,13:14:14,13.8,--,0,0,买盘
755,13:14:09,13.8,--,27,37260,买盘
756,13:14:03,13.8,--,12,16560,买盘
757,13:13:48,13.8,--,1,1380,买盘
758,13:13:42,13.8,--,64,88320,买盘
759,13:13:33,13.8,--,17,23460,买盘
760,13:13:03,13.8,--,12,16560,买盘
761,13:12:57,13.8,--,20,27600,买盘
762,13:12:42,13.8,--,2,2760,买盘
763,13:12:33,13.8,-0.01,44,60720,卖盘
764,13:12:26,13.81,0.01,8,11048,买盘
765,13:12:09,13.8,-0.01,29,40020,卖盘
766,13:12:03,13.81,0.01,12,16572,买盘
767,13:11:57,13.8,--,5,6900,卖盘
768,13:11:42,13.8,--,26,35880,卖盘
769,13:11:33,13.8,--,15,20700,买盘
770,13:11:12,13.8,-0.01,85,117300,卖盘
771,13:11:03,13.81,--,12,16572,买盘
772,13:10:48,13.81,-0.01,65,89765,卖盘
773,13:10:33,13.82,-0.01,14,19348,卖盘
774,13:10:17,13.83,--,50,69150,买盘
775,13:10:08,13.83,--,18,24894,买盘
776,13:10:03,13.83,--,12,16596,买盘
777,13:09:57,13.83,-0.01,18,24894,卖盘
778,13:09:53,13.84,0.01,21,29064,买盘
779,13:09:48,13.83,-0.01,15,20745,卖盘
780,13:09:33,13.84,--,12,16608,买盘
781,13:09:27,13.84,--,1,1384,买盘
782,13:09:12,13.84,0.01,22,30448,买盘
783,13:09:08,13.83,--,12,16596,买盘
784,13:09:02,13.83,-0.01,67,92661,卖盘
785,13:08:48,13.84,--,24,33216,卖盘
786,13:08:42,13.84,--,53,73352,买盘
787,13:08:33,13.84,--,124,171616,买盘
788,13:08:27,13.84,--,50,69200,买盘
789,13:08:23,13.84,-0.01,44,60896,卖盘
790,13:08:12,13.85,0.01,10,13850,买盘
791,13:08:03,13.84,-0.01,37,51208,卖盘
792,13:07:57,13.85,0.01,20,27700,买盘
793,13:07:53,13.84,--,82,113488,买盘
794,13:07:42,13.84,--,1,1384,买盘
795,13:07:33,13.84,0.01,22,30448,买盘
796,13:07:23,13.83,-0.01,50,69150,卖盘
797,13:07:18,13.84,--,36,49824,买盘
798,13:07:03,13.84,0.01,32,44288,买盘
799,13:06:42,13.83,-0.01,5,6915,卖盘
800,13:06:33,13.84,--,12,16608,买盘
801,13:06:27,13.84,0.01,8,11072,买盘
802,13:06:12,13.83,--,50,69150,买盘
803,13:06:03,13.83,0.02,3,4149,买盘
804,13:05:57,13.81,-0.01,200,276200,卖盘
805,13:05:53,13.82,--,6,8292,卖盘
806,13:05:42,13.82,--,98,135436,买盘
807,13:05:37,13.82,0.01,12,16584,买盘
808,13:05:33,13.81,-0.01,2,2762,卖盘
809,13:05:21,13.82,0.01,10,13820,买盘
810,13:05:03,13.81,--,7,9667,买盘
811,13:04:42,13.81,--,10,13810,买盘
812,13:04:36,13.81,--,15,20715,卖盘
813,13:04:12,13.81,0.01,10,13810,卖盘
814,13:04:06,13.8,--,50,69000,卖盘
815,13:03:51,13.8,0.01,133,183540,买盘
816,13:03:36,13.79,-0.03,78,107562,卖盘
817,13:03:21,13.82,--,0,0,买盘
818,13:03:17,13.82,0.02,65,89830,买盘
819,13:03:12,13.8,--,4,5520,买盘
820,13:03:06,13.8,-0.02,94,129720,卖盘
821,13:03:02,13.82,0.02,10,13820,买盘
822,13:02:51,13.8,0.01,5,6900,卖盘
823,13:02:47,13.79,-0.01,100,137900,卖盘
824,13:02:36,13.8,--,233,321540,买盘
825,13:02:32,13.8,--,0,0,买盘
826,13:02:26,13.8,0.01,250,345000,买盘
827,13:02:12,13.79,0.03,30,41370,买盘
828,13:02:06,13.76,0.01,8,11008,买盘
829,13:01:51,13.75,--,7,9625,买盘
830,13:01:47,13.75,--,4,5500,买盘
831,13:01:42,13.75,--,50,68750,买盘
832,13:01:36,13.75,0.01,21,28875,买盘
833,13:01:21,13.74,--,37,50838,买盘
834,13:01:06,13.74,--,63,86562,卖盘
835,13:00:51,13.74,--,8,10992,买盘
836,13:00:36,13.74,--,0,0,买盘
837,13:00:32,13.74,0.03,10,13740,买盘
838,13:00:20,13.71,--,0,0,卖盘
839,13:00:06,13.71,--,64,87744,买盘
840,13:00:02,13.71,--,12,16452,买盘
841,11:30:00,13.71,--,0,0,买盘
842,11:30:00,13.71,--,0,0,买盘
843,11:29:49,13.71,--,1,1371,买盘
844,11:29:43,13.71,--,0,0,买盘
845,11:29:36,13.71,0.01,32,43872,买盘
846,11:29:12,13.7,--,7,9590,买盘
847,11:29:07,13.7,--,13,17810,卖盘
848,11:28:51,13.7,--,10,13700,买盘
849,11:28:37,13.7,-0.01,32,43840,卖盘
850,11:28:33,13.71,--,31,42501,买盘
851,11:28:28,13.71,--,3,4113,买盘
852,11:28:22,13.71,0.01,26,35646,买盘
853,11:28:12,13.7,-0.01,6,8220,卖盘
854,11:28:07,13.71,--,12,16452,买盘
855,11:27:51,13.71,--,10,13710,买盘
856,11:27:36,13.71,--,12,16452,买盘
857,11:27:21,13.71,0.01,12,16452,买盘
858,11:27:07,13.7,-0.01,42,57540,卖盘
859,11:26:51,13.71,--,25,34275,买盘
860,11:26:37,13.71,0.01,12,16452,买盘
861,11:26:28,13.7,-0.01,1,1370,卖盘
862,11:26:06,13.71,0.01,38,52098,买盘
863,11:25:37,13.7,--,29,39730,卖盘
864,11:25:27,13.7,--,91,124670,买盘
865,11:25:07,13.7,--,12,16440,买盘
866,11:24:48,13.7,--,7,9590,买盘
867,11:24:36,13.7,--,27,36990,买盘
868,11:24:33,13.7,--,10,13700,买盘
869,11:24:17,13.7,--,5,6850,买盘
870,11:24:07,13.7,--,17,23290,买盘
871,11:23:37,13.7,0.02,12,16440,买盘
872,11:23:27,13.68,-0.01,10,13680,卖盘
873,11:23:22,13.69,--,0,0,中性盘
874,11:23:07,13.69,0.01,12,16428,买盘
875,11:23:01,13.68,-0.01,14,19152,卖盘
876,11:22:57,13.69,--,2,2738,买盘
877,11:22:37,13.69,0.02,12,16428,买盘
878,11:22:27,13.67,-0.01,107,146610,卖盘
879,11:22:22,13.68,--,34,46512,买盘
880,11:22:12,13.68,--,27,36936,买盘
881,11:22:07,13.68,--,89,121752,卖盘
882,11:22:01,13.68,-0.01,7,9576,卖盘
883,11:21:52,13.69,0.01,3,4107,买盘
884,11:21:45,13.68,--,8,10944,卖盘
885,11:21:42,13.68,-0.01,30,41040,卖盘
886,11:21:36,13.69,0.01,12,16428,买盘
887,11:21:31,13.68,--,3,4104,卖盘
888,11:21:21,13.68,--,31,42408,买盘
889,11:21:12,13.68,--,20,27360,买盘
890,11:21:06,13.68,--,22,30096,买盘
891,11:21:00,13.68,0.01,10,13680,买盘
892,11:20:57,13.67,-0.01,15,20505,卖盘
893,11:20:45,13.68,0.01,50,68400,买盘
894,11:20:42,13.67,-0.01,10,13670,卖盘
895,11:20:37,13.68,-0.01,54,73872,卖盘
896,11:20:31,13.69,0.01,6,8214,买盘
897,11:20:22,13.68,--,30,41040,买盘
898,11:20:15,13.68,-0.01,70,95760,卖盘
899,11:20:12,13.69,0.01,30,41070,买盘
900,11:20:06,13.68,-0.01,22,30096,卖盘
901,11:19:57,13.69,--,10,13690,买盘
902,11:19:52,13.69,0.01,36,49284,买盘
903,11:19:46,13.68,-0.01,10,13680,卖盘
904,11:19:37,13.69,--,5,6845,买盘
905,11:19:31,13.69,0.01,8,10952,买盘
906,11:19:22,13.68,-0.01,19,27018,卖盘
907,11:19:16,13.69,--,141,193029,买盘
908,11:19:12,13.69,--,3,4107,买盘
909,11:19:07,13.69,0.01,12,16428,买盘
910,11:19:01,13.68,-0.01,17,23256,卖盘
911,11:18:57,13.69,0.01,1,1369,买盘
912,11:18:52,13.68,--,69,94392,卖盘
913,11:18:46,13.68,-0.01,1,1368,卖盘
914,11:18:42,13.69,--,2,2738,买盘
915,11:18:37,13.69,0.01,112,153328,买盘
916,11:18:31,13.68,--,15,20520,卖盘
917,11:18:27,13.68,-0.01,1,1368,卖盘
918,11:18:07,13.69,--,27,36963,卖盘
919,11:17:57,13.69,0.01,19,26011,卖盘
920,11:17:52,13.68,--,46,63270,买盘
921,11:17:46,13.68,--,13,17784,买盘
922,11:17:42,13.68,-0.01,240,329346,卖盘
923,11:17:37,13.69,--,0,0,卖盘
924,11:17:22,13.69,-0.01,500,684500,卖盘
925,11:17:12,13.7,-0.01,16,21920,卖盘
926,11:17:06,13.71,0.01,15,20565,买盘
927,11:17:01,13.7,-0.01,12,16440,卖盘
928,11:16:55,13.71,0.01,10,13710,买盘
929,11:16:51,13.7,-0.02,30,41100,卖盘
930,11:16:40,13.72,--,0,0,买盘
931,11:16:36,13.72,0.02,12,16464,买盘
932,11:16:31,13.7,-0.02,63,86310,卖盘
933,11:16:16,13.72,-0.01,63,86436,卖盘
934,11:16:06,13.73,--,42,57666,卖盘
935,11:16:01,13.73,--,10,13730,卖盘
936,11:15:55,13.73,--,12,16476,卖盘
937,11:15:51,13.73,-0.01,20,27460,卖盘
938,11:15:46,13.74,--,10,13740,买盘
939,11:15:36,13.74,--,12,16488,买盘
940,11:15:31,13.74,-0.01,73,100302,卖盘
941,11:15:21,13.75,--,5,6875,卖盘
942,11:15:10,13.75,-0.01,73,100375,卖盘
943,11:15:06,13.76,--,110,151360,中性盘
944,11:15:00,13.76,0.01,10,13760,中性盘
945,11:14:55,13.75,-0.02,52,71500,卖盘
946,11:14:51,13.77,0.02,2,2754,卖盘
947,11:14:46,13.75,-0.01,5,6875,卖盘
948,11:14:40,13.76,-0.01,71,97696,卖盘
949,11:14:36,13.77,0.01,42,57834,买盘
950,11:14:31,13.76,--,10,13760,卖盘
951,11:14:16,13.76,-0.01,20,27520,卖盘
952,11:14:06,13.77,--,12,16524,买盘
953,11:14:01,13.77,--,0,0,中性盘
954,11:13:46,13.77,-0.01,28,38556,卖盘
955,11:13:39,13.78,0.01,2,2756,买盘
956,11:13:36,13.77,--,17,23409,卖盘
957,11:13:24,13.77,--,5,6885,卖盘
958,11:13:21,13.77,--,68,93636,买盘
959,11:13:06,13.77,--,12,16524,买盘
960,11:12:36,13.77,--,12,16524,买盘
961,11:12:30,13.77,--,11,15147,买盘
962,11:12:10,13.77,0.01,26,35802,买盘
963,11:12:06,13.76,-0.01,25,34400,卖盘
964,11:11:36,13.77,--,12,16524,买盘
965,11:11:10,13.77,--,2,2754,买盘
966,11:11:06,13.77,--,12,16524,买盘
967,11:10:45,13.77,--,1,1377,买盘
968,11:10:36,13.77,--,12,16524,买盘
969,11:10:25,13.77,--,0,0,中性盘
970,11:10:15,13.77,--,1,1377,卖盘
971,11:10:06,13.77,--,11,15147,买盘
972,11:09:54,13.77,--,17,23409,买盘
973,11:09:45,13.77,--,2,2754,买盘
974,11:09:34,13.77,--,12,16524,买盘
975,11:09:30,13.77,--,28,38556,卖盘
976,11:09:25,13.77,0.01,10,13770,卖盘
977,11:09:06,13.76,--,0,0,卖盘
978,11:08:54,13.76,--,50,68800,卖盘
979,11:08:45,13.76,--,0,0,卖盘
980,11:08:33,13.76,--,108,148608,买盘
981,11:08:25,13.76,--,12,16512,买盘
982,11:08:18,13.76,0.01,7,9632,买盘
983,11:08:09,13.75,-0.01,2,2750,卖盘
984,11:08:04,13.76,0.01,12,16512,买盘
985,11:08:00,13.75,-0.01,2,2750,卖盘
986,11:07:54,13.76,0.01,51,70176,买盘
987,11:07:33,13.75,--,17,23375,卖盘
988,11:07:15,13.75,0.01,52,71981,买盘
989,11:07:09,13.74,--,10,13740,买盘
990,11:07:04,13.74,--,62,85188,买盘
991,11:06:39,13.74,--,4,5496,买盘
992,11:06:34,13.74,--,12,16488,买盘
993,11:06:24,13.74,--,1,1374,买盘
994,11:06:19,13.74,-0.01,24,33896,卖盘
995,11:06:15,13.75,0.01,10,13750,买盘
996,11:06:10,13.74,-0.01,15,21063,卖盘
997,11:06:04,13.75,0.01,12,16500,买盘
998,11:05:48,13.74,--,30,41220,卖盘
999,11:05:39,13.74,-0.01,1,1374,卖盘
1000,11:05:33,13.75,0.01,12,16500,买盘
1001,11:05:19,13.74,-0.01,10,13740,卖盘
1002,11:05:09,13.75,--,40,55000,买盘
1003,11:05:04,13.75,--,25,34375,买盘
1004,11:04:48,13.75,--,21,28875,买盘
1005,11:04:45,13.75,--,5,6875,买盘
1006,11:04:40,13.75,--,20,27500,买盘
1007,11:04:33,13.75,--,12,16500,买盘
1008,11:04:25,13.75,0.01,1,1375,买盘
1009,11:04:18,13.74,--,50,68700,卖盘
1010,11:04:09,13.74,-0.01,10,13740,卖盘
1011,11:04:04,13.75,0.01,12,16500,买盘
1012,11:04:00,13.74,-0.01,6,8244,卖盘
1013,11:03:55,13.75,--,100,137500,买盘
1014,11:03:34,13.75,0.01,12,16500,买盘
1015,11:03:30,13.74,--,14,19236,卖盘
1016,11:03:18,13.74,--,64,87936,卖盘
1017,11:03:15,13.74,--,13,17862,卖盘
1018,11:03:10,13.74,--,8,10992,卖盘
1019,11:03:03,13.74,-0.01,42,57708,卖盘
1020,11:03:00,13.75,--,91,125125,买盘
1021,11:02:33,13.75,--,0,0,买盘
1022,11:02:30,13.75,0.02,15,20625,买盘
1023,11:02:24,13.73,-0.02,34,46682,卖盘
1024,11:02:18,13.75,--,6,8250,买盘
1025,11:02:03,13.75,--,42,57750,买盘
1026,11:01:44,13.75,--,11,15125,买盘
1027,11:01:34,13.75,--,16,22000,买盘
1028,11:01:24,13.75,0.01,2,2750,买盘
1029,11:01:03,13.74,--,24,32976,卖盘
1030,11:00:54,13.74,0.01,92,126408,买盘
1031,11:00:39,13.73,-0.01,51,70023,卖盘
1032,11:00:33,13.74,0.01,69,94806,买盘
1033,11:00:30,13.73,--,2,2746,卖盘
1034,11:00:14,13.73,-0.01,1,1373,卖盘
1035,11:00:03,13.74,--,12,16488,买盘
1036,10:59:54,13.74,0.01,80,109920,买盘
1037,10:59:48,13.73,-0.01,16,21968,卖盘
1038,10:59:33,13.74,--,12,16488,买盘
1039,10:59:24,13.74,--,22,30228,买盘
1040,10:59:13,13.74,0.01,292,401208,买盘
1041,10:59:09,13.73,-0.01,6,8238,卖盘
1042,10:59:03,13.74,--,0,0,买盘
1043,10:58:58,13.74,--,5,6870,买盘
1044,10:58:54,13.74,0.01,30,41220,买盘
1045,10:58:48,13.73,-0.01,60,82380,卖盘
1046,10:58:33,13.74,--,32,43968,买盘
1047,10:58:27,13.74,--,2,2748,买盘
1048,10:58:18,13.74,--,46,63204,买盘
1049,10:58:03,13.74,0.02,187,256938,买盘
1050,10:57:57,13.72,-0.02,11,15092,卖盘
1051,10:57:54,13.74,--,15,20610,买盘
1052,10:57:48,13.74,--,32,43968,买盘
1053,10:57:33,13.74,--,44,60456,买盘
1054,10:57:18,13.74,0.01,132,181368,买盘
1055,10:57:12,13.73,-0.01,1,1373,卖盘
1056,10:57:03,13.74,0.04,12,16488,买盘
1057,10:56:57,13.7,--,0,0,卖盘
1058,10:56:48,13.7,--,0,0,卖盘
1059,10:56:33,13.7,--,0,0,卖盘
1060,10:56:24,13.7,--,10,13700,卖盘
1061,10:56:18,13.7,--,50,68500,卖盘
1062,10:56:09,13.7,--,8,10960,卖盘
1063,10:56:03,13.7,--,50,68500,买盘
1064,10:55:57,13.7,--,10,13700,买盘
1065,10:55:48,13.7,--,25,34250,买盘
1066,10:55:42,13.7,--,45,61650,卖盘
1067,10:55:33,13.7,--,12,16440,卖盘
1068,10:55:24,13.7,--,23,31510,卖盘
1069,10:55:18,13.7,--,5,6850,卖盘
1070,10:55:12,13.7,--,121,165770,卖盘
1071,10:55:09,13.7,0.01,1,1370,卖盘
1072,10:55:03,13.69,--,0,0,卖盘
1073,10:54:57,13.69,-0.01,73,99937,卖盘
1074,10:54:54,13.7,0.01,20,27400,买盘
1075,10:54:48,13.69,-0.02,48,65712,卖盘
1076,10:54:42,13.71,--,14,19194,买盘
1077,10:54:39,13.71,0.01,10,13710,买盘
1078,10:54:33,13.7,-0.01,12,16440,买盘
1079,10:54:27,13.71,--,10,13710,中性盘
1080,10:54:18,13.71,--,20,27420,卖盘
1081,10:54:12,13.71,0.02,30,41130,买盘
1082,10:54:09,13.69,-0.02,12,16428,卖盘
1083,10:54:03,13.71,0.02,12,16452,买盘
1084,10:53:57,13.69,-0.02,40,54760,卖盘
1085,10:53:54,13.71,0.01,3,4113,卖盘
1086,10:53:48,13.7,-0.02,33,45552,卖盘
1087,10:53:42,13.72,--,7,9604,买盘
1088,10:53:39,13.72,--,20,27440,买盘
1089,10:53:33,13.72,-0.01,27,37044,卖盘
1090,10:53:27,13.73,0.01,1,1373,买盘
1091,10:53:23,13.72,-0.01,5,6860,卖盘
1092,10:53:18,13.73,-0.02,34,46682,卖盘
1093,10:53:03,13.75,--,27,37125,买盘
1094,10:52:57,13.75,--,34,46750,卖盘
1095,10:52:53,13.75,-0.01,20,27500,卖盘
1096,10:52:42,13.76,-0.03,2098,2886848,卖盘
1097,10:52:33,13.79,-0.01,112,154448,卖盘
1098,10:52:23,13.8,--,291,401580,卖盘
1099,10:52:18,13.8,-0.04,9,12420,卖盘
1100,10:52:03,13.84,--,0,0,买盘
1101,10:51:57,13.84,--,0,0,买盘
1102,10:51:53,13.84,0.04,20,27680,买盘
1103,10:51:48,13.8,--,14,19320,买盘
1104,10:51:36,13.8,-0.03,61,84180,卖盘
1105,10:51:33,13.83,--,7,9681,买盘
1106,10:51:27,13.83,0.03,35,48405,买盘
1107,10:51:21,13.8,-0.02,78,107640,卖盘
1108,10:51:12,13.82,0.02,5,6910,卖盘
1109,10:51:06,13.8,-0.02,20,27600,卖盘
1110,10:50:57,13.82,0.02,16,22112,买盘
1111,10:50:51,13.8,--,3,4140,卖盘
1112,10:50:48,13.8,--,15,20700,卖盘
1113,10:50:36,13.8,--,71,97980,买盘
1114,10:50:18,13.8,0.01,30,41400,买盘
1115,10:50:06,13.79,-0.01,33,45507,卖盘
1116,10:49:57,13.8,0.01,28,38640,买盘
1117,10:49:42,13.79,-0.01,5,6895,卖盘
1118,10:49:36,13.8,--,12,16560,买盘
1119,10:49:27,13.8,--,69,95220,买盘
1120,10:49:18,13.8,--,1,1380,买盘
1121,10:49:06,13.8,0.01,12,16560,买盘
1122,10:49:03,13.79,--,2,2758,卖盘
1123,10:48:51,13.79,--,55,75845,卖盘
1124,10:48:48,13.79,-0.01,3,4137,卖盘
1125,10:48:42,13.8,0.01,1,1380,买盘
1126,10:48:36,13.79,-0.01,22,30337,卖盘
1127,10:48:27,13.8,0.01,1,1380,买盘
1128,10:48:21,13.79,--,23,31716,买盘
1129,10:48:18,13.79,0.01,2,2758,买盘
1130,10:48:12,13.78,--,10,13780,卖盘
1131,10:48:06,13.78,--,33,45474,卖盘
1132,10:48:03,13.78,--,10,13780,卖盘
1133,10:47:57,13.78,-0.01,25,34450,卖盘
1134,10:47:42,13.79,-0.01,6,8274,买盘
1135,10:47:36,13.8,--,318,438840,买盘
1136,10:47:33,13.8,--,11,15180,买盘
1137,10:47:27,13.8,--,1,1380,买盘
1138,10:47:21,13.8,--,100,138000,买盘
1139,10:47:12,13.8,--,30,41400,买盘
1140,10:47:06,13.8,--,16,22080,买盘
1141,10:47:02,13.8,--,7,9660,买盘
1142,10:46:57,13.8,-0.03,141,195615,卖盘
1143,10:46:51,13.83,0.03,10,13830,卖盘
1144,10:46:48,13.8,--,0,0,卖盘
1145,10:46:42,13.8,-0.03,608,839040,卖盘
1146,10:46:36,13.83,--,5,6915,卖盘
1147,10:46:27,13.83,--,36,50825,买盘
1148,10:46:21,13.83,--,35,48405,买盘
1149,10:46:17,13.83,--,1,1383,买盘
1150,10:46:06,13.83,-0.02,18,24894,卖盘
1151,10:45:57,13.85,--,0,0,买盘
1152,10:45:51,13.85,--,140,193900,买盘
1153,10:45:42,13.85,--,132,182820,卖盘
1154,10:45:36,13.85,0.01,78,108030,买盘
1155,10:45:32,13.84,-0.01,24,33216,卖盘
1156,10:45:21,13.85,0.01,5,6925,买盘
1157,10:45:18,13.84,-0.01,33,45672,卖盘
1158,10:45:12,13.85,--,49,67865,买盘
1159,10:45:06,13.85,--,17,23545,买盘
1160,10:44:51,13.85,--,25,34625,买盘
1161,10:44:42,13.85,--,34,47090,卖盘
1162,10:44:36,13.85,--,76,105260,买盘
1163,10:44:27,13.85,--,11,15235,买盘
1164,10:44:17,13.85,--,1,1385,买盘
1165,10:44:12,13.85,-0.01,124,171740,卖盘
1166,10:43:57,13.86,--,18,24948,买盘
1167,10:43:42,13.86,--,28,38808,买盘
1168,10:43:27,13.86,0.01,3,4158,买盘
1169,10:43:21,13.85,--,6,8310,卖盘
1170,10:43:12,13.85,--,1,1385,卖盘
1171,10:42:45,13.85,--,0,0,买盘
1172,10:42:36,13.85,0.01,12,16620,买盘
1173,10:42:15,13.84,-0.01,5,6920,卖盘
1174,10:42:12,13.85,0.01,9,12465,买盘
1175,10:42:06,13.84,0.01,21,29064,买盘
1176,10:42:00,13.83,-0.01,5,6915,卖盘
1177,10:41:56,13.84,--,35,48440,买盘
1178,10:41:51,13.84,--,10,13840,买盘
1179,10:41:45,13.84,0.01,8,11072,买盘
1180,10:41:41,13.83,--,31,42873,卖盘
1181,10:41:36,13.83,--,14,19362,卖盘
1182,10:41:30,13.83,--,5,6915,卖盘
1183,10:41:21,13.83,-0.01,3,4149,卖盘
1184,10:41:06,13.84,0.01,12,16608,买盘
1185,10:41:00,13.83,-0.01,16,22128,卖盘
1186,10:40:36,13.84,--,12,16608,买盘
1187,10:40:27,13.84,--,87,120408,卖盘
1188,10:40:15,13.84,--,80,110720,卖盘
1189,10:40:12,13.84,-0.01,20,27680,卖盘
1190,10:40:06,13.85,0.01,27,37395,买盘
1191,10:39:51,13.84,--,20,27680,买盘
1192,10:39:42,13.84,0.01,5,6920,买盘
1193,10:39:36,13.83,-0.01,19,26277,卖盘
1194,10:39:30,13.84,0.01,1,1384,买盘
1195,10:39:27,13.83,--,0,0,卖盘
1196,10:39:21,13.83,-0.02,13,17979,卖盘
1197,10:39:15,13.85,--,20,27700,买盘
1198,10:39:12,13.85,--,1,1385,买盘
1199,10:39:06,13.85,--,17,23545,买盘
1200,10:38:57,13.85,--,10,13850,买盘
1201,10:38:51,13.85,-0.02,161,222985,卖盘
1202,10:38:45,13.87,0.01,217,300979,买盘
1203,10:38:36,13.86,0.01,197,273042,买盘
1204,10:38:30,13.85,-0.01,6,8310,卖盘
1205,10:38:21,13.86,0.01,11,15246,买盘
1206,10:38:00,13.85,--,27,37395,买盘
1207,10:37:56,13.85,--,5,6925,买盘
1208,10:37:51,13.85,--,47,65095,卖盘
1209,10:37:30,13.85,-0.01,52,72020,卖盘
1210,10:37:15,13.86,--,0,0,中性盘
1211,10:37:06,13.86,--,56,77616,卖盘
1212,10:37:00,13.86,--,4,5544,卖盘
1213,10:36:56,13.86,-0.01,12,16632,卖盘
1214,10:36:51,13.87,--,94,130377,卖盘
1215,10:36:45,13.87,--,10,13870,卖盘
1216,10:36:30,13.87,--,14,19418,买盘
1217,10:36:26,13.87,--,36,49932,买盘
1218,10:36:20,13.87,0.01,23,31901,买盘
1219,10:36:15,13.86,-0.01,20,27720,卖盘
1220,10:36:06,13.87,0.01,89,123443,买盘
1221,10:36:00,13.86,--,2,2772,卖盘
1222,10:35:51,13.86,--,10,13860,卖盘
1223,10:35:41,13.86,--,20,27720,卖盘
1224,10:35:30,13.86,--,39,54054,买盘
1225,10:35:26,13.86,--,2,2772,卖盘
1226,10:35:21,13.86,--,30,41580,卖盘
1227,10:35:15,13.86,-0.01,10,13860,卖盘
1228,10:35:11,13.87,0.01,2,2774,中性盘
1229,10:35:00,13.86,-0.02,8,11088,卖盘
1230,10:34:56,13.88,--,5,6940,买盘
1231,10:34:51,13.88,--,54,74952,卖盘
1232,10:34:40,13.88,--,116,161008,卖盘
1233,10:34:36,13.88,-0.02,88,122144,卖盘
1234,10:34:24,13.9,0.01,1,1390,买盘
1235,10:34:21,13.89,-0.01,30,41670,卖盘
1236,10:34:15,13.9,--,21,29190,买盘
1237,10:34:09,13.9,0.01,28,38920,买盘
1238,10:33:54,13.89,--,7,9723,卖盘
1239,10:33:45,13.89,-0.01,10,13890,卖盘
1240,10:33:39,13.9,0.01,1,1390,买盘
1241,10:33:30,13.89,-0.01,20,27780,卖盘
1242,10:33:15,13.9,--,11,15290,卖盘
1243,10:33:09,13.9,--,32,44480,卖盘
1244,10:33:00,13.9,--,49,68110,卖盘
1245,10:32:54,13.9,--,5,6950,卖盘
1246,10:32:45,13.9,--,21,29190,卖盘
1247,10:32:29,13.9,-0.01,27,37530,卖盘
1248,10:32:24,13.91,--,22,30602,卖盘
1249,10:32:15,13.91,--,10,13910,卖盘
1250,10:32:09,13.91,0.01,54,75114,买盘
1251,10:32:05,13.9,-0.01,2,2780,卖盘
1252,10:31:54,13.91,--,21,29211,买盘
1253,10:31:45,13.91,--,26,36166,买盘
1254,10:31:35,13.91,--,0,0,中性盘
1255,10:31:30,13.91,--,8,11128,卖盘
1256,10:31:24,13.91,--,12,16692,卖盘
1257,10:31:20,13.91,--,20,27820,卖盘
1258,10:31:15,13.91,--,2,2782,卖盘
1259,10:31:09,13.91,-0.01,56,77896,卖盘
1260,10:31:00,13.92,0.01,77,107184,买盘
1261,10:30:54,13.91,--,96,133536,卖盘
1262,10:30:50,13.91,-0.01,81,112671,卖盘
1263,10:30:45,13.92,--,2,2784,买盘
1264,10:30:39,13.92,--,174,242208,买盘
1265,10:30:35,13.92,0.01,34,47328,买盘
1266,10:30:30,13.91,--,34,47294,卖盘
1267,10:30:24,13.91,--,55,76505,卖盘
1268,10:30:20,13.91,-0.01,10,13910,卖盘
1269,10:30:09,13.92,0.01,1,1392,买盘
1270,10:30:05,13.91,-0.01,10,13910,卖盘
1271,10:30:00,13.92,--,84,116928,卖盘
1272,10:29:54,13.92,--,60,83520,卖盘
1273,10:29:50,13.92,--,2,2784,卖盘
1274,10:29:45,13.92,--,55,76560,卖盘
1275,10:29:39,13.92,--,11,15312,卖盘
1276,10:29:35,13.92,0.01,19,26448,买盘
1277,10:29:30,13.91,--,34,47294,卖盘
1278,10:29:24,13.91,-0.01,52,72332,卖盘
1279,10:29:20,13.92,--,4,5568,买盘
1280,10:29:15,13.92,0.01,5,6960,买盘
1281,10:29:09,13.91,-0.01,60,83460,卖盘
1282,10:29:05,13.92,--,63,87696,买盘
1283,10:29:00,13.92,--,17,23664,买盘
1284,10:28:54,13.92,--,10,13920,买盘
1285,10:28:50,13.92,--,30,41760,买盘
1286,10:28:45,13.92,0.01,67,93264,买盘
1287,10:28:39,13.91,-0.01,68,94588,卖盘
1288,10:28:35,13.92,--,20,27840,买盘
1289,10:28:30,13.92,--,40,55680,买盘
1290,10:28:24,13.92,0.01,6,8352,买盘
1291,10:28:20,13.91,--,5,6955,卖盘
1292,10:28:09,13.91,--,10,13910,卖盘
1293,10:28:04,13.91,0.01,49,68159,卖盘
1294,10:28:00,13.9,-0.01,11,15290,卖盘
1295,10:27:54,13.91,--,17,23647,买盘
1296,10:27:49,13.91,0.01,8,11128,买盘
1297,10:27:45,13.9,-0.02,2,2780,卖盘
1298,10:27:39,13.92,0.02,16,22272,买盘
1299,10:27:30,13.9,--,84,116760,卖盘
1300,10:27:24,13.9,-0.01,40,55600,卖盘
1301,10:27:15,13.91,0.01,15,20865,买盘
1302,10:27:09,13.9,-0.01,10,13900,卖盘
1303,10:27:04,13.91,--,30,41730,买盘
1304,10:27:00,13.91,0.01,3,4173,中性盘
1305,10:26:54,13.9,--,15,20850,卖盘
1306,10:26:45,13.9,-0.04,30,41700,卖盘
1307,10:26:39,13.94,0.01,16,22304,买盘
1308,10:26:33,13.93,0.03,2,2786,买盘
1309,10:26:30,13.9,--,86,119540,卖盘
1310,10:26:24,13.9,--,110,152900,买盘
1311,10:26:18,13.9,--,101,140390,买盘
1312,10:26:15,13.9,--,8,11120,买盘
1313,10:26:09,13.9,--,357,496230,买盘
1314,10:26:03,13.9,--,115,159850,买盘
1315,10:25:59,13.9,--,8,11120,买盘
1316,10:25:54,13.9,--,201,279390,买盘
1317,10:25:48,13.9,0.01,50,69500,买盘
1318,10:25:44,13.89,0.01,111,154179,买盘
1319,10:25:39,13.88,--,10,13880,卖盘
1320,10:25:33,13.88,--,11,15268,卖盘
1321,10:25:29,13.88,0.02,22,30536,买盘
1322,10:25:23,13.86,-0.02,33,45738,卖盘
1323,10:25:18,13.88,--,41,56908,买盘
1324,10:25:14,13.88,0.01,1,1388,买盘
1325,10:25:09,13.87,-0.01,157,217759,卖盘
1326,10:25:03,13.88,0.02,39,54132,买盘
1327,10:24:59,13.86,--,15,20790,卖盘
1328,10:24:54,13.86,--,103,142758,买盘
1329,10:24:48,13.86,0.03,474,656964,买盘
1330,10:24:44,13.83,--,0,0,卖盘
1331,10:24:39,13.83,-0.02,13,17979,卖盘
1332,10:24:32,13.85,--,20,27700,买盘
1333,10:24:24,13.85,0.02,77,106645,买盘
1334,10:24:18,13.83,0.02,212,293196,买盘
1335,10:24:14,13.81,0.01,32,44192,买盘
1336,10:24:09,13.8,-0.01,13,17940,卖盘
1337,10:24:03,13.81,0.01,26,35906,买盘
1338,10:23:54,13.8,--,282,389850,买盘
1339,10:23:48,13.8,--,31,42780,买盘
1340,10:23:44,13.8,--,1,1380,买盘
1341,10:23:39,13.8,0.01,35,48300,买盘
1342,10:23:33,13.79,-0.01,90,124109,卖盘
1343,10:23:29,13.8,0.01,199,274620,买盘
1344,10:23:24,13.79,0.01,170,235436,买盘
1345,10:23:03,13.78,--,228,314184,买盘
1346,10:22:59,13.78,0.01,37,50986,买盘
1347,10:22:54,13.77,--,41,56457,卖盘
1348,10:22:39,13.77,0.01,101,139077,买盘
1349,10:22:33,13.76,--,120,165120,卖盘
1350,10:22:29,13.76,--,70,96320,买盘
1351,10:22:24,13.76,--,79,108704,买盘
1352,10:22:18,13.76,--,3,4128,买盘
1353,10:22:14,13.76,--,36,49536,买盘
1354,10:22:09,13.76,0.01,73,100448,买盘
1355,10:22:03,13.75,--,15,20625,卖盘
1356,10:21:54,13.75,--,38,52250,买盘
1357,10:21:39,13.75,0.01,2,2750,买盘
1358,10:21:33,13.74,--,15,20610,买盘
1359,10:21:24,13.74,-0.01,5,6870,中性盘
1360,10:21:18,13.75,0.01,5,6875,买盘
1361,10:21:14,13.74,--,9,12366,卖盘
1362,10:21:09,13.74,-0.01,66,90684,卖盘
1363,10:21:03,13.75,0.01,13,17875,买盘
1364,10:20:48,13.74,-0.01,10,13740,卖盘
1365,10:20:39,13.75,0.01,40,55000,买盘
1366,10:20:32,13.74,0.01,16,21984,买盘
1367,10:20:14,13.73,-0.02,20,27460,卖盘
1368,10:20:09,13.75,--,0,0,买盘
1369,10:20:03,13.75,0.04,149,204875,买盘
1370,10:19:48,13.71,--,0,0,卖盘
1371,10:19:43,13.71,--,1,1371,卖盘
1372,10:19:39,13.71,-0.04,73,100083,卖盘
1373,10:19:33,13.75,--,1,1375,买盘
1374,10:19:28,13.75,0.04,5,6875,买盘
1375,10:19:18,13.71,--,0,0,卖盘
1376,10:19:09,13.71,-0.01,19,26049,卖盘
1377,10:19:03,13.72,0.01,179,245588,买盘
1378,10:18:54,13.71,--,90,123390,卖盘
1379,10:18:48,13.71,--,5,6855,卖盘
1380,10:18:39,13.71,--,0,0,卖盘
1381,10:18:33,13.71,--,27,37017,卖盘
1382,10:18:28,13.71,--,5,6855,卖盘
1383,10:18:09,13.71,-0.02,30,41130,卖盘
1384,10:18:03,13.73,-0.02,67,91991,卖盘
1385,10:17:57,13.75,0.02,3,4125,买盘
1386,10:17:53,13.73,--,101,138673,卖盘
1387,10:17:42,13.73,-0.02,200,274600,卖盘
1388,10:17:33,13.75,0.02,4,5500,买盘
1389,10:17:27,13.73,-0.02,48,65904,卖盘
1390,10:17:18,13.75,0.02,25,34375,买盘
1391,10:16:57,13.73,-0.03,20,27460,卖盘
1392,10:16:47,13.76,-0.01,119,163744,买盘
1393,10:16:42,13.77,0.02,4,5508,买盘
1394,10:16:38,13.75,--,5,6875,卖盘
1395,10:16:33,13.75,-0.02,38,52250,卖盘
1396,10:16:27,13.77,--,38,52326,买盘
1397,10:16:23,13.77,0.01,25,34425,买盘
1398,10:16:18,13.76,0.01,59,81184,买盘
1399,10:16:12,13.75,--,5,6875,卖盘
1400,10:16:08,13.75,-0.01,70,96250,卖盘
1401,10:16:03,13.76,0.01,3,4128,买盘
1402,10:15:57,13.75,--,104,143000,卖盘
1403,10:15:53,13.75,--,7,9625,卖盘
1404,10:15:48,13.75,--,95,130625,买盘
1405,10:15:42,13.75,0.02,76,104500,买盘
1406,10:15:38,13.73,-0.01,10,13730,卖盘
1407,10:15:33,13.74,--,77,105798,中性盘
1408,10:15:27,13.74,--,0,0,中性盘
1409,10:15:18,13.74,0.05,7,9618,买盘
1410,10:15:12,13.69,-0.05,3001,4108369,卖盘
1411,10:15:03,13.74,0.03,210,288540,买盘
1412,10:14:57,13.71,--,1,1371,买盘
1413,10:14:48,13.71,--,3,4113,买盘
1414,10:14:42,13.71,--,5,6855,买盘
1415,10:14:38,13.71,--,0,0,买盘
1416,10:14:18,13.71,0.02,6,8226,买盘
1417,10:14:12,13.69,--,14,19166,买盘
1418,10:14:08,13.69,--,124,169756,买盘
1419,10:13:57,13.69,--,26,35594,买盘
1420,10:13:53,13.69,0.02,15,20535,买盘
1421,10:13:48,13.67,-0.02,12,16404,卖盘
1422,10:13:42,13.69,0.02,10,13690,买盘
1423,10:13:33,13.67,0.02,23,31441,买盘
1424,10:13:27,13.65,--,2,3071,买盘
1425,10:13:23,13.65,-0.02,29,40608,卖盘
1426,10:13:18,13.67,0.01,3,4101,买盘
1427,10:13:12,13.66,0.01,0,341,买盘
1428,10:13:08,13.65,-0.01,30,40950,卖盘
1429,10:13:03,13.66,0.01,1,1366,买盘
1430,10:12:57,13.65,-0.01,13,17745,卖盘
1431,10:12:53,13.66,--,0,0,买盘
1432,10:12:48,13.66,0.01,224,305984,买盘
1433,10:12:33,13.65,-0.01,10,13650,卖盘
1434,10:12:27,13.66,0.02,9,12294,买盘
1435,10:12:23,13.64,--,0,0,卖盘
1436,10:12:18,13.64,-0.01,123,167772,卖盘
1437,10:12:12,13.65,--,10,13650,买盘
1438,10:12:08,13.65,--,1,1365,买盘
1439,10:12:03,13.65,--,31,42315,卖盘
1440,10:11:57,13.65,--,50,68250,卖盘
1441,10:11:52,13.65,--,0,0,卖盘
1442,10:11:47,13.65,-0.02,46,62790,卖盘
1443,10:11:42,13.67,-0.02,550,751850,卖盘
1444,10:11:32,13.69,--,39,53391,卖盘
1445,10:11:27,13.69,--,6,8214,卖盘
1446,10:11:23,13.69,-0.01,10,13690,卖盘
1447,10:11:17,13.7,--,23,31510,买盘
1448,10:11:12,13.7,-0.01,192,263040,卖盘
1449,10:11:07,13.71,--,10,13710,卖盘
1450,10:11:02,13.71,-0.03,10,13710,卖盘
1451,10:10:57,13.74,--,5,6870,买盘
1452,10:10:48,13.74,--,51,70074,买盘
1453,10:10:42,13.74,-0.01,9,12366,卖盘
1454,10:10:33,13.75,0.04,25,34375,买盘
1455,10:10:27,13.71,--,0,0,卖盘
1456,10:10:23,13.71,-0.03,41,56211,卖盘
1457,10:10:17,13.74,-0.01,25,34350,中性盘
1458,10:10:12,13.75,--,0,0,买盘
1459,10:10:06,13.75,--,30,41250,买盘
1460,10:10:02,13.75,--,0,0,买盘
1461,10:09:57,13.75,--,17,23375,买盘
1462,10:09:36,13.75,--,0,0,中性盘
1463,10:09:32,13.75,-0.01,10,13750,买盘
1464,10:09:27,13.76,--,73,100448,买盘
1465,10:09:21,13.76,0.08,37,50912,买盘
1466,10:09:12,13.68,-0.08,132,180576,卖盘
1467,10:09:06,13.76,-0.04,200,275200,卖盘
1468,10:08:57,13.8,--,0,0,买盘
1469,10:08:51,13.8,0.03,447,616860,买盘
1470,10:08:36,13.77,-0.01,5,6885,中性盘
1471,10:08:32,13.78,0.02,3,4134,买盘
1472,10:08:27,13.76,-0.01,29,39904,卖盘
1473,10:08:21,13.77,0.02,97,133569,买盘
1474,10:08:17,13.75,-0.01,9,12375,卖盘
1475,10:08:12,13.76,--,79,108704,卖盘
1476,10:08:05,13.76,0.01,384,528384,买盘
1477,10:07:51,13.75,0.01,69,94875,买盘
1478,10:07:47,13.74,0.02,10,13740,买盘
1479,10:07:42,13.72,-0.01,25,34300,卖盘
1480,10:07:36,13.73,0.01,40,54920,买盘
1481,10:07:32,13.72,-0.01,10,13720,卖盘
1482,10:07:27,13.73,0.02,29,39817,买盘
1483,10:07:21,13.71,--,48,65808,卖盘
1484,10:07:17,13.71,--,41,56211,卖盘
1485,10:07:06,13.71,0.01,306,419526,买盘
1486,10:06:57,13.7,-0.01,105,143850,卖盘
1487,10:06:50,13.71,0.01,403,552513,买盘
1488,10:06:42,13.7,0.01,28,38360,买盘
1489,10:06:32,13.69,--,0,0,买盘
1490,10:06:27,13.69,--,5,6845,买盘
1491,10:06:21,13.69,--,14,19166,买盘
1492,10:06:17,13.69,0.01,9,12321,卖盘
1493,10:06:12,13.68,-0.02,14,19152,买盘
1494,10:06:06,13.7,0.01,166,227420,买盘
1495,10:05:57,13.69,--,25,34225,买盘
1496,10:05:51,13.69,0.02,6,8214,买盘
1497,10:05:47,13.67,--,0,0,卖盘
1498,10:05:32,13.67,--,15,20505,买盘
1499,10:05:27,13.67,--,1,1367,买盘
1500,10:05:21,13.67,--,25,34175,买盘
1501,10:05:17,13.67,--,5,6835,买盘
1502,10:05:12,13.67,--,10,13670,卖盘
1503,10:05:06,13.67,--,11,15037,卖盘
1504,10:05:02,13.67,-0.03,3,4101,卖盘
1505,10:04:51,13.7,0.03,26,35620,中性盘
1506,10:04:41,13.67,-0.04,69,94323,卖盘
1507,10:04:32,13.71,--,99,135729,卖盘
1508,10:04:26,13.71,-0.01,46,63066,卖盘
1509,10:04:20,13.72,0.01,7,9604,买盘
1510,10:04:17,13.71,-0.01,31,42501,买盘
1511,10:04:11,13.72,0.01,60,82320,买盘
1512,10:04:06,13.71,--,11,15081,卖盘
1513,10:04:01,13.71,-0.01,48,65808,卖盘
1514,10:03:56,13.72,-0.01,58,79576,卖盘
1515,10:03:51,13.73,--,1,1373,买盘
1516,10:03:41,13.73,--,95,130435,卖盘
1517,10:03:36,13.73,--,0,0,卖盘
1518,10:03:31,13.73,-0.02,10,13730,卖盘
1519,10:03:26,13.75,--,12,16500,买盘
1520,10:03:16,13.75,--,0,0,买盘
1521,10:03:11,13.75,0.01,94,129250,买盘
1522,10:03:06,13.74,-0.01,24,32976,卖盘
1523,10:03:01,13.75,--,1,1375,买盘
1524,10:02:56,13.75,0.01,6,8250,买盘
1525,10:02:51,13.74,-0.03,94,129156,卖盘
1526,10:02:46,13.77,-0.01,67,92259,卖盘
1527,10:02:41,13.78,--,10,13780,买盘
1528,10:02:36,13.78,0.01,31,42718,买盘
1529,10:02:31,13.77,-0.01,10,13770,卖盘
1530,10:02:26,13.78,--,12,16536,买盘
1531,10:02:21,13.78,0.01,94,129532,中性盘
1532,10:02:16,13.77,-0.01,57,78489,卖盘
1533,10:02:11,13.78,-0.01,53,73034,卖盘
1534,10:02:06,13.79,--,4,5516,买盘
1535,10:02:00,13.79,-0.01,9,12411,卖盘
1536,10:01:56,13.8,--,6,8280,买盘
1537,10:01:51,13.8,0.01,49,67620,买盘
1538,10:01:45,13.79,--,82,113078,卖盘
1539,10:01:41,13.79,-0.01,12,16548,卖盘
1540,10:01:36,13.8,0.01,146,201480,买盘
1541,10:01:30,13.79,--,75,103425,卖盘
1542,10:01:26,13.79,-0.01,10,13790,卖盘
1543,10:01:20,13.8,0.01,24,33120,买盘
1544,10:01:15,13.79,--,55,75845,买盘
1545,10:01:11,13.79,0.01,1,1379,买盘
1546,10:01:06,13.78,-0.01,10,13780,卖盘
1547,10:01:00,13.79,--,7,9653,买盘
1548,10:00:56,13.79,--,19,26201,买盘
1549,10:00:51,13.79,0.01,28,38612,买盘
1550,10:00:45,13.78,-0.01,4,5512,买盘
1551,10:00:36,13.79,0.01,50,68950,买盘
1552,10:00:29,13.78,-0.02,29,39962,中性盘
1553,10:00:26,13.8,0.03,300,414000,买盘
1554,10:00:21,13.77,-0.01,704,969408,卖盘
1555,10:00:15,13.78,--,69,95082,卖盘
1556,10:00:11,13.78,--,2,2756,卖盘
1557,10:00:06,13.78,0.01,47,64766,买盘
1558,10:00:00,13.77,0.01,34,46818,买盘
1559,09:59:56,13.76,--,3,4128,卖盘
1560,09:59:51,13.76,--,10,13760,卖盘
1561,09:59:44,13.76,--,63,86688,买盘
1562,09:59:41,13.76,0.01,309,425184,买盘
1563,09:59:36,13.75,-0.01,22,30250,卖盘
1564,09:59:29,13.76,0.01,115,158240,买盘
1565,09:59:26,13.75,-0.01,2,2750,卖盘
1566,09:59:21,13.76,--,28,38528,买盘
1567,09:59:15,13.76,--,178,244928,卖盘
1568,09:59:11,13.76,0.01,5,6880,中性盘
1569,09:59:06,13.75,--,78,107250,卖盘
1570,09:59:00,13.75,0.03,158,217250,买盘
1571,09:58:51,13.72,0.02,15,20580,买盘
1572,09:58:45,13.7,--,10,13700,卖盘
1573,09:58:41,13.7,--,15,20550,卖盘
1574,09:58:36,13.7,0.02,827,1132990,买盘
1575,09:58:30,13.68,0.01,258,352944,买盘
1576,09:58:21,13.67,--,16,21872,卖盘
1577,09:58:15,13.67,--,61,83387,买盘
1578,09:58:11,13.67,0.01,30,41010,买盘
1579,09:58:06,13.66,-0.01,3,4098,卖盘
1580,09:58:00,13.67,0.01,81,110727,买盘
1581,09:57:56,13.66,-0.01,11,15026,卖盘
1582,09:57:50,13.67,--,0,0,买盘
1583,09:57:45,13.67,0.02,128,174976,买盘
1584,09:57:41,13.65,--,68,92820,卖盘
1585,09:57:35,13.65,0.01,316,431340,买盘
1586,09:57:26,13.64,0.02,210,286440,买盘
1587,09:57:20,13.62,0.02,8,10896,中性盘
1588,09:57:11,13.6,--,10,13600,卖盘
1589,09:57:05,13.6,--,25,34000,卖盘
1590,09:56:56,13.6,--,20,27200,卖盘
1591,09:56:45,13.6,--,30,40800,中性盘
1592,09:56:41,13.6,--,4,5440,卖盘
1593,09:56:30,13.6,0.02,536,728960,买盘
1594,09:56:26,13.58,--,0,0,买盘
1595,09:56:20,13.58,0.01,137,186046,买盘
1596,09:56:15,13.57,--,20,27140,买盘
1597,09:56:05,13.57,0.01,21,28497,买盘
1598,09:56:00,13.56,--,18,24408,买盘
1599,09:55:50,13.56,--,55,74580,买盘
1600,09:55:35,13.56,0.03,20,27120,买盘
1601,09:55:29,13.53,--,0,0,卖盘
1602,09:55:25,13.53,-0.02,20,27060,卖盘
1603,09:55:20,13.55,--,93,126015,买盘
1604,09:55:14,13.55,0.01,50,67750,买盘
1605,09:55:10,13.54,0.01,10,13540,买盘
1606,09:55:05,13.53,-0.01,24,32472,卖盘
1607,09:54:54,13.54,0.02,105,142170,买盘
1608,09:54:50,13.52,-0.01,10,13520,卖盘
1609,09:54:44,13.53,--,10,13530,买盘
1610,09:54:40,13.53,0.01,81,109593,买盘
1611,09:54:35,13.52,-0.01,35,47320,买盘
1612,09:54:30,13.53,--,220,297660,买盘
1613,09:54:20,13.53,0.01,61,82533,买盘
1614,09:54:15,13.52,--,101,136552,买盘
1615,09:54:10,13.52,--,10,13520,买盘
1616,09:54:05,13.52,--,14,18928,买盘
1617,09:54:00,13.52,--,43,58136,卖盘
1618,09:53:50,13.52,-0.01,102,137904,卖盘
1619,09:53:39,13.53,--,51,69003,卖盘
1620,09:53:30,13.53,-0.01,15,20295,卖盘
1621,09:53:24,13.54,0.01,10,13540,买盘
1622,09:53:15,13.53,-0.02,20,27060,卖盘
1623,09:53:09,13.55,--,52,70460,买盘
1624,09:53:05,13.55,--,0,0,买盘
1625,09:53:00,13.55,0.01,65,88075,买盘
1626,09:52:54,13.54,0.01,20,27080,中性盘
1627,09:52:50,13.53,-0.01,102,138006,卖盘
1628,09:52:45,13.54,--,1,1354,卖盘
1629,09:52:38,13.54,-0.02,43,58221,卖盘
1630,09:52:30,13.56,0.01,27,36612,买盘
1631,09:52:24,13.55,--,64,86720,买盘
1632,09:52:15,13.55,--,96,130080,卖盘
1633,09:52:05,13.55,--,50,67750,卖盘
1634,09:52:00,13.55,--,50,67750,买盘
1635,09:51:54,13.55,--,30,40650,买盘
1636,09:51:45,13.55,-0.01,25,33875,卖盘
1637,09:51:39,13.56,-0.01,83,112548,卖盘
1638,09:51:35,13.57,0.01,13,17641,买盘
1639,09:51:30,13.56,-0.01,262,355272,卖盘
1640,09:51:23,13.57,--,89,120773,卖盘
1641,09:51:20,13.57,0.02,42,56994,买盘
1642,09:51:15,13.55,0.01,18,24390,中性盘
1643,09:51:09,13.54,-0.03,39,52806,卖盘
1644,09:51:05,13.57,--,126,170982,买盘
1645,09:50:54,13.57,0.02,13,17641,买盘
1646,09:50:44,13.55,--,7,9485,买盘
1647,09:50:39,13.55,0.02,4,5420,买盘
1648,09:50:29,13.53,-0.01,48,64944,卖盘
1649,09:50:24,13.54,0.01,207,280278,买盘
1650,09:50:14,13.53,-0.01,48,64944,卖盘
1651,09:50:09,13.54,0.01,64,86656,买盘
1652,09:49:59,13.53,--,34,46002,卖盘
1653,09:49:54,13.53,0.01,11,14883,买盘
1654,09:49:50,13.52,-0.01,10,13520,卖盘
1655,09:49:44,13.53,--,205,277365,买盘
1656,09:49:39,13.53,0.01,51,69003,买盘
1657,09:49:34,13.52,--,11,14872,卖盘
1658,09:49:29,13.52,-0.01,5,6760,卖盘
1659,09:49:24,13.53,0.03,126,170478,买盘
1660,09:49:19,13.5,--,0,0,卖盘
1661,09:49:14,13.5,-0.02,702,947700,卖盘
1662,09:49:04,13.52,--,0,0,卖盘
1663,09:48:54,13.52,--,31,41912,卖盘
1664,09:48:49,13.52,--,0,0,卖盘
1665,09:48:44,13.52,-0.03,131,177112,卖盘
1666,09:48:39,13.55,0.01,207,280485,买盘
1667,09:48:34,13.54,-0.01,10,13540,卖盘
1668,09:48:24,13.55,--,8,10840,买盘
1669,09:48:14,13.55,--,21,28455,买盘
1670,09:48:09,13.55,--,82,111110,买盘
1671,09:48:04,13.55,--,12,16260,买盘
1672,09:47:59,13.55,--,201,272355,卖盘
1673,09:47:54,13.55,--,34,46070,卖盘
1674,09:47:49,13.55,--,30,40650,卖盘
1675,09:47:44,13.55,-0.01,133,180215,卖盘
1676,09:47:39,13.56,--,133,180348,买盘
1677,09:47:33,13.56,--,7,9492,买盘
1678,09:47:29,13.56,--,36,48816,买盘
1679,09:47:24,13.56,--,134,181704,卖盘
1680,09:47:18,13.56,-0.01,28,37968,卖盘
1681,09:47:14,13.57,0.02,2,2714,卖盘
1682,09:47:09,13.55,--,0,0,卖盘
1683,09:46:59,13.55,--,0,0,卖盘
1684,09:46:54,13.55,-0.01,20,27100,卖盘
1685,09:46:49,13.56,--,10,13560,卖盘
1686,09:46:44,13.56,0.01,218,295608,买盘
1687,09:46:29,13.55,-0.08,493,668015,卖盘
1688,09:46:24,13.63,0.03,5,6815,卖盘
1689,09:46:19,13.6,--,60,81600,卖盘
1690,09:46:14,13.6,--,61,82960,卖盘
1691,09:46:09,13.6,-0.01,120,163200,卖盘
1692,09:46:03,13.61,--,6,8166,买盘
1693,09:45:59,13.61,--,50,68050,卖盘
1694,09:45:54,13.61,-0.02,1,1361,卖盘
1695,09:45:44,13.63,-0.03,55,74965,卖盘
1696,09:45:39,13.66,0.06,158,215828,买盘
1697,09:45:33,13.6,-0.02,908,1234880,卖盘
1698,09:45:28,13.62,-0.01,226,307812,卖盘
1699,09:45:24,13.63,-0.01,231,314853,中性盘
1700,09:45:18,13.64,--,552,752928,买盘
1701,09:45:13,13.64,--,34,46376,买盘
1702,09:45:09,13.64,--,253,345092,卖盘
1703,09:45:03,13.64,0.01,7,9548,卖盘
1704,09:44:59,13.63,0.01,58,79054,买盘
1705,09:44:53,13.62,-0.01,483,657846,卖盘
1706,09:44:47,13.63,--,129,175827,卖盘
1707,09:44:43,13.63,--,10,13630,卖盘
1708,09:44:39,13.63,--,20,27260,卖盘
1709,09:44:33,13.63,0.03,16,21808,买盘
1710,09:44:28,13.6,--,54,73440,卖盘
1711,09:44:24,13.6,-0.01,45,61200,卖盘
1712,09:44:18,13.61,0.01,32,43552,买盘
1713,09:44:14,13.6,--,143,194480,买盘
1714,09:44:09,13.6,--,275,374000,卖盘
1715,09:44:03,13.6,0.01,63,85680,买盘
1716,09:43:58,13.59,0.01,35,47565,卖盘
1717,09:43:53,13.58,-0.02,505,685790,中性盘
1718,09:43:48,13.6,0.02,114,155040,买盘
1719,09:43:44,13.58,0.01,58,78764,买盘
1720,09:43:38,13.57,-0.01,316,428812,中性盘
1721,09:43:33,13.58,0.01,380,516040,买盘
1722,09:43:28,13.57,0.03,25,33925,买盘
1723,09:43:23,13.54,-0.01,304,411616,卖盘
1724,09:43:18,13.55,--,73,98915,买盘
1725,09:43:13,13.55,-0.01,426,577230,卖盘
1726,09:43:08,13.56,0.01,8,10848,买盘
1727,09:43:03,13.55,--,230,311650,买盘
1728,09:42:58,13.55,0.01,10,13550,买盘
1729,09:42:53,13.54,-0.01,38,51452,中性盘
1730,09:42:48,13.55,0.01,31,42005,买盘
1731,09:42:44,13.54,0.02,31,41974,买盘
1732,09:42:33,13.52,0.01,13,17576,买盘
1733,09:42:28,13.51,--,3,4053,买盘
1734,09:42:23,13.51,--,35,47285,买盘
1735,09:42:18,13.51,0.01,1,1351,买盘
1736,09:42:08,13.5,--,5,6750,卖盘
1737,09:42:03,13.5,--,126,170235,买盘
1738,09:41:59,13.5,0.03,55,74250,买盘
1739,09:41:53,13.47,-0.01,100,134700,卖盘
1740,09:41:43,13.48,--,52,70096,卖盘
1741,09:41:38,13.48,0.01,15,20220,中性盘
1742,09:41:33,13.47,--,144,193968,卖盘
1743,09:41:28,13.47,--,30,40410,卖盘
1744,09:41:23,13.47,--,191,257277,卖盘
1745,09:41:18,13.47,--,68,91596,卖盘
1746,09:41:13,13.47,0.01,20,26940,买盘
1747,09:41:08,13.46,--,87,117102,卖盘
1748,09:41:03,13.46,-0.01,371,499366,卖盘
1749,09:40:58,13.47,--,20,26940,买盘
1750,09:40:53,13.47,--,11,14817,卖盘
1751,09:40:48,13.47,0.01,107,144129,买盘
1752,09:40:43,13.46,-0.01,16,21536,卖盘
1753,09:40:38,13.47,--,12,16164,买盘
1754,09:40:33,13.47,--,56,75432,买盘
1755,09:40:28,13.47,--,8,10776,买盘
1756,09:40:23,13.47,-0.01,181,243807,卖盘
1757,09:40:18,13.48,--,10,13480,买盘
1758,09:40:13,13.48,0.01,30,40440,买盘
1759,09:39:58,13.47,--,45,60615,买盘
1760,09:39:52,13.47,0.01,311,418917,买盘
1761,09:39:48,13.46,-0.01,60,80760,卖盘
1762,09:39:38,13.47,--,20,26940,买盘
1763,09:39:33,13.47,--,31,41757,买盘
1764,09:39:28,13.47,-0.03,5,6735,卖盘
1765,09:39:23,13.5,0.02,344,464400,买盘
1766,09:39:18,13.48,--,140,188720,买盘
1767,09:39:13,13.48,-0.01,155,208940,卖盘
1768,09:39:03,13.49,0.01,2,2698,买盘
1769,09:38:58,13.48,0.01,75,101100,买盘
1770,09:38:53,13.47,-0.01,507,684141,卖盘
1771,09:38:48,13.48,--,343,462364,买盘
1772,09:38:43,13.48,--,28,37744,买盘
1773,09:38:38,13.48,-0.02,270,363960,卖盘
1774,09:38:33,13.5,0.02,256,345600,买盘
1775,09:38:28,13.48,--,60,80880,卖盘
1776,09:38:23,13.48,-0.02,194,261512,卖盘
1777,09:38:18,13.5,0.01,37,49950,买盘
1778,09:38:12,13.49,0.02,25,33725,买盘
1779,09:38:08,13.47,--,513,691145,卖盘
1780,09:38:03,13.47,0.01,459,618273,买盘
1781,09:37:52,13.46,--,100,134600,卖盘
1782,09:37:48,13.46,--,275,370150,卖盘
1783,09:37:42,13.46,0.01,380,511480,买盘
1784,09:37:32,13.45,-0.01,94,126430,卖盘
1785,09:37:27,13.46,-0.02,176,236896,卖盘
1786,09:37:22,13.48,--,33,44484,买盘
1787,09:37:18,13.48,0.02,73,98404,买盘
1788,09:37:12,13.46,--,32,43072,卖盘
1789,09:37:07,13.46,0.01,166,223436,买盘
1790,09:37:02,13.45,-0.01,165,221925,卖盘
1791,09:36:57,13.46,-0.02,3,4038,卖盘
1792,09:36:47,13.48,0.03,97,130756,买盘
1793,09:36:42,13.45,0.01,204,274380,买盘
1794,09:36:37,13.44,--,28,37632,买盘
1795,09:36:32,13.44,--,118,158592,买盘
1796,09:36:27,13.44,0.02,22,29568,买盘
1797,09:36:22,13.42,--,9,12078,中性盘
1798,09:36:17,13.42,-0.02,15,20130,卖盘
1799,09:36:11,13.44,0.04,55,73920,买盘
1800,09:36:07,13.4,--,7,9380,买盘
1801,09:36:02,13.4,-0.01,1056,1415040,卖盘
1802,09:35:57,13.41,--,121,162261,买盘
1803,09:35:52,13.41,-0.01,36,48276,卖盘
1804,09:35:47,13.42,--,127,170434,买盘
1805,09:35:42,13.42,-0.01,52,69784,卖盘
1806,09:35:37,13.43,--,125,167875,买盘
1807,09:35:32,13.43,--,12,16116,买盘
1808,09:35:27,13.43,0.01,2,2686,买盘
1809,09:35:22,13.42,--,18,24156,买盘
1810,09:35:17,13.42,-0.01,438,587796,中性盘
1811,09:35:12,13.43,0.02,18,24174,买盘
1812,09:35:07,13.41,-0.01,61,81801,卖盘
1813,09:35:01,13.42,0.02,139,186538,买盘
1814,09:34:57,13.4,-0.02,300,402000,卖盘
1815,09:34:52,13.42,0.02,1,1342,买盘
1816,09:34:47,13.4,-0.01,52,69680,卖盘
1817,09:34:41,13.41,-0.01,20,26820,中性盘
1818,09:34:37,13.42,0.01,100,134200,买盘
1819,09:34:32,13.41,-0.01,107,143487,卖盘
1820,09:34:27,13.42,-0.01,255,342210,卖盘
1821,09:34:22,13.43,--,455,611065,买盘
1822,09:34:17,13.43,--,185,248455,买盘
1823,09:34:12,13.43,--,259,347837,卖盘
1824,09:34:07,13.43,--,40,53720,卖盘
1825,09:34:02,13.43,0.01,220,295460,买盘
1826,09:33:57,13.42,--,133,178486,买盘
1827,09:33:52,13.42,0.01,6,8052,买盘
1828,09:33:47,13.41,-0.01,140,187740,卖盘
1829,09:33:41,13.42,--,57,76494,买盘
1830,09:33:37,13.42,--,10,13420,买盘
1831,09:33:32,13.42,-0.02,46,61732,卖盘
1832,09:33:27,13.44,--,214,287616,买盘
1833,09:33:22,13.44,--,4,5376,买盘
1834,09:33:16,13.44,--,90,120960,买盘
1835,09:33:12,13.44,-0.01,393,528192,卖盘
1836,09:33:07,13.45,--,69,92805,买盘
1837,09:33:02,13.45,0.01,52,69940,买盘
1838,09:32:57,13.44,--,54,72576,卖盘
1839,09:32:52,13.44,--,14,18816,卖盘
1840,09:32:46,13.44,0.04,51,68544,买盘
1841,09:32:42,13.4,0.01,264,353760,买盘
1842,09:32:37,13.39,-0.01,5,6695,卖盘
1843,09:32:32,13.4,0.01,23,30820,买盘
1844,09:32:27,13.39,0.01,222,297258,买盘
1845,09:32:21,13.38,--,25,33450,卖盘
1846,09:32:16,13.38,--,10,13380,卖盘
1847,09:32:12,13.38,0.03,164,219432,买盘
1848,09:32:01,13.35,--,5,6675,卖盘
1849,09:31:57,13.35,--,215,287692,买盘
1850,09:31:52,13.35,--,84,112140,买盘
1851,09:31:47,13.35,--,193,257655,买盘
1852,09:31:42,13.35,0.01,97,129495,买盘
1853,09:31:31,13.34,--,22,29348,卖盘
1854,09:31:27,13.34,-0.01,6,8004,卖盘
1855,09:31:22,13.35,0.01,4,5340,买盘
1856,09:31:17,13.34,--,120,160080,买盘
1857,09:31:12,13.34,--,131,174754,买盘
1858,09:31:07,13.34,--,54,72036,买盘
1859,09:31:01,13.34,0.01,45,60030,买盘
1860,09:30:57,13.33,--,9,11997,买盘
1861,09:30:52,13.33,0.03,1,1333,买盘
1862,09:30:46,13.3,-0.04,20,26600,卖盘
1863,09:30:41,13.34,0.04,26,34684,买盘
1864,09:30:36,13.3,-0.04,23,30590,卖盘
1865,09:30:25,13.34,0.04,79,105386,买盘
1866,09:30:21,13.3,--,8,10640,买盘
1867,09:30:16,13.3,--,159,211470,买盘
1868,09:30:11,13.3,-0.04,77,102410,中性盘
1869,09:30:06,13.34,0.04,358,477572,买盘
1870,09:30:02,13.3,-0.05,123,163590,卖盘
1871,09:28:55,13.35,--,0,0,买盘
1872,09:25:04,13.35,13.35,818,1092030,买盘
