,time,price,change,volume,amount,type
0,15:00:00,10.49,0.01,0,0,买盘
1,15:00:00,10.48,--,0,0,卖盘
2,14:59:59,10.48,-0.01,148,155104,卖盘
3,14:59:53,10.49,--,200,209800,买盘
4,14:59:48,10.49,--,54,56646,买盘
5,14:59:43,10.49,0.01,200,209800,买盘
6,14:59:38,10.48,--,73,76504,卖盘
7,14:59:33,10.48,--,10,10480,卖盘
8,14:59:29,10.48,-0.01,110,115280,卖盘
9,14:59:23,10.49,--,200,209800,买盘
10,14:59:18,10.49,--,10,10490,买盘
11,14:59:13,10.49,0.01,120,125880,买盘
12,14:59:08,10.48,-0.01,76,79648,卖盘
13,14:59:03,10.49,--,5,5245,买盘
14,14:58:59,10.49,0.01,326,341974,买盘
15,14:58:53,10.48,-0.01,20,20960,卖盘
16,14:58:38,10.49,--,29,30421,买盘
17,14:58:28,10.49,0.01,394,413306,买盘
18,14:58:23,10.48,-0.01,105,110040,卖盘
19,14:58:18,10.49,--,113,118537,买盘
20,14:58:13,10.49,--,5,5245,买盘
21,14:57:58,10.49,--,75,78675,买盘
22,14:57:53,10.49,0.01,518,543382,买盘
23,14:57:43,10.48,-0.01,45,47160,卖盘
24,14:57:38,10.49,--,16,16784,买盘
25,14:57:28,10.49,--,21,22029,买盘
26,14:57:13,10.49,--,800,839200,买盘
27,14:57:08,10.49,0.01,10,10490,买盘
28,14:56:58,10.48,-0.01,20,20960,卖盘
29,14:56:48,10.49,--,2,2098,买盘
30,14:56:43,10.49,--,661,693389,买盘
31,14:56:38,10.49,--,15,15735,买盘
32,14:56:28,10.49,--,32,33568,买盘
33,14:56:23,10.49,--,38,39862,买盘
34,14:56:18,10.49,0.01,10,10490,买盘
35,14:56:13,10.48,-0.01,91,95368,卖盘
36,14:56:08,10.49,0.01,24,25176,买盘
37,14:56:03,10.48,--,10,10480,卖盘
38,14:55:58,10.48,-0.01,11,11528,卖盘
39,14:55:53,10.49,--,24,25176,买盘
40,14:55:48,10.49,--,53,55597,买盘
41,14:55:43,10.49,0.01,20,20980,买盘
42,14:55:37,10.48,-0.01,45,47160,卖盘
43,14:55:28,10.49,--,10,10490,买盘
44,14:55:22,10.49,--,162,169938,买盘
45,14:55:18,10.49,0.01,222,233150,买盘
46,14:55:12,10.48,--,18,18864,买盘
47,14:55:08,10.48,--,36,37728,买盘
48,14:55:03,10.48,--,47,50031,卖盘
49,14:54:57,10.48,-0.01,38,39824,卖盘
50,14:54:52,10.49,0.01,6,6294,买盘
51,14:54:48,10.48,--,121,127080,买盘
52,14:54:42,10.48,--,630,660240,买盘
53,14:54:37,10.48,0.01,2,2096,买盘
54,14:54:22,10.47,--,3,3141,卖盘
55,14:54:18,10.47,-0.01,120,125640,卖盘
56,14:54:12,10.48,0.01,33,34584,买盘
57,14:54:07,10.47,--,10,10470,卖盘
58,14:53:57,10.47,--,21,21987,卖盘
59,14:53:53,10.47,--,25,26175,卖盘
60,14:53:37,10.47,--,36,37692,卖盘
61,14:53:32,10.47,--,30,31410,卖盘
62,14:53:23,10.47,--,58,60726,卖盘
63,14:53:12,10.47,--,100,104700,卖盘
64,14:53:07,10.47,--,13,13611,卖盘
65,14:53:02,10.47,--,34,35598,卖盘
66,14:52:57,10.47,--,10,10470,卖盘
67,14:52:52,10.47,--,3,3141,卖盘
68,14:52:47,10.47,-0.01,89,93183,卖盘
69,14:52:37,10.48,0.01,5,5240,买盘
70,14:52:32,10.47,--,30,31410,卖盘
71,14:52:27,10.47,-0.01,10,10470,卖盘
72,14:52:22,10.48,0.01,20,20960,买盘
73,14:52:17,10.47,-0.01,24,25128,卖盘
74,14:52:12,10.48,0.01,10,10480,买盘
75,14:52:07,10.47,--,44,46068,卖盘
76,14:52:02,10.47,--,29,30363,卖盘
77,14:51:52,10.47,-0.01,100,104700,卖盘
78,14:51:47,10.48,0.01,202,211696,买盘
79,14:51:37,10.47,--,56,58632,卖盘
80,14:51:22,10.47,-0.01,11,11517,卖盘
81,14:51:02,10.48,--,76,80423,卖盘
82,14:50:57,10.48,--,49,51352,卖盘
83,14:50:52,10.48,--,45,47160,卖盘
84,14:50:47,10.48,-0.01,2,2096,卖盘
85,14:50:42,10.49,0.01,2,2098,买盘
86,14:50:37,10.48,--,66,69168,卖盘
87,14:50:32,10.48,--,30,31440,卖盘
88,14:50:27,10.48,--,7,7336,卖盘
89,14:50:17,10.48,--,10,10480,卖盘
90,14:50:12,10.48,0.01,1220,1278832,买盘
91,14:50:07,10.47,--,20,20940,买盘
92,14:49:52,10.47,--,44,46842,卖盘
93,14:49:47,10.47,-0.01,483,505701,卖盘
94,14:49:37,10.48,0.01,72,75456,买盘
95,14:49:32,10.47,-0.01,177,185319,卖盘
96,14:49:22,10.48,0.01,32,33536,买盘
97,14:49:17,10.47,--,4,4188,卖盘
98,14:49:07,10.47,--,55,57585,卖盘
99,14:49:02,10.47,--,15,15705,卖盘
100,14:48:52,10.47,--,21,21987,卖盘
101,14:48:47,10.47,--,31,32457,卖盘
102,14:48:37,10.47,--,2,2094,卖盘
103,14:48:32,10.47,--,2,2094,卖盘
104,14:48:27,10.47,-0.01,20,20940,卖盘
105,14:48:22,10.48,0.01,8,8384,买盘
106,14:48:17,10.47,--,69,72243,卖盘
107,14:48:07,10.47,--,4,4188,卖盘
108,14:48:02,10.47,--,10,10470,卖盘
109,14:47:37,10.47,--,68,71196,卖盘
110,14:47:31,10.47,--,93,97371,卖盘
111,14:47:22,10.47,--,24,25128,卖盘
112,14:46:57,10.47,--,2,2094,卖盘
113,14:46:46,10.47,-0.01,15,15705,卖盘
114,14:46:41,10.48,0.01,10,10480,买盘
115,14:46:26,10.47,-0.01,2,2094,卖盘
116,14:45:56,10.48,--,20,20960,买盘
117,14:45:46,10.48,0.01,7,7336,买盘
118,14:45:41,10.47,-0.01,13,13611,卖盘
119,14:45:26,10.48,--,29,30392,买盘
120,14:45:16,10.48,0.01,392,410816,买盘
121,14:45:11,10.47,--,5,5235,卖盘
122,14:45:01,10.47,--,20,20940,卖盘
123,14:44:51,10.47,--,60,62820,卖盘
124,14:44:31,10.47,-0.01,12,12836,卖盘
125,14:44:21,10.48,0.01,10,10480,买盘
126,14:44:11,10.47,-0.01,2,2094,卖盘
127,14:43:56,10.48,0.01,4,4192,买盘
128,14:43:51,10.47,--,100,104700,卖盘
129,14:43:41,10.47,-0.01,3,3141,卖盘
130,14:43:36,10.48,--,60,62880,买盘
131,14:43:31,10.48,--,42,44016,买盘
132,14:43:26,10.48,--,46,48208,买盘
133,14:43:21,10.48,0.01,31,32488,买盘
134,14:43:16,10.47,-0.01,50,52350,卖盘
135,14:43:11,10.48,--,14,14672,卖盘
136,14:43:06,10.48,--,15,15720,卖盘
137,14:43:01,10.48,0.01,49,51352,买盘
138,14:42:56,10.47,--,0,0,卖盘
139,14:42:51,10.47,-0.01,25,26175,卖盘
140,14:42:46,10.48,--,1,1048,买盘
141,14:42:36,10.48,--,36,37728,卖盘
142,14:42:31,10.48,--,10,10480,卖盘
143,14:42:26,10.48,--,28,29344,买盘
144,14:42:16,10.48,--,22,23056,卖盘
145,14:42:11,10.48,--,8,8384,卖盘
146,14:42:01,10.48,--,20,20960,卖盘
147,14:41:56,10.48,--,33,34584,卖盘
148,14:41:46,10.48,0.01,21,22008,卖盘
149,14:41:36,10.47,--,0,0,卖盘
150,14:41:31,10.47,-0.01,27,28269,卖盘
151,14:41:26,10.48,0.01,19,19912,买盘
152,14:41:21,10.47,--,15,15705,卖盘
153,14:41:16,10.47,--,2,2094,卖盘
154,14:41:11,10.47,-0.01,3,3141,卖盘
155,14:41:01,10.48,--,26,27248,卖盘
156,14:40:51,10.48,0.01,74,77552,买盘
157,14:40:46,10.47,-0.01,510,533970,卖盘
158,14:40:36,10.48,0.01,13,13624,买盘
159,14:40:31,10.47,--,3,3141,卖盘
160,14:40:16,10.47,-0.01,33,34551,卖盘
161,14:40:11,10.48,--,12,12576,买盘
162,14:39:56,10.48,--,10,10480,买盘
163,14:39:51,10.48,--,1,1048,买盘
164,14:39:46,10.48,--,96,100608,卖盘
165,14:39:36,10.48,--,30,31440,卖盘
166,14:39:31,10.48,--,140,146720,买盘
167,14:39:21,10.48,0.01,60,62880,买盘
168,14:39:16,10.47,--,191,199977,卖盘
169,14:39:11,10.47,-0.01,5,5235,卖盘
170,14:39:05,10.48,--,10,10480,买盘
171,14:39:01,10.48,--,406,425488,买盘
172,14:38:45,10.48,0.01,57,59736,买盘
173,14:38:40,10.47,-0.01,33,34551,卖盘
174,14:38:31,10.48,--,5,5240,买盘
175,14:38:25,10.48,0.01,60,62880,买盘
176,14:38:10,10.47,--,21,21987,卖盘
177,14:38:05,10.47,--,29,30363,卖盘
178,14:37:55,10.47,--,44,46068,卖盘
179,14:37:45,10.47,--,2,2094,卖盘
180,14:37:40,10.47,--,1,1047,卖盘
181,14:37:35,10.47,--,48,50256,卖盘
182,14:37:25,10.47,-0.01,22,23034,卖盘
183,14:37:20,10.48,0.01,2,2096,买盘
184,14:37:10,10.47,--,10,10470,卖盘
185,14:37:05,10.47,--,100,104700,卖盘
186,14:37:00,10.47,--,25,26175,卖盘
187,14:36:55,10.47,-0.01,43,45021,卖盘
188,14:36:50,10.48,0.01,222,232656,买盘
189,14:36:40,10.47,--,17,17799,卖盘
190,14:36:35,10.47,--,201,210447,卖盘
191,14:36:30,10.47,--,2,2094,卖盘
192,14:36:25,10.47,--,9,9423,卖盘
193,14:36:20,10.47,--,600,628200,卖盘
194,14:36:05,10.47,--,3,3141,卖盘
195,14:35:55,10.47,--,10,10470,卖盘
196,14:35:40,10.47,--,2,2094,卖盘
197,14:35:35,10.47,-0.01,52,54444,卖盘
198,14:35:25,10.48,0.01,252,264096,买盘
199,14:35:15,10.47,-0.01,30,31410,卖盘
200,14:35:10,10.48,0.01,16,16768,买盘
201,14:35:05,10.47,-0.01,756,791532,卖盘
202,14:35:00,10.48,-0.01,4,4192,卖盘
203,14:34:55,10.49,0.01,10,10490,买盘
204,14:34:50,10.48,--,30,31440,卖盘
205,14:34:40,10.48,--,53,55544,卖盘
206,14:34:35,10.48,-0.01,133,139384,卖盘
207,14:34:30,10.49,0.01,15,15735,买盘
208,14:34:10,10.48,--,99,103752,卖盘
209,14:33:55,10.48,--,3,3144,卖盘
210,14:33:50,10.48,-0.01,143,149864,卖盘
211,14:33:40,10.49,0.01,18,18882,买盘
212,14:33:35,10.48,--,50,52400,卖盘
213,14:33:20,10.48,--,33,34584,卖盘
214,14:33:10,10.48,-0.01,10,10480,卖盘
215,14:33:00,10.49,--,5,5245,买盘
216,14:32:55,10.49,0.01,9,9441,买盘
217,14:32:50,10.48,-0.01,67,70216,卖盘
218,14:32:35,10.49,0.01,7,7343,买盘
219,14:32:25,10.48,--,1,1048,卖盘
220,14:32:20,10.48,-0.01,46,48208,卖盘
221,14:32:14,10.49,0.01,1,1049,买盘
222,14:32:05,10.48,--,10,10480,卖盘
223,14:31:50,10.48,-0.01,8,8384,卖盘
224,14:31:40,10.49,0.01,35,36715,买盘
225,14:31:35,10.48,--,16,16768,卖盘
226,14:31:29,10.48,-0.01,35,36680,卖盘
227,14:31:14,10.49,--,21,22029,买盘
228,14:31:10,10.49,--,17,17833,买盘
229,14:31:05,10.49,-0.01,64,67429,卖盘
230,14:30:59,10.5,--,11,11550,买盘
231,14:30:55,10.5,--,771,809550,买盘
232,14:30:50,10.5,0.01,50,52500,买盘
233,14:30:40,10.49,-0.01,153,160497,卖盘
234,14:30:34,10.5,0.01,4,4200,买盘
235,14:30:29,10.49,--,7,7343,卖盘
236,14:30:24,10.49,--,20,20980,卖盘
237,14:30:19,10.49,--,5,5245,卖盘
238,14:30:14,10.49,--,50,52450,卖盘
239,14:30:04,10.49,--,113,118537,卖盘
240,14:29:54,10.49,--,10,10490,卖盘
241,14:29:44,10.49,--,3,3147,卖盘
242,14:29:34,10.49,--,572,600028,卖盘
243,14:29:24,10.49,-0.01,2,2098,卖盘
244,14:29:19,10.5,0.01,27,28350,买盘
245,14:29:14,10.49,-0.01,10,10490,卖盘
246,14:29:04,10.5,--,10,10500,买盘
247,14:28:59,10.5,0.01,22,23100,买盘
248,14:28:54,10.49,--,70,73430,卖盘
249,14:28:49,10.49,-0.01,31,32519,卖盘
250,14:28:44,10.5,--,32,33600,买盘
251,14:28:39,10.5,--,10,10500,买盘
252,14:28:34,10.5,0.01,10,10500,买盘
253,14:28:29,10.49,-0.01,112,117488,卖盘
254,14:28:24,10.5,0.01,14,14700,买盘
255,14:28:19,10.49,-0.01,10,10490,卖盘
256,14:28:04,10.5,0.01,20,21000,买盘
257,14:27:49,10.49,--,5,5245,卖盘
258,14:27:44,10.49,--,2,2098,卖盘
259,14:27:34,10.49,--,5,5245,卖盘
260,14:27:19,10.49,-0.01,30,31470,卖盘
261,14:27:14,10.5,0.01,213,223650,买盘
262,14:27:09,10.49,--,160,167840,卖盘
263,14:27:04,10.49,--,2,2098,卖盘
264,14:26:54,10.49,-0.01,1,1049,卖盘
265,14:26:49,10.5,--,3,3150,买盘
266,14:26:44,10.5,0.01,83,87150,买盘
267,14:26:34,10.49,--,20,20980,卖盘
268,14:26:24,10.49,--,58,60842,卖盘
269,14:26:14,10.49,--,33,34617,卖盘
270,14:25:59,10.49,--,175,183575,卖盘
271,14:25:54,10.49,-0.01,50,52450,卖盘
272,14:25:49,10.5,--,78,81900,买盘
273,14:25:44,10.5,0.01,41,43050,买盘
274,14:25:39,10.49,-0.01,500,524500,卖盘
275,14:25:34,10.5,--,17,17850,买盘
276,14:25:29,10.5,0.01,60,63000,买盘
277,14:25:19,10.49,-0.01,33,34617,卖盘
278,14:25:09,10.5,--,3,3150,买盘
279,14:25:04,10.5,--,30,31500,买盘
280,14:24:59,10.5,--,42,44100,买盘
281,14:24:49,10.5,0.01,9,9450,买盘
282,14:24:29,10.49,-0.01,10,10490,卖盘
283,14:24:19,10.5,0.01,60,63000,买盘
284,14:24:14,10.49,-0.01,33,34617,卖盘
285,14:24:07,10.5,--,1,1050,买盘
286,14:23:49,10.5,--,24,25200,买盘
287,14:23:44,10.5,0.01,6,6300,买盘
288,14:23:34,10.49,--,100,104900,卖盘
289,14:23:29,10.49,--,11,11539,卖盘
290,14:23:19,10.49,-0.01,35,36715,卖盘
291,14:23:14,10.5,0.01,4,4200,买盘
292,14:23:03,10.49,-0.01,31,33274,卖盘
293,14:22:48,10.5,--,30,31500,买盘
294,14:22:37,10.5,--,29,30450,买盘
295,14:22:33,10.5,--,24,25200,买盘
296,14:22:18,10.5,0.01,96,100800,买盘
297,14:21:52,10.49,-0.01,50,52450,卖盘
298,14:21:48,10.5,--,5,5250,买盘
299,14:21:43,10.5,--,7,7350,买盘
300,14:21:33,10.5,--,186,195300,卖盘
301,14:21:28,10.5,--,1,1050,卖盘
302,14:21:18,10.5,--,2,2100,卖盘
303,14:21:03,10.5,--,7,7350,卖盘
304,14:20:48,10.5,0.01,449,471450,买盘
305,14:20:37,10.49,-0.01,33,34617,卖盘
306,14:20:22,10.5,--,10,10500,买盘
307,14:20:07,10.5,--,10,10500,买盘
308,14:20:03,10.5,--,38,39900,买盘
309,14:19:52,10.5,--,353,370650,买盘
310,14:19:43,10.5,0.01,10,10500,买盘
311,14:19:33,10.49,-0.01,14,14686,卖盘
312,14:19:28,10.5,--,13,13650,买盘
313,14:19:13,10.5,0.01,41,43050,买盘
314,14:19:07,10.49,-0.01,33,34617,卖盘
315,14:19:03,10.5,--,3,3150,买盘
316,14:18:58,10.5,--,53,55650,买盘
317,14:18:43,10.5,--,10,10500,买盘
318,14:18:37,10.5,--,2,2100,买盘
319,14:18:28,10.5,--,5,5250,买盘
320,14:18:22,10.5,--,18,18900,买盘
321,14:18:13,10.5,0.01,100,105000,买盘
322,14:17:58,10.49,-0.01,33,34617,卖盘
323,14:17:48,10.5,--,75,78750,买盘
324,14:17:43,10.5,0.01,20,21000,买盘
325,14:17:37,10.49,-0.01,35,36715,卖盘
326,14:17:28,10.5,0.01,2,2100,买盘
327,14:17:22,10.49,--,83,87067,卖盘
328,14:17:16,10.49,--,219,229731,买盘
329,14:17:13,10.49,--,6,6294,买盘
330,14:17:07,10.49,--,26,27274,买盘
331,14:16:58,10.49,-0.01,163,170987,卖盘
332,14:16:52,10.5,0.01,258,270900,买盘
333,14:16:37,10.49,--,400,419600,卖盘
334,14:16:22,10.49,--,33,34617,卖盘
335,14:16:07,10.49,-0.01,3,3147,卖盘
336,14:15:52,10.5,0.01,5,5250,买盘
337,14:15:42,10.49,-0.01,10,10490,卖盘
338,14:15:31,10.5,--,100,105000,买盘
339,14:15:22,10.5,--,8,8400,买盘
340,14:15:16,10.5,--,5,5250,买盘
341,14:15:12,10.5,--,303,318150,卖盘
342,14:15:07,10.5,-0.01,133,139650,卖盘
343,14:14:46,10.51,--,60,63060,买盘
344,14:14:42,10.51,0.01,35,36785,买盘
345,14:14:37,10.5,-0.01,20,21000,卖盘
346,14:14:31,10.51,0.01,30,31530,买盘
347,14:14:27,10.5,-0.01,3,3150,卖盘
348,14:14:22,10.51,0.01,64,67264,买盘
349,14:14:12,10.5,-0.01,45,47250,卖盘
350,14:14:07,10.51,--,4,4204,买盘
351,14:13:57,10.51,0.01,5,5255,买盘
352,14:13:52,10.5,--,96,100800,买盘
353,14:13:42,10.5,--,296,310800,买盘
354,14:13:37,10.5,0.01,10,10500,买盘
355,14:13:31,10.49,-0.01,33,34617,卖盘
356,14:13:27,10.5,0.01,216,226800,买盘
357,14:13:22,10.49,-0.01,50,52450,卖盘
358,14:13:16,10.5,--,220,231000,买盘
359,14:13:12,10.5,--,17,17850,买盘
360,14:13:07,10.5,-0.01,718,753900,卖盘
361,14:12:52,10.51,--,5,5255,买盘
362,14:12:42,10.51,--,61,64111,买盘
363,14:12:37,10.51,--,513,539163,卖盘
364,14:12:12,10.51,--,22,23122,卖盘
365,14:12:07,10.51,--,12,12612,卖盘
366,14:12:01,10.51,-0.01,27,28377,卖盘
367,14:11:57,10.52,0.01,10,10520,买盘
368,14:11:46,10.51,-0.01,13,13663,卖盘
369,14:11:42,10.52,--,20,21040,买盘
370,14:11:37,10.52,0.01,7,7364,买盘
371,14:11:31,10.51,-0.01,93,97743,卖盘
372,14:11:27,10.52,0.01,13,13676,买盘
373,14:11:22,10.51,--,14,14714,卖盘
374,14:11:16,10.51,-0.01,11,11561,卖盘
375,14:11:07,10.52,0.01,6,6312,买盘
376,14:11:01,10.51,--,20,21020,卖盘
377,14:10:57,10.51,-0.01,10,10510,卖盘
378,14:10:52,10.52,0.01,35,36820,买盘
379,14:10:46,10.51,-0.01,49,51499,卖盘
380,14:10:42,10.52,0.01,6,6312,买盘
381,14:10:37,10.51,-0.01,4,4204,卖盘
382,14:10:31,10.52,0.01,30,31560,买盘
383,14:10:22,10.51,-0.01,229,240679,卖盘
384,14:10:16,10.52,--,8,8416,买盘
385,14:10:12,10.52,0.01,23,24196,买盘
386,14:10:01,10.51,-0.01,71,74621,卖盘
387,14:09:52,10.52,0.01,4,4208,买盘
388,14:09:46,10.51,--,2,2102,卖盘
389,14:09:31,10.51,--,28,29428,卖盘
390,14:09:22,10.51,-0.01,35,36785,卖盘
391,14:09:16,10.52,0.01,8,8416,买盘
392,14:09:10,10.51,-0.01,1,1051,卖盘
393,14:09:07,10.52,--,368,387136,买盘
394,14:09:01,10.52,--,88,92576,买盘
395,14:08:40,10.52,0.01,56,58912,买盘
396,14:08:22,10.51,--,40,42040,卖盘
397,14:08:16,10.51,--,33,34683,卖盘
398,14:07:51,10.51,--,60,63060,卖盘
399,14:07:46,10.51,--,6,6306,卖盘
400,14:07:36,10.51,--,35,36785,卖盘
401,14:07:25,10.51,--,6,6306,卖盘
402,14:07:21,10.51,-0.01,287,301637,卖盘
403,14:07:16,10.52,--,1,1052,买盘
404,14:07:10,10.52,--,12,12624,买盘
405,14:07:01,10.52,0.01,21,22092,买盘
406,14:06:51,10.51,-0.01,45,47295,卖盘
407,14:06:40,10.52,--,12,12624,买盘
408,14:06:31,10.52,--,1105,1162460,买盘
409,14:06:21,10.52,--,35,36820,买盘
410,14:06:16,10.52,--,151,158852,买盘
411,14:06:10,10.52,--,12,12624,买盘
412,14:06:01,10.52,--,1,1052,买盘
413,14:05:51,10.52,--,115,120980,买盘
414,14:05:46,10.52,--,59,62068,买盘
415,14:05:40,10.52,-0.01,15,15780,卖盘
416,14:05:36,10.53,0.01,9,9477,买盘
417,14:05:31,10.52,--,375,394500,卖盘
418,14:05:21,10.52,--,9,9468,卖盘
419,14:05:10,10.52,--,0,0,中性盘
420,14:05:06,10.52,-0.01,1,1052,卖盘
421,14:05:01,10.53,0.01,8,8424,买盘
422,14:04:55,10.52,0.01,7,7364,买盘
423,14:04:51,10.51,-0.01,16,16816,卖盘
424,14:04:46,10.52,--,5,5260,卖盘
425,14:04:40,10.52,--,20,21040,卖盘
426,14:04:36,10.52,--,35,36820,卖盘
427,14:04:31,10.52,0.01,14,14728,买盘
428,14:04:25,10.51,--,7,7357,卖盘
429,14:04:21,10.51,--,10,10510,卖盘
430,14:04:10,10.51,-0.01,7,7357,卖盘
431,14:04:06,10.52,--,76,79952,买盘
432,14:04:01,10.52,--,25,26300,买盘
433,14:03:55,10.52,0.01,9,9468,买盘
434,14:03:45,10.51,-0.01,48,50448,卖盘
435,14:03:36,10.52,--,97,102044,买盘
436,14:03:31,10.52,--,46,48392,买盘
437,14:03:21,10.52,--,26,27352,买盘
438,14:03:15,10.52,0.01,52,54704,买盘
439,14:03:06,10.51,-0.01,6,6306,卖盘
440,14:03:00,10.52,--,40,42080,买盘
441,14:02:55,10.52,--,2,2104,买盘
442,14:02:45,10.52,--,890,936280,卖盘
443,14:02:40,10.52,--,38,39976,卖盘
444,14:02:34,10.52,-0.01,33,34716,卖盘
445,14:02:19,10.53,0.01,15,15794,买盘
446,14:02:15,10.52,-0.01,10,10520,卖盘
447,14:02:10,10.53,--,52,54756,买盘
448,14:02:04,10.53,--,25,26325,买盘
449,14:02:00,10.53,--,142,149526,买盘
450,14:01:55,10.53,--,20,21060,买盘
451,14:01:45,10.53,--,186,195858,买盘
452,14:01:40,10.53,0.01,16,16848,买盘
453,14:01:30,10.52,-0.01,112,117824,卖盘
454,14:01:25,10.53,--,235,247454,买盘
455,14:01:15,10.53,--,316,332748,买盘
456,14:01:10,10.53,0.01,278,292734,买盘
457,14:01:00,10.52,-0.01,43,45236,卖盘
458,14:00:55,10.53,--,72,75816,买盘
459,14:00:45,10.53,0.01,60,63179,买盘
460,14:00:40,10.52,-0.01,1036,1089872,卖盘
461,14:00:30,10.53,--,58,61073,买盘
462,14:00:25,10.53,--,276,290628,买盘
463,14:00:15,10.53,0.01,1,1053,买盘
464,14:00:10,10.52,--,10,10520,卖盘
465,14:00:00,10.52,--,1,1052,卖盘
466,13:59:55,10.52,--,33,34716,卖盘
467,13:59:49,10.52,--,3,3156,买盘
468,13:59:45,10.52,--,179,188308,买盘
469,13:59:40,10.52,--,62,65224,买盘
470,13:59:34,10.52,--,474,498648,买盘
471,13:59:30,10.52,--,68,71536,买盘
472,13:59:25,10.52,--,548,576496,买盘
473,13:59:19,10.52,--,95,99940,买盘
474,13:59:15,10.52,--,25,26300,买盘
475,13:59:10,10.52,--,18,18936,买盘
476,13:58:49,10.52,0.01,27,28404,买盘
477,13:58:45,10.51,--,100,105100,卖盘
478,13:58:40,10.51,--,293,307943,买盘
479,13:58:34,10.51,--,300,315300,买盘
480,13:58:30,10.51,--,429,450879,买盘
481,13:58:25,10.51,--,104,109304,买盘
482,13:58:19,10.51,0.01,534,561234,买盘
483,13:57:55,10.5,--,362,380100,买盘
484,13:57:49,10.5,--,17,17850,买盘
485,13:57:45,10.5,--,136,142800,买盘
486,13:57:40,10.5,--,101,106050,买盘
487,13:57:34,10.5,--,80,84000,买盘
488,13:57:30,10.5,--,10,10500,买盘
489,13:57:25,10.5,--,82,86100,买盘
490,13:57:15,10.5,0.01,210,220500,买盘
491,13:57:10,10.49,-0.01,7,7343,卖盘
492,13:57:04,10.5,--,10,10500,买盘
493,13:57:00,10.5,--,50,52500,买盘
494,13:56:49,10.5,0.01,10,10500,买盘
495,13:56:30,10.49,-0.01,55,57695,卖盘
496,13:56:15,10.5,0.01,1,1050,买盘
497,13:55:54,10.49,--,25,26225,卖盘
498,13:55:49,10.49,--,130,136370,卖盘
499,13:55:34,10.49,--,55,57695,买盘
500,13:55:13,10.49,--,150,157350,买盘
501,13:54:54,10.49,--,35,36715,买盘
502,13:54:39,10.49,--,24,25176,买盘
503,13:54:34,10.49,--,39,40911,买盘
504,13:54:24,10.49,--,6,6294,买盘
505,13:54:13,10.49,--,67,70283,买盘
506,13:54:04,10.49,0.01,10,10490,买盘
507,13:53:58,10.48,-0.01,2,2096,卖盘
508,13:53:39,10.49,--,7,7343,买盘
509,13:53:28,10.49,--,10,10490,买盘
510,13:53:19,10.49,--,11,11539,买盘
511,13:52:58,10.49,0.01,49,51401,买盘
512,13:52:54,10.48,-0.01,167,175016,卖盘
513,13:52:39,10.49,0.01,120,125880,买盘
514,13:52:13,10.48,--,50,52400,卖盘
515,13:52:09,10.48,-0.01,4,4192,卖盘
516,13:51:58,10.49,--,5,5245,买盘
517,13:51:54,10.49,0.01,20,20980,买盘
518,13:51:49,10.48,--,44,46112,卖盘
519,13:51:43,10.48,-0.01,100,104800,卖盘
520,13:51:39,10.49,--,30,31470,买盘
521,13:51:19,10.49,--,41,43009,买盘
522,13:51:04,10.49,--,21,22029,卖盘
523,13:50:58,10.49,--,10,10490,卖盘
524,13:50:54,10.49,0.01,25,26225,卖盘
525,13:50:49,10.48,--,20,20960,卖盘
526,13:50:34,10.48,-0.01,10,10480,卖盘
527,13:50:28,10.49,--,7,7343,买盘
528,13:50:24,10.49,0.01,67,70283,买盘
529,13:50:19,10.48,-0.01,256,268288,卖盘
530,13:50:09,10.49,--,0,0,中性盘
531,13:50:04,10.49,--,0,0,买盘
532,13:49:54,10.49,--,240,251760,卖盘
533,13:49:43,10.49,--,68,71332,卖盘
534,13:49:39,10.49,--,34,35666,卖盘
535,13:49:34,10.49,--,51,53499,卖盘
536,13:49:24,10.49,--,151,158399,卖盘
537,13:49:19,10.49,--,4,4196,卖盘
538,13:49:09,10.49,--,32,33568,卖盘
539,13:49:04,10.49,--,11,11539,卖盘
540,13:48:58,10.49,--,4,4196,卖盘
541,13:48:54,10.49,--,1,1049,卖盘
542,13:48:49,10.49,--,20,20980,卖盘
543,13:48:43,10.49,-0.01,49,51401,卖盘
544,13:48:24,10.5,--,158,165900,买盘
545,13:48:19,10.5,--,328,344400,买盘
546,13:48:13,10.5,--,10,10500,买盘
547,13:48:09,10.5,--,5,5250,买盘
548,13:48:04,10.5,--,9,9450,买盘
549,13:47:54,10.5,0.01,50,52500,买盘
550,13:47:49,10.49,--,30,31470,卖盘
551,13:47:43,10.49,-0.01,224,234976,卖盘
552,13:47:39,10.5,--,9,9450,买盘
553,13:47:34,10.5,--,45,47250,买盘
554,13:47:28,10.5,--,18,18900,买盘
555,13:47:24,10.5,--,28,29400,买盘
556,13:47:08,10.5,-0.01,41,43050,卖盘
557,13:47:03,10.51,--,3,3153,买盘
558,13:46:58,10.51,--,55,57805,买盘
559,13:46:54,10.51,0.01,10,10510,买盘
560,13:46:48,10.5,-0.01,1000,1050000,卖盘
561,13:46:33,10.51,0.01,10,10510,买盘
562,13:46:28,10.5,-0.01,25,26250,卖盘
563,13:46:13,10.51,--,8,8408,买盘
564,13:46:07,10.51,0.01,30,31530,买盘
565,13:45:58,10.5,-0.01,15,15750,卖盘
566,13:45:48,10.51,0.01,9,9459,买盘
567,13:45:43,10.5,-0.01,19,19950,卖盘
568,13:45:37,10.51,--,5,5255,买盘
569,13:45:33,10.51,0.01,10,10510,买盘
570,13:45:28,10.5,--,153,160650,卖盘
571,13:45:22,10.5,-0.01,222,233100,卖盘
572,13:45:18,10.51,--,50,52550,买盘
573,13:45:13,10.51,0.01,50,52550,买盘
574,13:45:03,10.5,0.01,19,19950,卖盘
575,13:44:58,10.49,-0.02,4,4196,卖盘
576,13:44:52,10.51,0.01,200,210200,买盘
577,13:44:48,10.5,--,38,39900,买盘
578,13:44:43,10.5,0.01,135,141750,买盘
579,13:44:33,10.49,--,2,2098,卖盘
580,13:44:28,10.49,-0.01,22,23078,卖盘
581,13:44:22,10.5,--,186,195300,买盘
582,13:44:18,10.5,--,11,11550,买盘
583,13:44:13,10.5,0.01,15,15750,买盘
584,13:44:07,10.49,-0.01,132,138468,卖盘
585,13:44:03,10.5,--,28,29400,买盘
586,13:43:58,10.5,--,29,30450,买盘
587,13:43:52,10.5,0.01,57,59850,买盘
588,13:43:48,10.49,-0.01,23,24127,卖盘
589,13:43:43,10.5,0.01,505,530250,买盘
590,13:43:37,10.49,-0.01,40,41960,卖盘
591,13:43:28,10.5,0.01,60,63000,买盘
592,13:43:13,10.49,--,1,1049,卖盘
593,13:42:58,10.49,-0.01,102,106998,卖盘
594,13:42:43,10.5,--,3,3150,买盘
595,13:42:37,10.5,0.01,30,31500,买盘
596,13:42:33,10.49,-0.01,10,10490,卖盘
597,13:42:28,10.5,--,120,126000,买盘
598,13:42:18,10.5,0.01,63,66150,买盘
599,13:42:03,10.49,--,35,37512,买盘
600,13:41:58,10.49,--,8,8392,买盘
601,13:41:48,10.49,--,60,62940,买盘
602,13:41:33,10.49,--,49,51652,卖盘
603,13:41:18,10.49,-0.01,7,7343,卖盘
604,13:41:13,10.5,0.01,10,10500,买盘
605,13:41:03,10.49,--,20,20980,卖盘
606,13:40:48,10.49,--,4,4196,卖盘
607,13:40:33,10.49,--,79,83668,买盘
608,13:40:22,10.49,--,5,5245,买盘
609,13:40:18,10.49,--,3,3147,买盘
610,13:40:13,10.49,0.01,20,20980,买盘
611,13:39:43,10.48,--,5,5240,卖盘
612,13:39:37,10.48,0.01,37,39541,买盘
613,13:39:27,10.47,--,45,47115,卖盘
614,13:39:12,10.47,-0.01,55,57585,卖盘
615,13:39:03,10.48,--,12,12576,买盘
616,13:38:58,10.48,--,92,96416,买盘
617,13:38:48,10.48,--,63,66024,买盘
618,13:38:37,10.48,--,20,20960,买盘
619,13:38:27,10.48,0.01,14,14672,买盘
620,13:38:17,10.47,-0.01,23,24081,卖盘
621,13:38:12,10.48,0.01,5,5240,买盘
622,13:38:07,10.47,-0.01,20,20940,卖盘
623,13:37:57,10.48,--,25,26200,买盘
624,13:37:52,10.48,0.01,84,88032,买盘
625,13:37:46,10.47,-0.01,1,1047,卖盘
626,13:37:37,10.48,--,62,64976,买盘
627,13:37:31,10.48,--,10,10480,买盘
628,13:37:22,10.48,0.01,60,62880,买盘
629,13:37:16,10.47,--,20,20940,卖盘
630,13:37:00,10.47,--,20,20940,卖盘
631,13:36:42,10.47,--,20,20940,卖盘
632,13:36:36,10.47,-0.01,63,65961,卖盘
633,13:36:27,10.48,--,10,10480,买盘
634,13:36:22,10.48,0.01,21,22008,买盘
635,13:36:12,10.47,-0.01,4,4188,卖盘
636,13:36:00,10.48,0.01,5,5240,买盘
637,13:35:57,10.47,-0.01,13,13611,卖盘
638,13:35:42,10.48,0.01,6,6288,买盘
639,13:35:37,10.47,-0.01,4,4188,卖盘
640,13:35:27,10.48,0.01,40,41920,买盘
641,13:35:22,10.47,--,8,8376,卖盘
642,13:35:16,10.47,-0.01,14,14919,卖盘
643,13:35:12,10.48,0.01,2,2096,买盘
644,13:35:07,10.47,-0.01,153,160191,卖盘
645,13:34:57,10.48,0.01,10,10480,买盘
646,13:34:52,10.47,--,17,17799,卖盘
647,13:34:42,10.47,-0.01,4,4188,卖盘
648,13:34:27,10.48,--,70,73360,买盘
649,13:34:16,10.48,--,40,41920,买盘
650,13:34:01,10.48,--,62,64976,买盘
651,13:33:57,10.48,-0.01,395,413960,卖盘
652,13:33:46,10.49,--,53,55597,买盘
653,13:33:42,10.49,--,11,11539,买盘
654,13:33:37,10.49,--,13,13637,买盘
655,13:33:27,10.49,0.01,5,5245,买盘
656,13:33:22,10.48,-0.01,5,5240,卖盘
657,13:33:07,10.49,--,10,10490,买盘
658,13:33:00,10.49,0.01,300,314700,买盘
659,13:32:51,10.48,-0.01,5,5240,卖盘
660,13:32:42,10.49,--,15,15735,买盘
661,13:32:26,10.49,--,7,7343,买盘
662,13:32:21,10.49,--,24,25176,买盘
663,13:32:15,10.49,--,375,393626,卖盘
664,13:31:21,10.49,--,51,54296,买盘
665,13:31:06,10.49,--,10,10490,买盘
666,13:31:00,10.49,--,938,984213,卖盘
667,13:30:51,10.49,--,27,28323,卖盘
668,13:30:45,10.49,--,17,17833,卖盘
669,13:30:41,10.49,-0.01,74,77626,卖盘
670,13:30:36,10.5,--,92,96600,买盘
671,13:30:30,10.5,0.01,10,10500,买盘
672,13:30:26,10.49,-0.01,20,20980,卖盘
673,13:30:21,10.5,0.01,18,18900,买盘
674,13:30:15,10.49,-0.01,2,2098,卖盘
675,13:30:11,10.5,--,524,550200,买盘
676,13:30:06,10.5,--,118,123900,买盘
677,13:30:00,10.5,--,9,9450,买盘
678,13:29:56,10.5,--,28,29400,买盘
679,13:29:51,10.5,--,30,31500,买盘
680,13:29:45,10.5,--,4,4200,买盘
681,13:29:36,10.5,--,16,16800,买盘
682,13:29:30,10.5,--,12,12600,买盘
683,13:29:21,10.5,--,32,33600,买盘
684,13:29:15,10.5,--,33,34650,买盘
685,13:29:09,10.5,0.01,10,10500,买盘
686,13:29:00,10.49,-0.01,4,4196,卖盘
687,13:28:54,10.5,0.01,56,58800,买盘
688,13:28:51,10.49,--,3,3147,卖盘
689,13:28:45,10.49,--,24,25176,卖盘
690,13:28:36,10.49,--,46,48254,卖盘
691,13:28:30,10.49,--,10,10490,卖盘
692,13:28:24,10.49,--,154,162343,买盘
693,13:28:21,10.49,--,10,10490,买盘
694,13:28:09,10.49,--,100,104900,买盘
695,13:28:06,10.49,--,78,81822,买盘
696,13:27:45,10.49,0.01,95,99655,买盘
697,13:27:39,10.48,-0.01,1,1048,卖盘
698,13:27:30,10.49,--,8,8392,买盘
699,13:27:15,10.49,--,50,52450,买盘
700,13:27:09,10.49,--,36,38015,卖盘
701,13:26:51,10.49,--,15,15735,卖盘
702,13:26:45,10.49,--,125,131125,卖盘
703,13:26:36,10.49,--,100,104900,卖盘
704,13:26:30,10.49,--,64,67136,卖盘
705,13:26:00,10.49,-0.01,120,125880,卖盘
706,13:25:45,10.5,0.01,22,23100,买盘
707,13:25:24,10.49,-0.01,26,27274,卖盘
708,13:25:09,10.5,--,10,10500,买盘
709,13:25:06,10.5,0.01,1,1050,买盘
710,13:25:00,10.49,--,15,16259,卖盘
711,13:24:30,10.49,--,4,4196,卖盘
712,13:24:24,10.49,--,27,28323,卖盘
713,13:24:15,10.49,--,67,70283,卖盘
714,13:24:00,10.49,-0.01,396,415676,卖盘
715,13:23:45,10.5,0.01,100,105000,买盘
716,13:23:35,10.49,--,120,125880,卖盘
717,13:23:30,10.49,--,31,32519,卖盘
718,13:23:24,10.49,--,18,18882,卖盘
719,13:23:20,10.49,0.01,373,391277,买盘
720,13:23:15,10.48,--,50,52400,卖盘
721,13:22:30,10.48,0.01,86,90128,买盘
722,13:22:20,10.47,-0.01,48,50256,卖盘
723,13:22:15,10.48,--,5,5240,买盘
724,13:22:09,10.48,0.01,6,6288,买盘
725,13:22:00,10.47,-0.01,15,15705,卖盘
726,13:21:50,10.48,--,71,74408,买盘
727,13:21:45,10.48,--,32,33536,买盘
728,13:21:30,10.48,--,12,12576,中性盘
729,13:21:24,10.48,--,0,0,卖盘
730,13:21:15,10.48,--,99,103752,买盘
731,13:21:09,10.48,--,33,34584,买盘
732,13:21:03,10.48,--,3,3144,卖盘
733,13:20:45,10.48,--,18,19702,买盘
734,13:20:39,10.48,0.01,31,32488,买盘
735,13:20:33,10.47,-0.01,1,1047,卖盘
736,13:20:30,10.48,--,62,64976,买盘
737,13:20:24,10.48,--,29,30392,买盘
738,13:20:15,10.48,--,36,37728,买盘
739,13:20:09,10.48,--,51,53448,买盘
740,13:20:00,10.48,--,2,2096,买盘
741,13:19:54,10.48,--,20,20960,买盘
742,13:19:48,10.48,--,58,60993,卖盘
743,13:19:45,10.48,--,10,10480,卖盘
744,13:19:39,10.48,--,58,60784,卖盘
745,13:19:30,10.48,--,10,10480,卖盘
746,13:19:24,10.48,--,52,54496,卖盘
747,13:19:18,10.48,0.01,245,257598,买盘
748,13:19:09,10.47,-0.01,1,1047,卖盘
749,13:18:39,10.48,0.01,5,5240,买盘
750,13:18:33,10.47,-0.01,60,62820,卖盘
751,13:18:18,10.48,0.01,30,31440,买盘
752,13:18:09,10.47,-0.01,8,8376,卖盘
753,13:18:03,10.48,--,46,48208,买盘
754,13:17:48,10.48,0.01,5,5240,买盘
755,13:17:45,10.47,-0.01,30,31410,卖盘
756,13:17:33,10.48,--,61,63928,卖盘
757,13:17:30,10.48,--,94,98512,卖盘
758,13:17:24,10.48,-0.01,4,4192,卖盘
759,13:16:54,10.49,0.01,1,1049,买盘
760,13:16:45,10.48,--,10,10480,卖盘
761,13:16:30,10.48,0.01,5,5240,买盘
762,13:16:24,10.47,-0.01,542,567474,卖盘
763,13:16:18,10.48,--,31,32488,买盘
764,13:16:15,10.48,0.01,41,42968,买盘
765,13:16:09,10.47,-0.01,114,119358,卖盘
766,13:15:44,10.48,0.01,42,44016,买盘
767,13:15:39,10.47,--,16,16752,卖盘
768,13:15:24,10.47,-0.01,55,57585,卖盘
769,13:15:09,10.48,--,7,7336,买盘
770,13:14:54,10.48,--,31,32488,买盘
771,13:14:48,10.48,0.01,31,32488,买盘
772,13:14:18,10.47,-0.01,30,31410,卖盘
773,13:14:03,10.48,--,10,10480,买盘
774,13:13:54,10.48,0.01,21,22008,买盘
775,13:13:39,10.47,-0.01,2,2094,卖盘
776,13:13:33,10.48,--,1,1048,买盘
777,13:13:24,10.48,0.01,10,10480,买盘
778,13:13:18,10.47,-0.01,72,75384,卖盘
779,13:13:03,10.48,--,2,2096,买盘
780,13:12:59,10.48,--,5,5240,买盘
781,13:12:24,10.48,0.01,1,1048,买盘
782,13:12:09,10.47,--,2,2094,卖盘
783,13:12:03,10.47,--,12,12564,卖盘
784,13:11:54,10.47,0.01,33,34551,买盘
785,13:11:42,10.46,-0.01,2,2092,卖盘
786,13:11:18,10.47,--,5,5235,买盘
787,13:10:53,10.47,--,28,29316,买盘
788,13:10:38,10.47,--,5,5235,买盘
789,13:10:33,10.47,--,30,31410,买盘
790,13:10:18,10.47,--,1,1047,买盘
791,13:10:12,10.47,--,50,52350,买盘
792,13:10:03,10.47,--,1,1047,卖盘
793,13:09:53,10.47,--,9,9423,买盘
794,13:09:38,10.47,--,5,5235,买盘
795,13:09:33,10.47,0.01,42,43974,买盘
796,13:09:27,10.46,-0.01,15,15690,卖盘
797,13:09:18,10.47,0.01,20,20940,买盘
798,13:09:12,10.46,--,20,20920,卖盘
799,13:08:57,10.46,--,10,10460,卖盘
800,13:08:48,10.46,--,103,107738,买盘
801,13:08:23,10.46,--,100,104600,买盘
802,13:07:53,10.46,--,9,9414,买盘
803,13:07:42,10.46,--,9,9414,买盘
804,13:07:23,10.46,--,10,10460,买盘
805,13:07:08,10.46,--,2,2092,买盘
806,13:06:53,10.46,--,49,51254,买盘
807,13:06:42,10.46,0.01,15,15690,买盘
808,13:06:33,10.45,-0.01,8,8360,卖盘
809,13:06:18,10.46,0.01,10,10460,买盘
810,13:06:08,10.45,--,6,6270,卖盘
811,13:05:48,10.45,--,10,10450,卖盘
812,13:05:42,10.45,0.01,26,27169,买盘
813,13:05:38,10.44,-0.01,39,40716,卖盘
814,13:05:23,10.45,--,5,5225,买盘
815,13:05:08,10.45,-0.01,5,5225,买盘
816,13:04:33,10.46,--,0,0,买盘
817,13:04:27,10.46,0.01,50,52300,买盘
818,13:04:18,10.45,-0.01,6,6270,买盘
819,13:04:02,10.46,--,0,0,买盘
820,13:03:57,10.46,0.02,10,10460,买盘
821,13:03:47,10.44,-0.01,165,172260,卖盘
822,13:03:42,10.45,--,3,3135,买盘
823,13:03:27,10.45,--,3,3135,买盘
824,13:03:17,10.45,--,6,6270,卖盘
825,13:03:12,10.45,--,10,10450,卖盘
826,13:02:42,10.45,-0.01,17,17765,卖盘
827,13:02:36,10.46,--,0,0,买盘
828,13:02:32,10.46,0.01,120,125520,买盘
829,13:02:27,10.45,--,2,2090,卖盘
830,13:02:17,10.45,-0.01,10,10450,卖盘
831,13:02:12,10.46,--,3,3138,买盘
832,13:01:32,10.46,--,5,5230,买盘
833,13:01:27,10.46,0.02,2,2092,买盘
834,13:01:21,10.44,-0.02,600,626400,卖盘
835,13:01:17,10.46,0.01,108,112968,买盘
836,13:00:57,10.45,0.01,8,8872,买盘
837,13:00:47,10.44,-0.01,54,56376,卖盘
838,13:00:42,10.45,--,310,324482,卖盘
839,13:00:32,10.45,-0.01,65,67925,卖盘
840,13:00:27,10.46,--,4,4184,买盘
841,13:00:17,10.46,--,52,54392,买盘
842,13:00:12,10.46,--,32,33472,买盘
843,13:00:06,10.46,--,227,237442,买盘
844,13:00:02,10.46,--,333,348527,卖盘
845,11:30:00,10.46,--,0,0,卖盘
846,11:30:00,10.46,--,0,0,卖盘
847,11:29:49,10.46,-0.01,10,10460,卖盘
848,11:29:34,10.47,--,60,62820,买盘
849,11:29:19,10.47,0.01,20,20940,买盘
850,11:29:13,10.46,--,2,2092,卖盘
851,11:28:58,10.46,--,10,10460,卖盘
852,11:28:48,10.46,--,2,2928,买盘
853,11:28:22,10.46,--,1,1046,买盘
854,11:28:18,10.46,--,7,7322,买盘
855,11:28:13,10.46,--,60,62760,买盘
856,11:28:07,10.46,--,3,3138,买盘
857,11:28:03,10.46,--,80,83680,买盘
858,11:27:58,10.46,--,5,5230,买盘
859,11:27:48,10.46,--,4,4184,买盘
860,11:27:37,10.46,--,30,31380,买盘
861,11:27:28,10.46,--,4,4184,买盘
862,11:27:13,10.46,--,150,156900,买盘
863,11:27:03,10.46,--,5,5230,买盘
864,11:26:58,10.46,0.01,30,31380,买盘
865,11:26:48,10.45,--,15,15674,卖盘
866,11:26:43,10.45,-0.01,30,31349,卖盘
867,11:26:37,10.46,--,168,175728,买盘
868,11:26:28,10.46,--,13,13598,买盘
869,11:26:03,10.46,0.01,12,12552,买盘
870,11:25:58,10.45,-0.01,16,16720,卖盘
871,11:25:48,10.46,--,6,6276,买盘
872,11:25:28,10.46,--,4,4184,买盘
873,11:25:18,10.46,0.01,17,18064,买盘
874,11:25:13,10.45,-0.01,11,11495,卖盘
875,11:25:03,10.46,--,3,3138,买盘
876,11:24:52,10.46,--,10,10460,买盘
877,11:24:48,10.46,--,4,4184,买盘
878,11:24:33,10.46,--,4,4184,买盘
879,11:24:28,10.46,0.01,4,4184,买盘
880,11:24:18,10.45,-0.01,8,9206,卖盘
881,11:24:13,10.46,--,50,52300,买盘
882,11:24:07,10.46,0.01,4,4184,买盘
883,11:23:58,10.45,-0.01,99,103455,卖盘
884,11:23:48,10.46,--,3,3138,买盘
885,11:23:37,10.46,--,10,10460,买盘
886,11:23:27,10.46,--,9,9623,卖盘
887,11:23:18,10.46,-0.01,8,9204,卖盘
888,11:23:07,10.47,--,0,0,买盘
889,11:23:02,10.47,0.01,170,177990,买盘
890,11:22:47,10.46,--,4,4184,买盘
891,11:22:27,10.46,0.01,3,3138,买盘
892,11:22:22,10.45,-0.01,8,9196,卖盘
893,11:22:07,10.46,--,4,4184,买盘
894,11:21:46,10.46,--,4,4184,买盘
895,11:21:42,10.46,--,5,5230,买盘
896,11:21:27,10.46,--,13,13598,买盘
897,11:21:22,10.46,0.01,2,2092,买盘
898,11:21:16,10.45,--,8,9206,卖盘
899,11:21:07,10.45,-0.01,5,5225,卖盘
900,11:20:52,10.46,-0.01,4,4184,中性盘
901,11:20:46,10.47,--,4,4188,买盘
902,11:20:42,10.47,--,10,10470,买盘
903,11:20:27,10.47,0.02,3,3141,买盘
904,11:20:16,10.45,--,53,56220,卖盘
905,11:20:07,10.45,--,6,6270,卖盘
906,11:19:57,10.45,--,91,95095,买盘
907,11:19:52,10.45,--,100,104500,买盘
908,11:19:46,10.45,0.01,4,4180,买盘
909,11:19:37,10.44,-0.01,31,32364,卖盘
910,11:19:27,10.45,0.01,4,4180,买盘
911,11:19:16,10.44,-0.01,13,14417,卖盘
912,11:19:07,10.45,--,33,34485,买盘
913,11:19:01,10.45,--,35,36575,买盘
914,11:18:57,10.45,0.01,45,47025,买盘
915,11:18:52,10.44,-0.01,50,52200,卖盘
916,11:18:46,10.45,0.01,28,29259,买盘
917,11:18:42,10.44,--,35,36540,卖盘
918,11:18:37,10.44,-0.01,15,15660,卖盘
919,11:18:27,10.45,0.01,16,16720,买盘
920,11:18:22,10.44,-0.01,20,20880,卖盘
921,11:18:16,10.45,0.01,28,30095,买盘
922,11:18:12,10.44,-0.01,68,70992,卖盘
923,11:18:07,10.45,--,103,107634,买盘
924,11:17:52,10.45,--,23,24035,买盘
925,11:17:46,10.45,0.01,4,4180,买盘
926,11:17:42,10.44,--,71,74124,卖盘
927,11:17:27,10.44,--,71,74124,卖盘
928,11:17:22,10.44,--,52,55123,买盘
929,11:17:12,10.44,-0.01,15,15660,卖盘
930,11:17:07,10.45,0.02,3,3135,买盘
931,11:16:57,10.43,-0.01,100,104300,卖盘
932,11:16:46,10.44,--,13,14313,买盘
933,11:16:42,10.44,--,21,21924,买盘
934,11:16:37,10.44,--,3,3132,买盘
935,11:16:31,10.44,--,1,1044,买盘
936,11:16:27,10.44,--,62,65135,卖盘
937,11:16:22,10.44,--,581,606564,卖盘
938,11:16:16,10.44,--,8,9197,卖盘
939,11:16:12,10.44,-0.01,107,111708,卖盘
940,11:16:07,10.45,--,23,24035,买盘
941,11:16:01,10.45,0.01,5,5225,买盘
942,11:15:57,10.44,--,20,20880,卖盘
943,11:15:52,10.44,-0.01,11,11484,卖盘
944,11:15:46,10.45,0.01,159,166155,买盘
945,11:15:40,10.44,-0.01,20,20880,卖盘
946,11:15:36,10.45,0.01,454,474429,买盘
947,11:15:31,10.44,-0.01,40,41760,卖盘
948,11:15:25,10.45,0.01,8,8360,买盘
949,11:15:21,10.44,--,77,80388,卖盘
950,11:15:16,10.44,--,26,27979,卖盘
951,11:15:06,10.44,-0.01,131,136764,卖盘
952,11:15:01,10.45,-0.01,656,685520,卖盘
953,11:14:51,10.46,--,3,3138,买盘
954,11:14:46,10.46,--,10,10460,买盘
955,11:14:40,10.46,--,437,457876,卖盘
956,11:14:36,10.46,--,103,107738,卖盘
957,11:14:31,10.46,-0.01,138,144348,卖盘
958,11:14:25,10.47,--,7,7329,买盘
959,11:14:21,10.47,--,24,25829,卖盘
960,11:14:16,10.47,--,12,13412,卖盘
961,11:14:06,10.47,--,9,9423,卖盘
962,11:14:01,10.47,--,2,2094,卖盘
963,11:13:55,10.47,--,60,62820,卖盘
964,11:13:51,10.47,-0.01,11,11517,卖盘
965,11:13:46,10.48,0.01,34,35632,买盘
966,11:13:36,10.47,--,30,31410,卖盘
967,11:13:25,10.47,-0.01,45,47115,卖盘
968,11:13:21,10.48,0.01,100,104800,买盘
969,11:13:16,10.47,-0.01,29,30677,卖盘
970,11:13:06,10.48,--,3,3144,买盘
971,11:12:55,10.48,--,22,23056,买盘
972,11:12:46,10.48,--,4,4192,买盘
973,11:12:25,10.48,0.01,4,4192,买盘
974,11:12:21,10.47,-0.01,6,6282,卖盘
975,11:12:16,10.48,--,28,30182,买盘
976,11:12:06,10.48,--,24,25152,买盘
977,11:11:46,10.48,--,4,4192,买盘
978,11:11:40,10.48,--,1,1048,买盘
979,11:11:25,10.48,0.01,4,4192,买盘
980,11:11:16,10.47,-0.01,14,15506,卖盘
981,11:11:06,10.48,--,3,3144,买盘
982,11:10:51,10.48,--,2,2096,买盘
983,11:10:46,10.48,--,4,4192,买盘
984,11:10:40,10.48,--,9,9432,买盘
985,11:10:25,10.48,0.01,9,9432,买盘
986,11:10:16,10.47,-0.01,63,66798,卖盘
987,11:10:06,10.48,--,3,3144,买盘
988,11:09:51,10.48,--,2,2096,买盘
989,11:09:46,10.48,0.01,4,4192,买盘
990,11:09:36,10.47,--,10,10470,卖盘
991,11:09:31,10.47,-0.01,30,31410,卖盘
992,11:09:25,10.48,0.01,14,14672,买盘
993,11:09:16,10.47,--,22,23882,卖盘
994,11:09:06,10.47,--,23,24081,卖盘
995,11:09:01,10.47,-0.01,45,47115,卖盘
996,11:08:51,10.48,--,2,2096,买盘
997,11:08:46,10.48,0.02,4,4192,买盘
998,11:08:40,10.46,--,0,0,卖盘
999,11:08:36,10.46,-0.02,0,523,卖盘
1000,11:08:25,10.48,0.02,4,4192,买盘
1001,11:08:21,10.46,--,1,1046,卖盘
1002,11:08:16,10.46,-0.01,8,9204,卖盘
1003,11:08:06,10.47,0.01,10,10470,卖盘
1004,11:08:01,10.46,--,0,0,卖盘
1005,11:07:55,10.46,-0.02,10,10460,卖盘
1006,11:07:46,10.48,0.01,4,4192,买盘
1007,11:07:40,10.47,--,5,6072,买盘
1008,11:07:30,10.47,-0.01,10,10679,卖盘
1009,11:07:25,10.48,--,4,4192,买盘
1010,11:07:16,10.48,--,40,42758,买盘
1011,11:07:10,10.48,--,3,3144,买盘
1012,11:06:55,10.48,0.01,1,1048,买盘
1013,11:06:40,10.47,--,19,20730,买盘
1014,11:06:30,10.47,--,8,8585,卖盘
1015,11:06:25,10.47,0.01,5,6072,买盘
1016,11:06:15,10.46,-0.01,8,9215,卖盘
1017,11:06:10,10.47,--,4,4188,买盘
1018,11:05:55,10.47,--,27,28269,买盘
1019,11:05:49,10.47,--,5,5235,买盘
1020,11:05:45,10.47,--,3,3141,买盘
1021,11:05:25,10.47,--,16,16752,买盘
1022,11:05:15,10.47,0.01,3,3141,卖盘
1023,11:05:10,10.46,-0.01,104,108784,卖盘
1024,11:04:55,10.47,--,157,165153,买盘
1025,11:04:45,10.47,0.01,3,3141,买盘
1026,11:04:30,10.46,-0.01,30,31380,卖盘
1027,11:04:25,10.47,--,13,13611,买盘
1028,11:04:19,10.47,0.01,70,73290,买盘
1029,11:04:15,10.46,-0.01,51,54193,卖盘
1030,11:04:10,10.47,--,9,9423,买盘
1031,11:04:00,10.47,--,5,5235,买盘
1032,11:03:55,10.47,--,41,42927,买盘
1033,11:03:49,10.47,--,1,1047,买盘
1034,11:03:45,10.47,--,3,3141,买盘
1035,11:03:40,10.47,--,6,6282,买盘
1036,11:03:25,10.47,0.01,4,4188,买盘
1037,11:03:15,10.46,-0.01,8,9204,卖盘
1038,11:03:10,10.47,--,28,29316,买盘
1039,11:02:55,10.47,--,8,8376,买盘
1040,11:02:45,10.47,--,4,4188,买盘
1041,11:02:40,10.47,0.01,13,13611,买盘
1042,11:02:30,10.46,-0.01,1,1046,卖盘
1043,11:02:25,10.47,0.01,3,3141,买盘
1044,11:02:19,10.46,--,15,15690,卖盘
1045,11:02:15,10.46,--,8,9204,卖盘
1046,11:02:09,10.46,--,24,25104,卖盘
1047,11:02:00,10.46,-0.01,50,52300,卖盘
1048,11:01:55,10.47,0.01,5,5235,买盘
1049,11:01:40,10.46,--,58,61306,买盘
1050,11:01:30,10.46,-0.01,136,142663,卖盘
1051,11:01:25,10.47,0.01,3,3141,买盘
1052,11:01:15,10.46,-0.01,8,9215,卖盘
1053,11:01:10,10.47,0.01,4,4188,买盘
1054,11:01:04,10.46,--,78,81588,卖盘
1055,11:01:00,10.46,--,5,5230,卖盘
1056,11:00:55,10.46,--,3,3138,卖盘
1057,11:00:45,10.46,--,8,8368,卖盘
1058,11:00:30,10.46,-0.01,100,104600,卖盘
1059,11:00:25,10.47,0.01,6,6282,买盘
1060,11:00:15,10.46,-0.01,8,9204,卖盘
1061,11:00:10,10.47,--,3,3141,买盘
1062,10:59:54,10.47,0.01,30,31410,买盘
1063,10:59:49,10.46,-0.01,2,2092,卖盘
1064,10:59:45,10.47,--,4,4188,买盘
1065,10:59:25,10.47,--,5,5235,买盘
1066,10:59:19,10.47,0.01,1,1047,买盘
1067,10:59:15,10.46,--,32,33681,卖盘
1068,10:59:10,10.46,--,9,9414,卖盘
1069,10:59:00,10.46,--,9,9414,卖盘
1070,10:58:54,10.46,--,45,47906,买盘
1071,10:58:49,10.46,--,18,18828,买盘
1072,10:58:44,10.46,--,34,35564,买盘
1073,10:58:40,10.46,--,50,52300,买盘
1074,10:58:34,10.46,--,31,32426,买盘
1075,10:58:25,10.46,--,38,39748,买盘
1076,10:58:14,10.46,--,113,119034,买盘
1077,10:58:10,10.46,0.01,71,74266,买盘
1078,10:57:57,10.45,--,108,112859,卖盘
1079,10:57:54,10.45,-0.01,503,525635,卖盘
1080,10:57:49,10.46,--,15,15690,买盘
1081,10:57:24,10.46,0.01,40,41840,买盘
1082,10:57:12,10.45,--,8,9196,卖盘
1083,10:57:09,10.45,--,62,65228,买盘
1084,10:57:04,10.45,-0.01,300,313897,卖盘
1085,10:56:57,10.46,0.01,45,47070,买盘
1086,10:56:54,10.45,--,10,10450,卖盘
1087,10:56:48,10.45,--,61,63744,卖盘
1088,10:56:42,10.45,--,10,10450,卖盘
1089,10:56:39,10.45,--,30,31349,卖盘
1090,10:56:33,10.45,--,35,36575,卖盘
1091,10:56:27,10.45,-0.01,10,10450,卖盘
1092,10:56:24,10.46,0.01,338,354196,买盘
1093,10:56:18,10.45,--,278,290907,卖盘
1094,10:56:09,10.45,-0.01,142,149236,卖盘
1095,10:56:03,10.46,--,30,31380,买盘
1096,10:55:54,10.46,0.01,713,745798,买盘
1097,10:55:48,10.45,--,103,107634,卖盘
1098,10:55:42,10.45,-0.01,23,24035,卖盘
1099,10:55:39,10.46,--,3,3138,买盘
1100,10:55:33,10.46,0.01,194,202924,买盘
1101,10:55:27,10.45,-0.01,5,5225,卖盘
1102,10:55:24,10.46,--,28,29288,买盘
1103,10:55:18,10.46,--,115,120499,卖盘
1104,10:55:12,10.46,--,63,66734,卖盘
1105,10:55:03,10.46,--,16,16736,卖盘
1106,10:54:54,10.46,--,80,83680,买盘
1107,10:54:48,10.46,--,8,8368,买盘
1108,10:54:39,10.46,--,21,21966,卖盘
1109,10:54:24,10.46,0.01,3,3138,买盘
1110,10:54:09,10.45,--,11,12341,卖盘
1111,10:54:03,10.45,--,266,277970,卖盘
1112,10:53:57,10.45,--,30,31349,卖盘
1113,10:53:54,10.45,-0.01,52,54339,卖盘
1114,10:53:48,10.46,0.01,4,4184,买盘
1115,10:53:42,10.45,-0.01,252,263340,卖盘
1116,10:53:24,10.46,--,776,811905,卖盘
1117,10:53:18,10.46,--,30,31380,卖盘
1118,10:53:12,10.46,--,112,117152,卖盘
1119,10:53:09,10.46,-0.01,60,63596,卖盘
1120,10:53:03,10.47,--,8,8376,买盘
1121,10:52:54,10.47,--,26,27222,买盘
1122,10:52:48,10.47,--,307,322339,卖盘
1123,10:52:42,10.47,--,4,4188,卖盘
1124,10:52:33,10.47,--,8,8376,卖盘
1125,10:52:27,10.47,-0.01,20,20940,卖盘
1126,10:52:24,10.48,0.01,8,8384,买盘
1127,10:52:18,10.47,-0.01,7,7329,卖盘
1128,10:52:09,10.48,0.01,10,10480,买盘
1129,10:52:03,10.47,--,5,5235,卖盘
1130,10:51:54,10.47,--,98,102606,卖盘
1131,10:51:48,10.47,--,369,386343,卖盘
1132,10:51:33,10.47,--,28,29316,卖盘
1133,10:51:27,10.47,-0.01,5,5235,卖盘
1134,10:51:23,10.48,0.01,9,9432,买盘
1135,10:51:08,10.47,-0.01,5,5235,卖盘
1136,10:50:57,10.48,0.01,4,4192,买盘
1137,10:50:48,10.47,--,6,6282,卖盘
1138,10:50:42,10.47,--,159,166473,卖盘
1139,10:50:33,10.47,-0.01,220,230340,卖盘
1140,10:50:23,10.48,0.01,4,4192,买盘
1141,10:50:08,10.47,--,16,16752,卖盘
1142,10:49:57,10.47,--,39,40833,卖盘
1143,10:49:48,10.47,-0.01,722,755934,卖盘
1144,10:49:42,10.48,--,15,15720,买盘
1145,10:49:27,10.48,--,4,4192,买盘
1146,10:49:06,10.48,--,5,5240,卖盘
1147,10:49:03,10.48,0.01,10,10480,卖盘
1148,10:48:57,10.47,--,0,0,卖盘
1149,10:48:48,10.47,-0.01,222,232434,卖盘
1150,10:48:42,10.48,--,9,9432,买盘
1151,10:48:36,10.48,--,10,10480,买盘
1152,10:48:33,10.48,--,5,5240,买盘
1153,10:48:27,10.48,--,405,424440,买盘
1154,10:48:21,10.48,--,5,5240,买盘
1155,10:48:18,10.48,--,5,5240,买盘
1156,10:48:06,10.48,0.01,4,4192,买盘
1157,10:47:57,10.47,--,239,250233,卖盘
1158,10:47:48,10.47,-0.01,19,19893,卖盘
1159,10:47:42,10.48,0.01,133,139384,买盘
1160,10:47:33,10.47,-0.01,1,1047,卖盘
1161,10:47:27,10.48,--,3,3144,买盘
1162,10:47:06,10.48,0.01,9,9432,买盘
1163,10:46:57,10.47,--,150,157186,买盘
1164,10:46:48,10.47,--,116,122362,卖盘
1165,10:46:42,10.47,--,1,1047,卖盘
1166,10:46:27,10.47,--,41,43063,买盘
1167,10:46:18,10.47,--,6,6282,买盘
1168,10:46:06,10.47,--,4,4188,买盘
1169,10:46:03,10.47,--,9,9423,买盘
1170,10:45:57,10.47,-0.01,590,618640,卖盘
1171,10:45:51,10.48,0.01,35,36680,买盘
1172,10:45:48,10.47,--,31,32457,卖盘
1173,10:45:42,10.47,-0.01,853,893091,卖盘
1174,10:45:36,10.48,--,4,4328,买盘
1175,10:45:33,10.48,--,122,127856,买盘
1176,10:45:27,10.48,--,35,36680,买盘
1177,10:45:21,10.48,--,20,20960,买盘
1178,10:45:18,10.48,--,63,66024,买盘
1179,10:45:12,10.48,--,5,5240,买盘
1180,10:45:06,10.48,--,19,19912,买盘
1181,10:44:57,10.48,--,4,4192,买盘
1182,10:44:51,10.48,--,11,11528,买盘
1183,10:44:47,10.48,--,14,14672,买盘
1184,10:44:42,10.48,--,5,5240,买盘
1185,10:44:36,10.48,--,39,40872,买盘
1186,10:44:32,10.48,--,10,10480,买盘
1187,10:44:27,10.48,--,102,107807,卖盘
1188,10:44:17,10.48,--,4,4192,卖盘
1189,10:44:12,10.48,--,72,75592,买盘
1190,10:44:06,10.48,--,20,20960,买盘
1191,10:44:02,10.48,--,77,80696,买盘
1192,10:43:51,10.48,--,5,5240,买盘
1193,10:43:47,10.48,--,44,46112,买盘
1194,10:43:42,10.48,--,12,12576,买盘
1195,10:43:36,10.48,--,5,5240,买盘
1196,10:43:32,10.48,--,5,5240,买盘
1197,10:43:27,10.48,--,3,3144,买盘
1198,10:43:21,10.48,--,230,241040,买盘
1199,10:43:17,10.48,--,232,244047,卖盘
1200,10:43:06,10.48,--,5,5240,卖盘
1201,10:43:02,10.48,--,20,20960,卖盘
1202,10:42:51,10.48,--,2,2096,卖盘
1203,10:42:47,10.48,--,24,25152,卖盘
1204,10:42:27,10.48,--,415,434920,卖盘
1205,10:42:17,10.48,-0.01,8,8384,卖盘
1206,10:42:06,10.49,0.01,3,3147,买盘
1207,10:42:02,10.48,--,10,10480,卖盘
1208,10:41:51,10.48,-0.01,5,5240,卖盘
1209,10:41:47,10.49,--,4,4196,买盘
1210,10:41:32,10.49,--,49,51401,买盘
1211,10:41:27,10.49,0.01,6,6294,买盘
1212,10:41:21,10.48,-0.01,140,146720,卖盘
1213,10:41:15,10.49,0.01,2,2098,买盘
1214,10:41:12,10.48,-0.01,30,31440,卖盘
1215,10:41:06,10.49,--,3,3147,买盘
1216,10:40:51,10.49,--,8,8392,买盘
1217,10:40:45,10.49,--,4,4196,买盘
1218,10:40:36,10.49,0.01,30,31470,买盘
1219,10:40:30,10.48,-0.01,30,31440,卖盘
1220,10:40:27,10.49,0.01,8,8392,买盘
1221,10:40:21,10.48,--,4,4192,卖盘
1222,10:40:12,10.48,-0.01,66,69168,卖盘
1223,10:40:06,10.49,--,17,17833,买盘
1224,10:40:00,10.49,0.01,2,2098,买盘
1225,10:39:51,10.48,-0.01,53,55544,卖盘
1226,10:39:45,10.49,0.01,4,4196,买盘
1227,10:39:42,10.48,-0.01,85,89080,卖盘
1228,10:39:27,10.49,-0.01,4,4196,买盘
1229,10:39:21,10.5,0.02,14,14700,买盘
1230,10:39:12,10.48,-0.01,150,157200,卖盘
1231,10:39:06,10.49,0.01,48,50352,买盘
1232,10:39:00,10.48,-0.01,2,2096,卖盘
1233,10:38:57,10.49,--,24,25176,买盘
1234,10:38:45,10.49,--,4,4196,买盘
1235,10:38:42,10.49,--,162,169938,买盘
1236,10:38:36,10.49,--,9,9441,买盘
1237,10:38:27,10.49,--,23,24127,卖盘
1238,10:38:12,10.49,--,25,26225,买盘
1239,10:38:06,10.49,0.01,38,39862,买盘
1240,10:37:56,10.48,-0.01,23,24104,卖盘
1241,10:37:51,10.49,--,26,27274,买盘
1242,10:37:45,10.49,--,4,4196,买盘
1243,10:37:42,10.49,--,11,11539,买盘
1244,10:37:36,10.49,--,27,28323,买盘
1245,10:37:26,10.49,--,4,4196,买盘
1246,10:37:21,10.49,--,7,7343,买盘
1247,10:37:12,10.49,--,24,25176,买盘
1248,10:37:06,10.49,--,18,18882,买盘
1249,10:36:57,10.49,--,4,4196,买盘
1250,10:36:45,10.49,--,312,327288,卖盘
1251,10:36:36,10.49,-0.01,950,996550,卖盘
1252,10:36:26,10.5,0.01,4,4200,买盘
1253,10:36:11,10.49,-0.01,14,14686,卖盘
1254,10:36:06,10.5,--,97,101850,卖盘
1255,10:36:00,10.5,--,45,47250,卖盘
1256,10:35:56,10.5,--,4,4200,卖盘
1257,10:35:45,10.5,--,6,6300,卖盘
1258,10:35:36,10.5,--,58,60900,卖盘
1259,10:35:26,10.5,--,23,24150,卖盘
1260,10:35:21,10.5,--,120,126000,卖盘
1261,10:35:11,10.5,--,268,281400,买盘
1262,10:35:06,10.5,0.01,20,21000,买盘
1263,10:35:00,10.49,-0.01,24,25176,卖盘
1264,10:34:56,10.5,--,443,465150,卖盘
1265,10:34:51,10.5,-0.01,4,4200,卖盘
1266,10:34:45,10.51,0.01,4,4204,买盘
1267,10:34:30,10.5,-0.01,40,42000,卖盘
1268,10:34:26,10.51,--,3,3153,买盘
1269,10:34:21,10.51,0.01,7,7357,买盘
1270,10:34:06,10.5,-0.01,21,22050,卖盘
1271,10:34:00,10.51,0.01,2,2102,买盘
1272,10:33:51,10.5,--,7,7350,卖盘
1273,10:33:45,10.5,--,2,2100,买盘
1274,10:33:26,10.5,--,19,19950,买盘
1275,10:33:21,10.5,-0.01,585,614250,卖盘
1276,10:33:15,10.51,--,3,3153,买盘
1277,10:33:06,10.51,0.01,7,7357,买盘
1278,10:32:51,10.5,-0.01,120,126000,卖盘
1279,10:32:45,10.51,--,4,4204,买盘
1280,10:32:39,10.51,--,77,80927,买盘
1281,10:32:36,10.51,--,25,26275,买盘
1282,10:32:30,10.51,--,26,27326,买盘
1283,10:32:24,10.51,--,3,3153,买盘
1284,10:32:21,10.51,--,9,9459,买盘
1285,10:32:06,10.51,--,84,88284,买盘
1286,10:31:51,10.51,--,1,1051,买盘
1287,10:31:45,10.51,0.01,11,11561,买盘
1288,10:31:20,10.5,--,200,210000,买盘
1289,10:31:15,10.5,--,5,5250,买盘
1290,10:31:05,10.5,--,31,32550,买盘
1291,10:31:00,10.5,--,39,40950,买盘
1292,10:30:45,10.5,--,4,4200,买盘
1293,10:30:35,10.5,--,20,21000,买盘
1294,10:30:30,10.5,0.01,14,14700,买盘
1295,10:30:20,10.49,--,10,10490,卖盘
1296,10:30:09,10.49,--,66,69234,买盘
1297,10:30:05,10.49,--,8,8392,买盘
1298,10:30:00,10.49,--,5,5245,买盘
1299,10:29:50,10.49,--,86,90214,买盘
1300,10:29:45,10.49,--,436,457364,卖盘
1301,10:29:39,10.49,-0.01,15,15735,卖盘
1302,10:29:35,10.5,--,20,21000,买盘
1303,10:29:24,10.5,0.01,4,4200,买盘
1304,10:29:09,10.49,-0.01,6,6294,卖盘
1305,10:29:05,10.5,0.01,4,4200,买盘
1306,10:28:54,10.49,-0.01,4,4196,卖盘
1307,10:28:50,10.5,--,35,36750,买盘
1308,10:28:45,10.5,--,4,4200,买盘
1309,10:28:24,10.5,--,4,4200,买盘
1310,10:28:20,10.5,0.01,9,9450,买盘
1311,10:28:15,10.49,--,0,0,卖盘
1312,10:28:09,10.49,--,18,18882,买盘
1313,10:28:05,10.49,-0.01,382,400718,卖盘
1314,10:28:00,10.5,--,320,336000,买盘
1315,10:27:50,10.5,--,15,15750,买盘
1316,10:27:45,10.5,--,102,107100,买盘
1317,10:27:30,10.5,--,10,10500,买盘
1318,10:27:24,10.5,--,4,4200,买盘
1319,10:27:20,10.5,--,8,8400,买盘
1320,10:27:15,10.5,--,31,32550,买盘
1321,10:27:05,10.5,0.01,33,34650,买盘
1322,10:27:00,10.49,--,21,22029,卖盘
1323,10:26:50,10.49,-0.01,50,52450,卖盘
1324,10:26:45,10.5,--,3,3150,买盘
1325,10:26:24,10.5,--,4,4200,买盘
1326,10:26:05,10.5,--,4,4200,买盘
1327,10:25:45,10.5,--,21,22050,买盘
1328,10:25:35,10.5,--,5,5250,买盘
1329,10:25:30,10.5,--,14,14700,买盘
1330,10:25:20,10.5,0.01,103,108150,买盘
1331,10:25:15,10.49,-0.01,73,76577,卖盘
1332,10:25:09,10.5,0.01,4,4200,买盘
1333,10:25:00,10.49,--,20,20980,卖盘
1334,10:24:54,10.49,-0.01,11,11539,卖盘
1335,10:24:45,10.5,0.01,18,18900,买盘
1336,10:24:29,10.49,--,192,201408,买盘
1337,10:24:14,10.49,--,1,1049,买盘
1338,10:24:09,10.49,-0.01,320,335680,卖盘
1339,10:23:59,10.5,--,12,12600,买盘
1340,10:23:54,10.5,--,15,15750,买盘
1341,10:23:44,10.5,0.01,4,4200,买盘
1342,10:23:39,10.49,--,20,20980,卖盘
1343,10:23:24,10.49,--,588,616812,买盘
1344,10:23:14,10.49,--,50,52450,买盘
1345,10:23:09,10.49,--,4,4196,买盘
1346,10:23:03,10.49,--,23,24127,买盘
1347,10:22:54,10.49,--,50,52450,买盘
1348,10:22:44,10.49,-0.01,463,485687,卖盘
1349,10:22:24,10.5,0.01,3,3150,买盘
1350,10:22:09,10.49,--,70,73430,买盘
1351,10:21:59,10.49,0.01,10,10490,买盘
1352,10:21:54,10.48,-0.01,2,2096,卖盘
1353,10:21:44,10.49,--,214,224486,买盘
1354,10:21:33,10.49,0.01,104,109096,买盘
1355,10:21:29,10.48,-0.01,50,52400,卖盘
1356,10:21:24,10.49,0.01,3,3147,买盘
1357,10:21:14,10.48,-0.01,10,10480,卖盘
1358,10:21:09,10.49,--,19,19931,买盘
1359,10:20:59,10.49,--,170,178330,买盘
1360,10:20:44,10.49,0.01,64,67136,买盘
1361,10:20:39,10.48,-0.01,6,6288,卖盘
1362,10:20:24,10.49,0.01,3,3147,买盘
1363,10:20:14,10.48,-0.01,63,66024,卖盘
1364,10:20:09,10.49,0.01,42,44058,买盘
1365,10:20:03,10.48,-0.01,150,157200,卖盘
1366,10:19:59,10.49,--,21,22029,买盘
1367,10:19:54,10.49,--,1,1049,买盘
1368,10:19:44,10.49,--,15,15735,买盘
1369,10:19:39,10.49,--,53,55597,买盘
1370,10:19:29,10.49,--,5,5245,买盘
1371,10:19:14,10.49,--,235,246515,卖盘
1372,10:19:09,10.49,-0.01,16,16784,卖盘
1373,10:19:03,10.5,0.01,144,151200,买盘
1374,10:18:59,10.49,--,200,209800,卖盘
1375,10:18:48,10.49,-0.01,10,10490,卖盘
1376,10:18:44,10.5,0.01,14,14700,买盘
1377,10:18:33,10.49,--,41,43009,卖盘
1378,10:18:18,10.49,--,70,73430,卖盘
1379,10:18:09,10.49,--,20,20980,卖盘
1380,10:17:59,10.49,--,168,176232,卖盘
1381,10:17:39,10.49,-0.02,91,95459,卖盘
1382,10:17:29,10.51,0.01,210,220710,买盘
1383,10:17:24,10.5,--,9,9450,卖盘
1384,10:17:14,10.5,--,51,53550,卖盘
1385,10:17:09,10.5,--,72,75600,卖盘
1386,10:17:03,10.5,-0.01,48,50400,卖盘
1387,10:16:54,10.51,--,81,85131,买盘
1388,10:16:33,10.51,--,11,11561,买盘
1389,10:16:27,10.51,--,79,83029,买盘
1390,10:16:18,10.51,--,25,26275,买盘
1391,10:16:08,10.51,--,36,37836,买盘
1392,10:16:03,10.51,--,3,3153,买盘
1393,10:15:53,10.51,--,9,9459,买盘
1394,10:15:42,10.51,--,9,9459,买盘
1395,10:15:38,10.51,--,192,201792,买盘
1396,10:15:33,10.51,0.01,10,10510,买盘
1397,10:15:23,10.5,-0.01,10,10500,卖盘
1398,10:15:03,10.51,--,19,19969,买盘
1399,10:14:57,10.51,0.01,1,1051,买盘
1400,10:14:53,10.5,--,89,93450,买盘
1401,10:14:48,10.5,--,0,0,卖盘
1402,10:14:42,10.5,--,15,15750,卖盘
1403,10:14:27,10.5,-0.01,10,10500,买盘
1404,10:14:18,10.51,0.02,1579,1659529,买盘
1405,10:13:53,10.49,-0.01,12,12588,买盘
1406,10:13:48,10.5,0.01,79,82950,买盘
1407,10:13:38,10.49,--,31,32519,买盘
1408,10:13:27,10.49,0.01,4,4196,买盘
1409,10:13:18,10.48,-0.01,70,73360,卖盘
1410,10:13:08,10.49,--,39,40911,买盘
1411,10:13:03,10.49,0.01,24,25176,买盘
1412,10:12:57,10.48,-0.01,20,20960,卖盘
1413,10:12:53,10.49,--,1,1049,买盘
1414,10:12:48,10.49,0.01,120,125880,买盘
1415,10:12:42,10.48,-0.01,55,57640,卖盘
1416,10:12:38,10.49,--,20,20980,买盘
1417,10:12:27,10.49,0.01,40,41960,买盘
1418,10:12:23,10.48,-0.01,732,767136,卖盘
1419,10:12:18,10.49,--,34,35666,买盘
1420,10:12:12,10.49,--,2,2098,卖盘
1421,10:12:08,10.49,--,428,448972,买盘
1422,10:12:03,10.49,0.01,79,82871,买盘
1423,10:11:57,10.48,--,0,0,卖盘
1424,10:11:53,10.48,-0.02,703,736744,卖盘
1425,10:11:48,10.5,--,11,11550,买盘
1426,10:11:38,10.5,--,2,2100,买盘
1427,10:11:33,10.5,-0.01,3621,3802050,卖盘
1428,10:11:27,10.51,0.01,79,83029,买盘
1429,10:11:23,10.5,--,4,4200,卖盘
1430,10:11:18,10.5,-0.01,50,52500,卖盘
1431,10:11:08,10.51,0.01,36,37836,买盘
1432,10:11:03,10.5,-0.01,17,17850,卖盘
1433,10:10:57,10.51,--,79,83029,买盘
1434,10:10:48,10.51,0.01,10,10510,买盘
1435,10:10:42,10.5,-0.01,1,1050,卖盘
1436,10:10:38,10.51,0.01,21,22071,买盘
1437,10:10:33,10.5,--,580,609000,卖盘
1438,10:10:23,10.5,--,18,18900,卖盘
1439,10:10:18,10.5,--,4,4200,卖盘
1440,10:10:12,10.5,-0.01,1,1050,卖盘
1441,10:10:03,10.51,--,10,10510,买盘
1442,10:09:57,10.51,0.01,11,11561,买盘
1443,10:09:53,10.5,--,42,44100,卖盘
1444,10:09:48,10.5,-0.01,4,4200,卖盘
1445,10:09:42,10.51,0.01,30,31530,买盘
1446,10:09:38,10.5,--,99,103950,卖盘
1447,10:09:27,10.5,-0.01,4,4200,卖盘
1448,10:09:22,10.51,--,10,10510,买盘
1449,10:09:17,10.51,--,1,1051,买盘
1450,10:09:08,10.51,--,206,216506,买盘
1451,10:09:03,10.51,0.01,110,115610,买盘
1452,10:08:47,10.5,--,126,132300,卖盘
1453,10:08:42,10.5,-0.01,11,11550,卖盘
1454,10:08:32,10.51,0.01,51,53601,买盘
1455,10:08:27,10.5,-0.01,3,3150,卖盘
1456,10:08:21,10.51,0.01,79,83029,买盘
1457,10:08:12,10.5,-0.01,16,16800,卖盘
1458,10:08:06,10.51,--,20,21020,买盘
1459,10:08:02,10.51,--,25,26275,买盘
1460,10:07:57,10.51,--,33,34683,卖盘
1461,10:07:47,10.51,-0.01,50,52550,卖盘
1462,10:07:42,10.52,0.01,79,83108,买盘
1463,10:07:36,10.51,-0.01,76,79876,卖盘
1464,10:07:32,10.52,--,98,103096,买盘
1465,10:07:27,10.52,--,52,54704,买盘
1466,10:07:12,10.52,0.01,5,5260,买盘
1467,10:07:06,10.51,--,13,13663,卖盘
1468,10:07:02,10.51,--,103,108253,卖盘
1469,10:06:57,10.51,--,25,26275,卖盘
1470,10:06:51,10.51,-0.01,40,42040,卖盘
1471,10:06:47,10.52,0.01,79,83108,买盘
1472,10:06:27,10.51,--,116,121916,卖盘
1473,10:06:21,10.51,-0.01,45,47295,卖盘
1474,10:06:17,10.52,0.01,99,104148,买盘
1475,10:06:12,10.51,--,39,40989,卖盘
1476,10:06:06,10.51,--,4,4204,卖盘
1477,10:06:02,10.51,-0.01,28,29428,卖盘
1478,10:05:57,10.52,0.01,12,12624,买盘
1479,10:05:42,10.51,--,62,65162,卖盘
1480,10:05:36,10.51,-0.01,26,27326,卖盘
1481,10:05:32,10.52,--,97,102044,买盘
1482,10:05:27,10.52,0.01,49,51548,买盘
1483,10:05:21,10.51,--,2,2102,卖盘
1484,10:05:17,10.51,-0.01,1,1051,卖盘
1485,10:05:12,10.52,0.01,11,11572,买盘
1486,10:05:06,10.51,--,50,52550,卖盘
1487,10:05:02,10.51,--,20,21020,卖盘
1488,10:04:57,10.51,-0.01,34,35734,卖盘
1489,10:04:51,10.52,0.01,2,2104,买盘
1490,10:04:47,10.51,--,4,4204,卖盘
1491,10:04:42,10.51,--,63,66213,卖盘
1492,10:04:36,10.51,--,6,6306,卖盘
1493,10:04:32,10.51,-0.01,18,18918,卖盘
1494,10:04:27,10.52,--,40,42080,买盘
1495,10:04:17,10.52,0.01,7,7364,买盘
1496,10:04:12,10.51,-0.01,72,75672,卖盘
1497,10:04:06,10.52,-0.01,123,130121,卖盘
1498,10:04:02,10.53,0.01,25,26325,买盘
1499,10:03:57,10.52,--,209,219868,卖盘
1500,10:03:51,10.52,--,9,9468,卖盘
1501,10:03:47,10.52,--,24,25248,卖盘
1502,10:03:41,10.52,--,49,51548,卖盘
1503,10:03:32,10.52,-0.01,10,10846,卖盘
1504,10:03:26,10.53,0.01,41,43173,买盘
1505,10:03:21,10.52,-0.01,4,4208,卖盘
1506,10:03:17,10.53,--,125,131635,卖盘
1507,10:03:11,10.53,--,11,11583,卖盘
1508,10:03:06,10.53,--,38,40014,卖盘
1509,10:03:02,10.53,--,184,193752,卖盘
1510,10:02:56,10.53,--,8,8424,卖盘
1511,10:02:51,10.53,--,111,116883,卖盘
1512,10:02:47,10.53,--,26,27378,卖盘
1513,10:02:41,10.53,--,5,5265,卖盘
1514,10:02:32,10.53,-0.01,16,16848,卖盘
1515,10:02:26,10.54,--,8,8432,买盘
1516,10:02:16,10.54,--,21,22134,买盘
1517,10:02:11,10.54,0.01,5,5270,买盘
1518,10:02:06,10.53,--,6,6318,卖盘
1519,10:02:01,10.53,--,3,3159,卖盘
1520,10:01:56,10.53,-0.01,18,18954,卖盘
1521,10:01:46,10.54,0.01,3,3161,买盘
1522,10:01:41,10.53,--,11,11583,卖盘
1523,10:01:31,10.53,-0.01,104,110554,卖盘
1524,10:01:26,10.54,0.01,19,20026,买盘
1525,10:01:21,10.53,-0.01,10,10530,卖盘
1526,10:01:16,10.54,0.01,100,105399,买盘
1527,10:01:11,10.53,--,204,214812,卖盘
1528,10:00:56,10.53,--,6,6318,卖盘
1529,10:00:46,10.53,--,14,14742,卖盘
1530,10:00:41,10.53,--,73,76869,卖盘
1531,10:00:31,10.53,-0.01,4,4212,卖盘
1532,10:00:26,10.54,0.01,50,52699,买盘
1533,10:00:21,10.53,--,7,7371,卖盘
1534,10:00:15,10.53,-0.01,37,38961,卖盘
1535,10:00:06,10.54,--,6,6323,买盘
1536,10:00:00,10.54,0.01,9,9486,买盘
1537,09:59:56,10.53,-0.01,1,1053,卖盘
1538,09:59:51,10.54,--,15,15809,买盘
1539,09:59:41,10.54,0.01,20,21080,买盘
1540,09:59:36,10.53,-0.01,30,31589,卖盘
1541,09:59:26,10.54,--,88,92751,买盘
1542,09:59:21,10.54,--,10,10540,买盘
1543,09:59:11,10.54,-0.01,33,34782,中性盘
1544,09:59:06,10.55,0.01,282,297510,买盘
1545,09:58:56,10.54,--,30,31619,买盘
1546,09:58:51,10.54,-0.01,1,1054,买盘
1547,09:58:45,10.55,0.01,15,15825,买盘
1548,09:58:41,10.54,--,19,20026,买盘
1549,09:58:36,10.54,0.01,222,233987,买盘
1550,09:58:21,10.53,-0.01,93,97929,卖盘
1551,09:58:11,10.54,0.01,312,328848,买盘
1552,09:58:06,10.53,-0.01,162,170586,卖盘
1553,09:57:51,10.54,0.02,146,153884,买盘
1554,09:57:45,10.52,-0.01,20,21040,卖盘
1555,09:57:30,10.53,-0.01,174,183222,卖盘
1556,09:57:26,10.54,0.01,23,24241,买盘
1557,09:57:21,10.53,--,4,4212,卖盘
1558,09:57:11,10.53,--,27,28431,卖盘
1559,09:57:06,10.53,--,18,18954,卖盘
1560,09:56:51,10.53,0.01,5,5265,买盘
1561,09:56:45,10.52,-0.01,7,7364,卖盘
1562,09:56:41,10.53,0.01,20,21060,买盘
1563,09:56:20,10.52,--,12,12624,卖盘
1564,09:56:15,10.52,-0.01,1,1052,卖盘
1565,09:56:11,10.53,0.01,88,92664,买盘
1566,09:56:05,10.52,0.01,21,22512,买盘
1567,09:56:00,10.51,-0.01,105,110355,卖盘
1568,09:55:56,10.52,0.01,40,42080,买盘
1569,09:55:50,10.51,--,290,304790,卖盘
1570,09:55:45,10.51,--,35,36785,卖盘
1571,09:55:41,10.51,--,28,29428,卖盘
1572,09:55:20,10.51,--,50,52550,卖盘
1573,09:55:11,10.51,--,17,17867,卖盘
1574,09:55:05,10.51,--,16,16816,卖盘
1575,09:54:56,10.51,--,29,30479,卖盘
1576,09:54:45,10.51,--,1,1051,卖盘
1577,09:54:41,10.51,-0.01,11,11561,卖盘
1578,09:54:25,10.52,--,0,0,买盘
1579,09:54:15,10.52,--,110,115720,买盘
1580,09:54:05,10.52,0.01,9,9468,买盘
1581,09:54:00,10.51,--,221,232901,卖盘
1582,09:53:55,10.51,--,33,34683,卖盘
1583,09:53:50,10.51,--,20,21020,卖盘
1584,09:53:45,10.51,--,1,1051,卖盘
1585,09:53:40,10.51,--,5,5255,卖盘
1586,09:53:35,10.51,--,76,79876,卖盘
1587,09:53:30,10.51,--,90,94590,卖盘
1588,09:53:25,10.51,-0.01,1,1051,卖盘
1589,09:53:20,10.52,0.01,87,91524,买盘
1590,09:53:10,10.51,--,10,10510,卖盘
1591,09:53:00,10.51,-0.01,40,42040,卖盘
1592,09:52:55,10.52,0.01,3,3156,买盘
1593,09:52:45,10.51,--,7,7357,卖盘
1594,09:52:30,10.51,--,10,10510,卖盘
1595,09:52:20,10.51,-0.01,12,12612,卖盘
1596,09:52:09,10.52,0.01,100,105200,买盘
1597,09:52:00,10.51,--,43,45193,卖盘
1598,09:51:45,10.51,-0.01,5,5255,卖盘
1599,09:51:39,10.52,0.01,157,165164,买盘
1600,09:51:24,10.51,--,105,110355,卖盘
1601,09:51:15,10.51,--,90,94590,卖盘
1602,09:51:09,10.51,-0.01,5,5255,卖盘
1603,09:51:00,10.52,0.01,15,15780,买盘
1604,09:50:54,10.51,--,2,2102,卖盘
1605,09:50:50,10.51,-0.01,33,34683,卖盘
1606,09:50:45,10.52,0.01,3,3156,买盘
1607,09:50:39,10.51,--,19,19969,卖盘
1608,09:50:35,10.51,--,11,11981,卖盘
1609,09:50:30,10.51,0.01,11,11561,买盘
1610,09:50:24,10.5,--,0,0,卖盘
1611,09:50:15,10.5,-0.02,65,68250,卖盘
1612,09:50:09,10.52,0.01,45,47340,买盘
1613,09:50:05,10.51,-0.01,16,16816,卖盘
1614,09:50:00,10.52,--,65,68380,买盘
1615,09:49:54,10.52,--,8,8416,买盘
1616,09:49:50,10.52,--,128,134656,买盘
1617,09:49:45,10.52,--,4,4208,买盘
1618,09:49:39,10.52,--,127,133604,卖盘
1619,09:49:35,10.52,-0.01,60,63120,卖盘
1620,09:49:29,10.53,--,1035,1089855,买盘
1621,09:49:24,10.53,-0.01,150,157950,卖盘
1622,09:49:20,10.54,0.01,30,31619,买盘
1623,09:49:14,10.53,--,15,15794,卖盘
1624,09:49:09,10.53,--,11,11583,买盘
1625,09:49:05,10.53,-0.01,45,47385,卖盘
1626,09:48:59,10.54,0.01,30,31619,买盘
1627,09:48:50,10.53,--,44,46332,卖盘
1628,09:48:44,10.53,-0.01,5,5265,卖盘
1629,09:48:39,10.54,0.01,100,105399,买盘
1630,09:48:35,10.53,--,50,52650,卖盘
1631,09:48:29,10.53,--,39,41067,买盘
1632,09:48:20,10.53,--,27,28431,买盘
1633,09:48:14,10.53,--,50,52650,买盘
1634,09:48:09,10.53,--,15,15794,买盘
1635,09:48:04,10.53,0.01,50,52650,买盘
1636,09:47:49,10.52,0.02,405,426060,买盘
1637,09:47:34,10.5,--,66,69300,卖盘
1638,09:47:24,10.5,0.01,250,262500,买盘
1639,09:47:19,10.49,-0.01,94,98606,卖盘
1640,09:47:04,10.5,--,21,22050,买盘
1641,09:46:59,10.5,--,81,85050,卖盘
1642,09:46:49,10.5,--,11,11550,买盘
1643,09:46:44,10.5,--,72,75600,卖盘
1644,09:46:34,10.5,--,32,33736,买盘
1645,09:46:29,10.5,0.01,165,173250,买盘
1646,09:46:24,10.49,--,10,10490,卖盘
1647,09:46:19,10.49,--,58,60842,卖盘
1648,09:46:04,10.49,--,31,32519,卖盘
1649,09:45:59,10.49,--,32,33568,卖盘
1650,09:45:49,10.49,--,31,32519,卖盘
1651,09:45:44,10.49,-0.01,1,1049,卖盘
1652,09:45:34,10.5,0.01,150,157500,买盘
1653,09:45:19,10.49,--,129,135321,卖盘
1654,09:45:14,10.49,-0.01,3,3147,卖盘
1655,09:45:09,10.5,0.01,22,23100,买盘
1656,09:45:04,10.49,-0.01,2,2098,卖盘
1657,09:44:59,10.5,0.01,112,117600,买盘
1658,09:44:49,10.49,-0.01,100,104900,卖盘
1659,09:44:44,10.5,0.01,74,77700,买盘
1660,09:44:39,10.49,--,4,4196,卖盘
1661,09:44:34,10.49,--,74,77626,卖盘
1662,09:44:18,10.49,0.01,16,16784,买盘
1663,09:44:14,10.48,-0.01,2,2096,卖盘
1664,09:44:09,10.49,0.01,53,55597,买盘
1665,09:43:44,10.48,--,10,10480,卖盘
1666,09:43:39,10.48,-0.01,4,4192,卖盘
1667,09:43:33,10.49,--,7,7343,卖盘
1668,09:43:29,10.49,--,35,36715,买盘
1669,09:43:18,10.49,0.01,2,2098,买盘
1670,09:43:14,10.48,-0.01,1,1048,卖盘
1671,09:43:09,10.49,--,39,40911,买盘
1672,09:43:03,10.49,--,30,31470,卖盘
1673,09:42:59,10.49,--,5,5245,卖盘
1674,09:42:54,10.49,0.01,469,491981,买盘
1675,09:42:48,10.48,--,30,31440,卖盘
1676,09:42:44,10.48,--,13,13624,卖盘
1677,09:42:38,10.48,--,96,100608,卖盘
1678,09:42:23,10.48,--,5,5240,卖盘
1679,09:42:18,10.48,-0.01,55,57640,卖盘
1680,09:42:14,10.49,0.01,60,62940,买盘
1681,09:42:08,10.48,--,5,5240,卖盘
1682,09:42:03,10.48,--,6,6288,卖盘
1683,09:41:59,10.48,--,88,92224,卖盘
1684,09:41:53,10.48,-0.01,51,53448,卖盘
1685,09:41:48,10.49,--,41,43009,买盘
1686,09:41:43,10.49,0.01,50,52450,买盘
1687,09:41:38,10.48,--,18,18864,卖盘
1688,09:41:29,10.48,-0.01,23,24104,卖盘
1689,09:41:23,10.49,--,5,5245,买盘
1690,09:41:18,10.49,--,75,78675,买盘
1691,09:41:13,10.49,--,21,22029,买盘
1692,09:41:08,10.49,--,129,135321,卖盘
1693,09:40:58,10.49,--,80,83920,卖盘
1694,09:40:53,10.49,0.01,125,131125,买盘
1695,09:40:43,10.48,-0.01,256,268288,卖盘
1696,09:40:38,10.49,--,65,68185,买盘
1697,09:40:28,10.49,-0.01,7,7343,中性盘
1698,09:40:23,10.5,0.01,76,79800,买盘
1699,09:40:18,10.49,--,13,13637,卖盘
1700,09:40:13,10.49,--,20,20980,卖盘
1701,09:40:08,10.49,--,26,27274,卖盘
1702,09:39:58,10.49,0.03,48,50708,买盘
1703,09:39:53,10.46,-0.03,3031,3171116,卖盘
1704,09:39:48,10.49,--,16,16784,买盘
1705,09:39:43,10.49,0.01,35,36715,买盘
1706,09:39:38,10.48,-0.01,4,4192,卖盘
1707,09:39:33,10.49,--,16,16784,买盘
1708,09:39:28,10.49,--,70,73430,买盘
1709,09:39:23,10.49,-0.01,55,57695,卖盘
1710,09:39:18,10.5,--,11,11550,买盘
1711,09:39:13,10.5,0.01,167,175350,买盘
1712,09:39:08,10.49,-0.01,67,70283,卖盘
1713,09:39:03,10.5,0.01,2,2100,买盘
1714,09:38:58,10.49,--,231,242319,买盘
1715,09:38:53,10.49,-0.01,12,12588,卖盘
1716,09:38:48,10.5,--,0,0,买盘
1717,09:38:43,10.5,0.01,863,906150,买盘
1718,09:38:38,10.49,--,311,326239,卖盘
1719,09:38:33,10.49,--,146,153154,卖盘
1720,09:38:28,10.49,-0.01,120,125880,卖盘
1721,09:38:23,10.5,--,7,7350,买盘
1722,09:38:18,10.5,--,25,26250,买盘
1723,09:38:13,10.5,--,168,177240,卖盘
1724,09:38:08,10.5,--,180,189210,卖盘
1725,09:38:03,10.5,-0.01,250,262500,卖盘
1726,09:37:58,10.51,0.01,227,238577,买盘
1727,09:37:53,10.5,--,21,22050,卖盘
1728,09:37:48,10.5,--,24,25200,卖盘
1729,09:37:43,10.5,--,190,199500,卖盘
1730,09:37:38,10.5,--,110,115500,买盘
1731,09:37:28,10.5,--,410,430500,买盘
1732,09:37:23,10.5,--,6,6300,买盘
1733,09:37:13,10.5,--,76,79800,买盘
1734,09:37:08,10.5,--,52,54600,买盘
1735,09:37:03,10.5,0.01,10,10500,买盘
1736,09:36:58,10.49,-0.01,13,13637,卖盘
1737,09:36:48,10.5,0.02,210,220500,买盘
1738,09:36:42,10.48,-0.02,300,314400,卖盘
1739,09:36:38,10.5,0.01,77,80850,买盘
1740,09:36:33,10.49,0.01,25,26225,买盘
1741,09:36:22,10.48,--,182,191018,买盘
1742,09:36:18,10.48,--,272,285056,买盘
1743,09:36:12,10.48,--,100,104800,买盘
1744,09:36:07,10.48,0.01,100,104800,买盘
1745,09:36:03,10.47,-0.01,16,16752,卖盘
1746,09:35:57,10.48,--,677,709496,买盘
1747,09:35:52,10.48,--,77,80696,买盘
1748,09:35:47,10.48,0.01,36,37728,买盘
1749,09:35:42,10.47,--,4,4188,卖盘
1750,09:35:37,10.47,-0.01,102,106794,卖盘
1751,09:35:32,10.48,0.01,308,322784,买盘
1752,09:35:27,10.47,--,112,117337,买盘
1753,09:35:22,10.47,--,102,106794,买盘
1754,09:35:17,10.47,--,110,115170,买盘
1755,09:35:12,10.47,--,50,52350,买盘
1756,09:35:02,10.47,-0.01,226,236622,卖盘
1757,09:34:57,10.48,0.01,20,20960,买盘
1758,09:34:52,10.47,--,5,5235,卖盘
1759,09:34:47,10.47,--,66,69102,卖盘
1760,09:34:42,10.47,--,135,141345,卖盘
1761,09:34:37,10.47,--,162,169614,卖盘
1762,09:34:32,10.47,--,23,24081,卖盘
1763,09:34:27,10.47,-0.01,58,60726,卖盘
1764,09:34:22,10.48,0.01,213,223224,买盘
1765,09:34:17,10.47,-0.01,25,26175,卖盘
1766,09:34:12,10.48,0.01,47,49256,买盘
1767,09:34:07,10.47,-0.01,35,36645,卖盘
1768,09:33:57,10.48,0.01,34,35632,买盘
1769,09:33:52,10.47,--,286,299442,卖盘
1770,09:33:47,10.47,-0.01,344,360168,卖盘
1771,09:33:42,10.48,0.01,11,11528,买盘
1772,09:33:37,10.47,-0.01,195,204165,卖盘
1773,09:33:32,10.48,--,174,182352,卖盘
1774,09:33:27,10.48,--,53,55544,卖盘
1775,09:33:22,10.48,-0.01,1420,1488160,卖盘
1776,09:33:17,10.49,--,33,34617,买盘
1777,09:33:12,10.49,-0.01,204,213996,卖盘
1778,09:33:07,10.5,--,24,25200,买盘
1779,09:33:02,10.5,0.01,3,3150,买盘
1780,09:32:52,10.49,--,569,596881,买盘
1781,09:32:47,10.49,--,43,45107,买盘
1782,09:32:42,10.49,--,12,12588,卖盘
1783,09:32:37,10.49,--,52,54548,卖盘
1784,09:32:32,10.49,--,23,24127,卖盘
1785,09:32:27,10.49,--,96,100704,买盘
1786,09:32:22,10.49,0.01,79,82871,买盘
1787,09:32:17,10.48,-0.01,63,66024,卖盘
1788,09:32:12,10.49,--,18,18882,买盘
1789,09:32:07,10.49,--,217,227633,买盘
1790,09:32:02,10.49,--,89,93361,买盘
1791,09:31:57,10.49,0.01,87,91263,买盘
1792,09:31:52,10.48,--,1043,1093064,卖盘
1793,09:31:47,10.48,--,15,15720,卖盘
1794,09:31:37,10.48,-0.01,20,20960,卖盘
1795,09:31:32,10.49,--,54,56646,买盘
1796,09:31:22,10.49,0.01,56,58744,买盘
1797,09:31:17,10.48,--,30,31440,买盘
1798,09:31:12,10.48,0.01,50,52400,中性盘
1799,09:31:07,10.47,-0.01,313,327711,卖盘
1800,09:31:02,10.48,--,4,4192,买盘
1801,09:30:57,10.48,--,4,4192,卖盘
1802,09:30:52,10.48,--,10,10480,卖盘
1803,09:30:42,10.48,--,13,13624,卖盘
1804,09:30:37,10.48,--,32,33536,卖盘
1805,09:30:32,10.48,--,13,13624,卖盘
1806,09:30:27,10.48,0.01,266,278768,买盘
1807,09:30:22,10.47,--,9,9423,买盘
1808,09:30:17,10.47,-0.01,27,28269,卖盘
1809,09:30:12,10.48,0.01,47,49256,卖盘
1810,09:30:07,10.47,--,716,749652,卖盘
1811,09:30:02,10.47,-0.01,11,11517,卖盘
1812,09:28:55,10.48,--,0,0,买盘
1813,09:25:08,10.48,10.48,543,569064,买盘
