,time,price,change,volume,amount,type
0,15:00:00,3.13,--,0,0,买盘
1,15:00:00,3.13,0.01,11,3443,买盘
2,14:59:59,3.12,--,226,70512,卖盘
3,14:59:53,3.12,-0.01,297,92664,卖盘
4,14:59:48,3.13,--,212,66356,买盘
5,14:59:43,3.13,0.01,519,162447,买盘
6,14:59:38,3.12,-0.01,102,31824,卖盘
7,14:59:29,3.13,0.01,724,226612,买盘
8,14:59:23,3.12,-0.01,185,57720,卖盘
9,14:59:18,3.13,0.01,49,15337,买盘
10,14:59:13,3.12,-0.01,779,243048,卖盘
11,14:59:08,3.13,0.01,82,25666,买盘
12,14:59:03,3.12,-0.01,129,40248,卖盘
13,14:58:59,3.13,--,280,87640,买盘
14,14:58:53,3.13,--,85,26605,买盘
15,14:58:48,3.13,--,10028,3138764,买盘
16,14:58:43,3.13,0.01,28,8764,买盘
17,14:58:38,3.12,-0.01,268,83616,卖盘
18,14:58:33,3.13,--,1,313,买盘
19,14:58:28,3.13,0.01,2759,863567,买盘
20,14:58:23,3.12,-0.01,412,128544,卖盘
21,14:58:18,3.13,0.01,651,203763,买盘
22,14:58:13,3.12,--,1813,565656,卖盘
23,14:58:08,3.12,--,62,19344,卖盘
24,14:58:03,3.12,-0.01,67,20904,卖盘
25,14:57:58,3.13,0.01,201,62913,买盘
26,14:57:53,3.12,--,550,171600,卖盘
27,14:57:48,3.12,--,1,312,卖盘
28,14:57:43,3.12,-0.01,302,94224,卖盘
29,14:57:38,3.13,--,57,17841,买盘
30,14:57:33,3.13,--,2,626,买盘
31,14:57:28,3.13,--,103,32239,买盘
32,14:57:23,3.13,--,4,1252,买盘
33,14:57:18,3.13,--,30,9390,买盘
34,14:57:13,3.13,0.01,142,44446,买盘
35,14:57:08,3.12,-0.01,51,15912,卖盘
36,14:57:03,3.13,--,1,313,买盘
37,14:56:58,3.13,0.01,19,5947,买盘
38,14:56:53,3.12,--,17,5304,卖盘
39,14:56:48,3.12,--,91,28392,卖盘
40,14:56:43,3.12,--,82,25584,卖盘
41,14:56:38,3.12,--,30,9360,卖盘
42,14:56:33,3.12,--,105,32760,卖盘
43,14:56:28,3.12,--,26,8112,卖盘
44,14:56:23,3.12,--,325,101400,卖盘
45,14:56:18,3.12,--,6,1872,卖盘
46,14:56:13,3.12,--,22,6864,卖盘
47,14:56:08,3.12,-0.01,148,46176,卖盘
48,14:56:03,3.13,0.01,7,2191,买盘
49,14:55:58,3.12,-0.01,222,69264,卖盘
50,14:55:53,3.13,0.01,31,9703,买盘
51,14:55:48,3.12,-0.01,244,76128,卖盘
52,14:55:43,3.13,0.01,82,25666,买盘
53,14:55:38,3.12,-0.01,522,162864,卖盘
54,14:55:33,3.13,0.01,35,10955,买盘
55,14:55:28,3.12,--,242,75504,卖盘
56,14:55:23,3.12,--,48,14976,卖盘
57,14:55:18,3.12,--,136,42432,卖盘
58,14:55:13,3.12,--,278,86736,卖盘
59,14:55:08,3.12,--,355,110760,卖盘
60,14:55:03,3.12,--,133,41496,卖盘
61,14:54:58,3.12,--,433,135096,卖盘
62,14:54:52,3.12,--,63,19656,卖盘
63,14:54:48,3.12,--,7,2184,卖盘
64,14:54:42,3.12,-0.01,43,13416,卖盘
65,14:54:37,3.13,0.01,292,91396,买盘
66,14:54:33,3.12,-0.01,15,4683,卖盘
67,14:54:27,3.13,0.01,231,72303,买盘
68,14:54:22,3.12,--,82,25584,卖盘
69,14:54:18,3.12,--,17,5304,卖盘
70,14:54:12,3.12,-0.01,9,2808,卖盘
71,14:54:07,3.13,--,10011,3133443,买盘
72,14:54:02,3.13,0.01,193,60409,买盘
73,14:53:57,3.12,--,10,3120,卖盘
74,14:53:53,3.12,-0.01,82,25584,卖盘
75,14:53:47,3.13,--,10116,3166308,买盘
76,14:53:42,3.13,0.01,78,24414,买盘
77,14:53:37,3.12,--,29,9048,卖盘
78,14:53:33,3.12,--,36,11232,卖盘
79,14:53:27,3.12,--,14,4368,卖盘
80,14:53:23,3.12,--,9,2808,卖盘
81,14:53:17,3.12,--,223,69576,卖盘
82,14:53:12,3.12,--,57,17784,卖盘
83,14:53:07,3.12,--,12,3744,卖盘
84,14:53:02,3.12,--,28,8736,卖盘
85,14:52:57,3.12,-0.01,10,3120,卖盘
86,14:52:52,3.13,0.01,284,88892,买盘
87,14:52:47,3.12,--,225,70200,卖盘
88,14:52:42,3.12,--,50,15600,卖盘
89,14:52:37,3.12,-0.01,172,53664,卖盘
90,14:52:32,3.13,0.01,130,40690,买盘
91,14:52:27,3.12,--,67,20904,卖盘
92,14:52:22,3.12,--,8,2496,卖盘
93,14:52:17,3.12,--,415,129480,卖盘
94,14:52:12,3.12,--,217,67704,卖盘
95,14:52:07,3.12,--,334,104208,卖盘
96,14:52:02,3.12,-0.01,364,113568,卖盘
97,14:51:57,3.13,0.01,707,221291,买盘
98,14:51:52,3.12,--,1053,328536,卖盘
99,14:51:47,3.12,--,374,116688,卖盘
100,14:51:42,3.12,--,377,117624,卖盘
101,14:51:37,3.12,-0.01,193,60216,卖盘
102,14:51:32,3.13,0.01,542,169646,买盘
103,14:51:27,3.12,--,381,118872,卖盘
104,14:51:22,3.12,--,40,12480,卖盘
105,14:51:17,3.12,--,170,53040,卖盘
106,14:51:12,3.12,--,136,42432,卖盘
107,14:51:07,3.12,--,101,31512,卖盘
108,14:51:02,3.12,--,111,34632,卖盘
109,14:50:57,3.12,--,106,33072,卖盘
110,14:50:52,3.12,--,20,6240,卖盘
111,14:50:47,3.12,--,51,15912,卖盘
112,14:50:42,3.12,-0.01,1023,319176,卖盘
113,14:50:37,3.13,0.01,104,32552,买盘
114,14:50:32,3.12,--,52,16224,卖盘
115,14:50:22,3.12,--,72,22464,卖盘
116,14:50:17,3.12,--,38,11856,卖盘
117,14:50:12,3.12,--,58,18096,卖盘
118,14:50:07,3.12,-0.01,70,21840,卖盘
119,14:50:02,3.13,0.01,68,21284,买盘
120,14:49:57,3.12,-0.01,45,14040,卖盘
121,14:49:52,3.13,0.01,27,8451,买盘
122,14:49:47,3.12,--,437,136344,卖盘
123,14:49:42,3.12,--,51,15912,卖盘
124,14:49:37,3.12,--,4725,1474200,卖盘
125,14:49:32,3.12,--,53,16536,卖盘
126,14:49:27,3.12,--,106,33072,卖盘
127,14:49:22,3.12,--,341,106392,卖盘
128,14:49:17,3.12,--,211,65832,卖盘
129,14:49:12,3.12,--,52,16224,卖盘
130,14:49:07,3.12,-0.01,110,34320,卖盘
131,14:49:02,3.13,0.01,584,182792,买盘
132,14:48:57,3.12,--,141,43992,卖盘
133,14:48:52,3.12,-0.01,1013,316056,卖盘
134,14:48:47,3.13,0.01,274,85762,买盘
135,14:48:42,3.12,--,98,30576,卖盘
136,14:48:37,3.12,-0.01,115,35880,卖盘
137,14:48:32,3.13,0.01,149,46637,买盘
138,14:48:27,3.12,-0.01,78,24336,卖盘
139,14:48:22,3.13,0.01,50,15650,买盘
140,14:48:17,3.12,--,29,9048,卖盘
141,14:48:12,3.12,--,61,19032,卖盘
142,14:48:07,3.12,--,227,70824,卖盘
143,14:48:02,3.12,--,50,15600,卖盘
144,14:47:57,3.12,--,10,3120,卖盘
145,14:47:52,3.12,--,222,69264,卖盘
146,14:47:47,3.12,--,107,33384,卖盘
147,14:47:42,3.12,--,80,24960,卖盘
148,14:47:37,3.12,-0.01,21,6552,卖盘
149,14:47:32,3.13,0.01,20,6260,买盘
150,14:47:22,3.12,--,17,5304,卖盘
151,14:47:17,3.12,--,706,220272,卖盘
152,14:47:12,3.12,--,52,16224,卖盘
153,14:47:07,3.12,-0.01,1014,316368,卖盘
154,14:47:02,3.13,0.01,63,19719,买盘
155,14:46:57,3.12,--,44,13728,卖盘
156,14:46:51,3.12,--,234,73008,卖盘
157,14:46:47,3.12,-0.01,102,31824,卖盘
158,14:46:41,3.13,0.01,106,33178,买盘
159,14:46:36,3.12,--,12,3744,卖盘
160,14:46:31,3.12,-0.01,157,48984,卖盘
161,14:46:27,3.13,0.01,65,20345,买盘
162,14:46:21,3.12,--,18,5616,卖盘
163,14:46:16,3.12,--,15,4680,卖盘
164,14:46:11,3.12,--,49,15288,卖盘
165,14:46:07,3.12,-0.01,16,4992,卖盘
166,14:46:01,3.13,--,117,36621,买盘
167,14:45:56,3.13,0.01,56,17528,买盘
168,14:45:51,3.12,--,208,64896,卖盘
169,14:45:46,3.12,--,110,34320,卖盘
170,14:45:41,3.12,--,61,19032,卖盘
171,14:45:36,3.12,-0.01,8,2496,卖盘
172,14:45:31,3.13,0.01,132,41316,买盘
173,14:45:26,3.12,--,47,14664,卖盘
174,14:45:21,3.12,--,66,20673,卖盘
175,14:45:16,3.12,--,297,92664,卖盘
176,14:45:11,3.12,--,1180,368160,卖盘
177,14:45:06,3.12,--,152,47686,卖盘
178,14:45:01,3.12,--,393,122759,卖盘
179,14:44:56,3.12,--,25,7800,卖盘
180,14:44:51,3.12,--,9,2808,卖盘
181,14:44:46,3.12,--,1214,378768,卖盘
182,14:44:41,3.12,--,884,275808,卖盘
183,14:44:36,3.12,-0.01,6,1872,卖盘
184,14:44:31,3.13,0.01,22,6886,买盘
185,14:44:26,3.12,--,8,2496,卖盘
186,14:44:21,3.12,--,136,42432,卖盘
187,14:44:16,3.12,--,58,18096,卖盘
188,14:44:11,3.12,--,62,19344,卖盘
189,14:44:06,3.12,--,15,4680,卖盘
190,14:44:01,3.12,--,11,3488,卖盘
191,14:43:56,3.12,--,120,37440,卖盘
192,14:43:51,3.12,--,9,2808,卖盘
193,14:43:46,3.12,-0.01,122,38064,卖盘
194,14:43:41,3.13,0.01,268,83884,买盘
195,14:43:36,3.12,-0.01,7,2184,卖盘
196,14:43:31,3.13,0.01,713,223169,买盘
197,14:43:26,3.12,--,14,4368,卖盘
198,14:43:21,3.12,--,38,11856,卖盘
199,14:43:16,3.12,--,68,21216,卖盘
200,14:43:11,3.12,--,134,41808,卖盘
201,14:43:06,3.12,-0.01,12,3812,卖盘
202,14:43:01,3.13,0.01,34,10823,买盘
203,14:42:56,3.12,--,114,35568,卖盘
204,14:42:51,3.12,--,7,2184,卖盘
205,14:42:46,3.12,--,123,38376,卖盘
206,14:42:41,3.12,--,62,19344,卖盘
207,14:42:36,3.12,--,1,312,卖盘
208,14:42:31,3.12,-0.01,140,43680,卖盘
209,14:42:26,3.13,0.01,34,10642,买盘
210,14:42:21,3.12,--,15,4680,卖盘
211,14:42:16,3.12,--,236,73632,卖盘
212,14:42:11,3.12,--,124,38688,卖盘
213,14:42:06,3.12,--,987,308012,卖盘
214,14:42:01,3.12,--,84,26392,卖盘
215,14:41:56,3.12,--,110,34320,卖盘
216,14:41:51,3.12,--,10,3120,卖盘
217,14:41:46,3.12,--,331,103272,卖盘
218,14:41:41,3.12,--,70,21840,卖盘
219,14:41:36,3.12,--,4,1248,卖盘
220,14:41:31,3.12,-0.01,174,54288,卖盘
221,14:41:26,3.13,--,13,4069,买盘
222,14:41:21,3.13,0.01,33,10329,买盘
223,14:41:16,3.12,-0.01,17,5304,卖盘
224,14:41:11,3.13,0.01,63,19719,买盘
225,14:41:06,3.12,-0.01,217,67959,卖盘
226,14:41:01,3.13,0.01,7,2191,买盘
227,14:40:56,3.12,-0.01,168,52416,卖盘
228,14:40:51,3.13,0.01,10,3130,买盘
229,14:40:46,3.12,--,151,47112,卖盘
230,14:40:41,3.12,--,79,24648,卖盘
231,14:40:36,3.12,-0.01,18,5616,卖盘
232,14:40:31,3.13,0.01,52,16276,买盘
233,14:40:26,3.12,--,531,165672,卖盘
234,14:40:21,3.12,-0.01,42,13104,卖盘
235,14:40:16,3.13,0.01,29,9077,买盘
236,14:40:11,3.12,--,60,18972,卖盘
237,14:40:06,3.12,-0.01,22,6864,卖盘
238,14:40:01,3.13,0.01,28,8764,买盘
239,14:39:56,3.12,--,385,120120,卖盘
240,14:39:46,3.12,--,146,45552,卖盘
241,14:39:41,3.12,--,93,29016,卖盘
242,14:39:36,3.12,-0.01,10,3120,卖盘
243,14:39:31,3.13,0.01,19,5947,买盘
244,14:39:26,3.12,-0.01,13,4056,卖盘
245,14:39:21,3.13,0.01,9,2817,买盘
246,14:39:16,3.12,--,37,11544,卖盘
247,14:39:11,3.12,--,61,19287,卖盘
248,14:39:05,3.12,-0.01,18,5616,卖盘
249,14:39:01,3.13,0.01,15,4695,买盘
250,14:38:56,3.12,--,152,47424,卖盘
251,14:38:50,3.12,--,795,248040,卖盘
252,14:38:46,3.12,--,373,116376,卖盘
253,14:38:41,3.12,-0.01,105,32760,卖盘
254,14:38:35,3.13,--,350,109550,买盘
255,14:38:31,3.13,0.01,158,49454,买盘
256,14:38:25,3.12,--,11,3432,卖盘
257,14:38:15,3.12,--,25,7868,卖盘
258,14:38:11,3.12,--,53,16716,卖盘
259,14:38:05,3.12,-0.01,15,4680,卖盘
260,14:38:01,3.13,--,163,51019,买盘
261,14:37:55,3.13,0.01,629,196877,买盘
262,14:37:50,3.12,-0.01,13,4056,卖盘
263,14:37:46,3.13,0.01,139,43507,买盘
264,14:37:40,3.12,-0.01,355,110760,卖盘
265,14:37:30,3.13,0.01,218,68234,买盘
266,14:37:25,3.12,-0.01,20,6240,卖盘
267,14:37:20,3.13,0.01,267,83571,买盘
268,14:37:15,3.12,--,258,80680,卖盘
269,14:37:10,3.12,-0.01,640,199748,卖盘
270,14:37:05,3.13,--,37,11581,买盘
271,14:37:00,3.13,--,21,6573,买盘
272,14:36:55,3.13,--,39,12207,买盘
273,14:36:50,3.13,--,190,59470,买盘
274,14:36:45,3.13,0.01,52,16276,买盘
275,14:36:40,3.12,--,61,19032,卖盘
276,14:36:35,3.12,--,9,2808,卖盘
277,14:36:30,3.12,--,13,4056,卖盘
278,14:36:25,3.12,--,18,5616,卖盘
279,14:36:20,3.12,-0.01,225,70455,卖盘
280,14:36:15,3.13,0.01,12,3756,买盘
281,14:36:10,3.12,--,55,17160,卖盘
282,14:36:05,3.12,--,29,9048,卖盘
283,14:36:00,3.12,--,6,1872,卖盘
284,14:35:55,3.12,--,19,5928,卖盘
285,14:35:50,3.12,--,14,4368,卖盘
286,14:35:45,3.12,--,6,1872,卖盘
287,14:35:40,3.12,--,571,178152,卖盘
288,14:35:35,3.12,--,9,2808,卖盘
289,14:35:30,3.12,-0.01,9,2808,卖盘
290,14:35:25,3.13,0.01,398,124574,买盘
291,14:35:20,3.12,--,3,1188,卖盘
292,14:35:15,3.12,--,141,43992,卖盘
293,14:35:10,3.12,--,254,79248,卖盘
294,14:35:05,3.12,--,202,63024,卖盘
295,14:35:00,3.12,--,5,1560,卖盘
296,14:34:55,3.12,-0.01,92,28704,卖盘
297,14:34:50,3.13,--,14,4382,买盘
298,14:34:45,3.13,0.01,6,1878,买盘
299,14:34:40,3.12,-0.01,122,38064,卖盘
300,14:34:35,3.13,0.01,307,96091,买盘
301,14:34:30,3.12,-0.01,4,1248,卖盘
302,14:34:25,3.13,0.01,100,31300,买盘
303,14:34:20,3.12,-0.01,32,10239,卖盘
304,14:34:15,3.13,0.01,12,3756,买盘
305,14:34:10,3.12,--,56,17472,卖盘
306,14:34:05,3.12,-0.01,98,30791,卖盘
307,14:34:00,3.13,--,54,16902,买盘
308,14:33:55,3.13,0.01,223,69799,买盘
309,14:33:50,3.12,--,35,10920,卖盘
310,14:33:40,3.12,--,151,47112,卖盘
311,14:33:35,3.12,--,26,8112,卖盘
312,14:33:30,3.12,--,13,4056,卖盘
313,14:33:25,3.12,--,20,6240,卖盘
314,14:33:20,3.12,--,173,54225,卖盘
315,14:33:15,3.12,--,47,14664,卖盘
316,14:33:10,3.12,-0.01,307,95784,卖盘
317,14:33:05,3.13,--,63,19719,买盘
318,14:33:00,3.13,--,168,52584,买盘
319,14:32:55,3.13,--,140,43820,卖盘
320,14:32:50,3.13,--,209,65417,买盘
321,14:32:45,3.13,0.01,2,626,中性盘
322,14:32:40,3.12,-0.01,192,60019,卖盘
323,14:32:35,3.13,--,20,6260,卖盘
324,14:32:30,3.13,--,13,4069,卖盘
325,14:32:25,3.13,--,20,6513,卖盘
326,14:32:20,3.13,--,71,22223,卖盘
327,14:32:14,3.13,--,1,313,卖盘
328,14:32:10,3.13,--,439,137407,卖盘
329,14:32:05,3.13,--,892,279452,买盘
330,14:31:59,3.13,0.01,247,77311,买盘
331,14:31:55,3.12,--,15,4680,卖盘
332,14:31:50,3.12,-0.01,20,6240,卖盘
333,14:31:44,3.13,0.01,31,9703,买盘
334,14:31:40,3.12,-0.01,327,102024,卖盘
335,14:31:35,3.13,0.01,45,14085,买盘
336,14:31:29,3.12,-0.01,10,3120,卖盘
337,14:31:25,3.13,--,106,33178,买盘
338,14:31:20,3.13,0.01,39,12207,中性盘
339,14:31:14,3.12,-0.01,748,233376,卖盘
340,14:31:10,3.13,-0.01,1665,521373,卖盘
341,14:31:05,3.14,0.01,329,103306,买盘
342,14:30:59,3.13,-0.01,146,45698,卖盘
343,14:30:55,3.14,--,536,168304,买盘
344,14:30:50,3.14,0.01,164,51496,买盘
345,14:30:44,3.13,--,108,33804,卖盘
346,14:30:40,3.13,-0.01,89,27857,卖盘
347,14:30:35,3.14,--,240,75360,买盘
348,14:30:29,3.14,0.01,255,80070,买盘
349,14:30:25,3.13,--,37,11834,卖盘
350,14:30:20,3.13,--,21,6573,卖盘
351,14:30:14,3.13,--,2,626,卖盘
352,14:30:09,3.13,--,73,22849,卖盘
353,14:30:04,3.13,-0.01,231,72303,卖盘
354,14:29:59,3.14,--,3,942,买盘
355,14:29:54,3.14,0.01,165,51810,买盘
356,14:29:49,3.13,--,130,40690,卖盘
357,14:29:44,3.13,--,68,21284,卖盘
358,14:29:39,3.13,-0.01,43,13459,卖盘
359,14:29:34,3.14,0.01,5,1570,买盘
360,14:29:29,3.13,--,330,103543,卖盘
361,14:29:19,3.13,--,348,108924,卖盘
362,14:29:14,3.13,--,47,14711,卖盘
363,14:29:09,3.13,--,264,82632,卖盘
364,14:29:04,3.13,--,543,169959,卖盘
365,14:28:59,3.13,--,30,9390,卖盘
366,14:28:49,3.13,--,83,25979,卖盘
367,14:28:44,3.13,--,50,15650,卖盘
368,14:28:39,3.13,--,206,64478,卖盘
369,14:28:34,3.13,--,13,4253,卖盘
370,14:28:29,3.13,-0.01,69,21665,卖盘
371,14:28:24,3.14,0.01,1,314,买盘
372,14:28:19,3.13,--,4,1252,卖盘
373,14:28:14,3.13,--,508,159004,卖盘
374,14:28:09,3.13,--,264,82632,卖盘
375,14:28:04,3.13,--,402,125826,卖盘
376,14:27:59,3.13,--,5,1565,卖盘
377,14:27:54,3.13,--,1,313,卖盘
378,14:27:49,3.13,--,120,37560,卖盘
379,14:27:44,3.13,-0.01,228,71364,卖盘
380,14:27:39,3.14,0.01,63,19782,买盘
381,14:27:34,3.13,--,136,42568,卖盘
382,14:27:29,3.13,-0.01,72,22789,卖盘
383,14:27:19,3.14,0.01,100,31400,买盘
384,14:27:14,3.13,-0.01,127,39751,卖盘
385,14:27:09,3.14,--,11,3454,买盘
386,14:27:04,3.14,0.01,1,314,买盘
387,14:26:59,3.13,--,310,97030,卖盘
388,14:26:54,3.13,-0.01,121,37873,卖盘
389,14:26:49,3.14,--,40,12560,买盘
390,14:26:44,3.14,--,54,16956,买盘
391,14:26:39,3.14,0.01,1,314,买盘
392,14:26:34,3.13,--,609,190801,卖盘
393,14:26:29,3.13,--,894,280022,卖盘
394,14:26:24,3.13,--,1,313,卖盘
395,14:26:19,3.13,--,160,50155,卖盘
396,14:26:14,3.13,-0.01,661,206993,卖盘
397,14:26:04,3.14,0.01,1324,415736,买盘
398,14:25:59,3.13,--,40,12520,卖盘
399,14:25:54,3.13,--,68,21284,卖盘
400,14:25:44,3.13,--,279,87327,卖盘
401,14:25:34,3.13,-0.01,74,23415,卖盘
402,14:25:29,3.14,0.01,100,31400,买盘
403,14:25:24,3.13,--,1,313,卖盘
404,14:25:19,3.13,--,623,195111,卖盘
405,14:25:14,3.13,--,43,13459,卖盘
406,14:25:09,3.13,-0.01,10,3130,卖盘
407,14:25:04,3.14,0.01,101,31714,买盘
408,14:24:59,3.13,--,263,82319,卖盘
409,14:24:49,3.13,--,206,64478,卖盘
410,14:24:43,3.13,--,57,17841,卖盘
411,14:24:38,3.13,-0.01,71,22476,卖盘
412,14:24:34,3.14,--,204,64056,买盘
413,14:24:29,3.14,--,314,98596,买盘
414,14:24:23,3.14,0.01,1,314,买盘
415,14:24:19,3.13,--,88,27544,卖盘
416,14:24:14,3.13,--,109,34117,卖盘
417,14:24:04,3.13,--,819,256347,卖盘
418,14:23:59,3.13,-0.01,427,133651,卖盘
419,14:23:49,3.14,0.01,712,223568,买盘
420,14:23:44,3.13,-0.01,114,35935,卖盘
421,14:23:34,3.14,0.01,47,14758,买盘
422,14:23:29,3.13,-0.01,156,49037,卖盘
423,14:23:19,3.14,0.01,270,84780,买盘
424,14:23:14,3.13,--,44,13772,卖盘
425,14:23:03,3.13,--,196,61348,卖盘
426,14:22:58,3.13,--,279,87327,卖盘
427,14:22:48,3.13,--,2,626,卖盘
428,14:22:44,3.13,-0.01,174,54718,卖盘
429,14:22:37,3.14,0.01,767,240838,买盘
430,14:22:34,3.13,--,409,128017,卖盘
431,14:22:28,3.13,--,10,3130,卖盘
432,14:22:23,3.13,--,68,21284,卖盘
433,14:22:13,3.13,--,316,98908,卖盘
434,14:22:03,3.13,--,170,53210,卖盘
435,14:21:58,3.13,--,268,83884,卖盘
436,14:21:48,3.13,--,50,15650,卖盘
437,14:21:43,3.13,--,155,48768,卖盘
438,14:21:37,3.13,-0.01,8,2504,卖盘
439,14:21:33,3.14,0.01,280,87920,买盘
440,14:21:28,3.13,--,577,180601,卖盘
441,14:21:22,3.13,--,23,7199,卖盘
442,14:21:18,3.13,-0.01,105,32865,卖盘
443,14:21:13,3.14,0.01,307,96398,买盘
444,14:21:03,3.13,--,346,108298,卖盘
445,14:20:58,3.13,--,197,61661,卖盘
446,14:20:52,3.13,--,61,19093,卖盘
447,14:20:48,3.13,--,150,46950,卖盘
448,14:20:43,3.13,--,85,26858,卖盘
449,14:20:37,3.13,--,4,1252,卖盘
450,14:20:33,3.13,--,50,15650,卖盘
451,14:20:28,3.13,--,141,44133,卖盘
452,14:20:22,3.13,--,1,313,卖盘
453,14:20:18,3.13,--,3,939,卖盘
454,14:20:13,3.13,--,48,15024,卖盘
455,14:20:07,3.13,-0.01,76,23788,卖盘
456,14:20:03,3.14,0.01,2,628,买盘
457,14:19:58,3.13,--,206,64478,卖盘
458,14:19:52,3.13,--,418,130905,卖盘
459,14:19:43,3.13,--,107,33744,卖盘
460,14:19:37,3.13,-0.01,64,20032,卖盘
461,14:19:33,3.14,0.01,1,314,买盘
462,14:19:28,3.13,--,149,46637,卖盘
463,14:19:22,3.13,--,250,78250,卖盘
464,14:19:13,3.13,--,111,34743,卖盘
465,14:19:07,3.13,-0.01,107,33491,卖盘
466,14:19:03,3.14,0.01,1,314,买盘
467,14:18:58,3.13,--,201,62913,卖盘
468,14:18:52,3.13,--,70,21910,卖盘
469,14:18:48,3.13,--,199,62540,卖盘
470,14:18:43,3.13,--,512,160256,卖盘
471,14:18:37,3.13,-0.01,101,31613,卖盘
472,14:18:33,3.14,0.01,69,21666,买盘
473,14:18:28,3.13,-0.01,13,4069,卖盘
474,14:18:22,3.14,0.01,295,92630,买盘
475,14:18:13,3.13,--,115,35995,卖盘
476,14:18:07,3.13,-0.01,1,313,卖盘
477,14:18:03,3.14,0.01,49,15386,买盘
478,14:17:58,3.13,--,64,20032,卖盘
479,14:17:52,3.13,--,88,27544,卖盘
480,14:17:48,3.13,--,4,1508,卖盘
481,14:17:43,3.13,--,208,65104,卖盘
482,14:17:37,3.13,-0.01,90,28170,卖盘
483,14:17:33,3.14,--,1,314,买盘
484,14:17:28,3.14,0.01,290,91060,买盘
485,14:17:22,3.13,--,229,71677,卖盘
486,14:17:16,3.13,--,68,21284,卖盘
487,14:17:13,3.13,--,279,87327,卖盘
488,14:17:07,3.13,-0.01,4,1252,卖盘
489,14:17:01,3.14,0.01,376,118249,买盘
490,14:16:58,3.13,--,263,82319,卖盘
491,14:16:52,3.13,--,2,626,卖盘
492,14:16:46,3.13,--,1,381,卖盘
493,14:16:43,3.13,--,600,187800,卖盘
494,14:16:37,3.13,-0.01,67,20971,卖盘
495,14:16:31,3.14,--,56,17584,买盘
496,14:16:22,3.14,0.01,268,84152,买盘
497,14:16:16,3.13,-0.01,67,20971,卖盘
498,14:16:13,3.14,0.01,536,168304,买盘
499,14:16:07,3.13,-0.01,10,3130,卖盘
500,14:16:01,3.14,0.01,5,1752,买盘
501,14:15:58,3.13,--,1566,490158,卖盘
502,14:15:52,3.13,--,7,2259,卖盘
503,14:15:46,3.13,--,2657,831641,卖盘
504,14:15:42,3.13,-0.01,110,34430,卖盘
505,14:15:31,3.14,--,5,1570,买盘
506,14:15:27,3.14,0.01,104,32656,买盘
507,14:15:22,3.13,--,296,92648,卖盘
508,14:15:12,3.13,-0.01,117,36621,卖盘
509,14:15:07,3.14,--,224,70336,买盘
510,14:15:01,3.14,0.01,389,122146,买盘
511,14:14:57,3.13,--,242,75746,卖盘
512,14:14:52,3.13,--,20,6516,卖盘
513,14:14:42,3.13,-0.01,111,34743,卖盘
514,14:14:31,3.14,--,1,314,买盘
515,14:14:27,3.14,0.01,102,32028,买盘
516,14:14:22,3.13,-0.01,1154,361202,卖盘
517,14:14:16,3.14,0.01,27,8478,买盘
518,14:14:12,3.13,--,93,29109,卖盘
519,14:14:07,3.13,-0.01,68,21352,卖盘
520,14:14:01,3.14,0.01,4,1441,买盘
521,14:13:57,3.13,--,258,80754,卖盘
522,14:13:52,3.13,--,5,1565,卖盘
523,14:13:46,3.13,--,211,66043,卖盘
524,14:13:42,3.13,-0.01,295,92335,卖盘
525,14:13:37,3.14,--,335,105190,买盘
526,14:13:31,3.14,--,1,314,买盘
527,14:13:27,3.14,0.01,39,12246,买盘
528,14:13:22,3.13,--,316,98908,卖盘
529,14:13:16,3.13,--,3,939,卖盘
530,14:13:12,3.13,--,136,42568,卖盘
531,14:13:07,3.13,-0.01,3,1123,卖盘
532,14:13:01,3.14,0.01,2,700,买盘
533,14:12:57,3.13,--,168,52584,卖盘
534,14:12:52,3.13,--,19,5947,卖盘
535,14:12:46,3.13,-0.01,72,22536,卖盘
536,14:12:42,3.14,0.01,157,49298,买盘
537,14:12:37,3.13,-0.01,5,1565,卖盘
538,14:12:31,3.14,--,1,314,买盘
539,14:12:27,3.14,0.01,259,81326,买盘
540,14:12:22,3.13,--,349,109237,卖盘
541,14:12:16,3.13,--,1,313,卖盘
542,14:12:12,3.13,--,44,13772,卖盘
543,14:12:07,3.13,-0.01,6,2131,卖盘
544,14:12:01,3.14,--,119,37403,买盘
545,14:11:57,3.14,0.01,710,222940,买盘
546,14:11:52,3.13,--,73,22849,卖盘
547,14:11:46,3.13,--,358,112054,卖盘
548,14:11:42,3.13,--,123,38499,卖盘
549,14:11:37,3.13,-0.01,1,313,卖盘
550,14:11:31,3.14,0.01,4007,1258198,买盘
551,14:11:27,3.13,--,141,44133,卖盘
552,14:11:22,3.13,--,600,187800,卖盘
553,14:11:16,3.13,--,244,76372,卖盘
554,14:11:12,3.13,-0.01,777,243201,卖盘
555,14:11:01,3.14,0.01,5,1821,买盘
556,14:10:57,3.13,--,197,61661,卖盘
557,14:10:52,3.13,--,93,29109,卖盘
558,14:10:46,3.13,--,179,56089,卖盘
559,14:10:42,3.13,-0.01,168,52584,卖盘
560,14:10:37,3.14,--,20,6280,买盘
561,14:10:31,3.14,0.01,1,314,买盘
562,14:10:27,3.13,-0.01,2,626,卖盘
563,14:10:16,3.14,0.01,317,99538,买盘
564,14:10:12,3.13,-0.01,62,19590,卖盘
565,14:10:07,3.14,--,208,65312,买盘
566,14:10:01,3.14,0.01,127,39950,买盘
567,14:09:55,3.13,--,247,77311,卖盘
568,14:09:52,3.13,--,356,111428,卖盘
569,14:09:46,3.13,-0.01,334,104542,卖盘
570,14:09:40,3.14,0.01,92,28888,买盘
571,14:09:37,3.13,-0.01,21,6573,卖盘
572,14:09:31,3.14,--,5,1570,买盘
573,14:09:25,3.14,--,22,6908,买盘
574,14:09:22,3.14,0.01,231,72534,买盘
575,14:09:16,3.13,--,1887,590881,卖盘
576,14:09:10,3.13,--,4,1252,卖盘
577,14:09:07,3.13,-0.01,35,11208,卖盘
578,14:09:01,3.14,0.01,559,175526,买盘
579,14:08:55,3.13,--,31,9703,卖盘
580,14:08:52,3.13,--,358,112054,卖盘
581,14:08:46,3.13,--,45,14085,卖盘
582,14:08:40,3.13,--,48,15024,卖盘
583,14:08:37,3.13,-0.01,13,4069,卖盘
584,14:08:31,3.14,0.01,1,314,买盘
585,14:08:25,3.13,--,52,16276,卖盘
586,14:08:22,3.13,--,325,101725,卖盘
587,14:08:16,3.13,--,161,50393,卖盘
588,14:08:06,3.13,--,1,384,卖盘
589,14:08:01,3.13,--,3,1123,卖盘
590,14:07:55,3.13,--,280,87640,卖盘
591,14:07:51,3.13,-0.01,164,51332,卖盘
592,14:07:46,3.14,--,145,45530,买盘
593,14:07:40,3.14,--,238,74732,买盘
594,14:07:36,3.14,--,31,9734,买盘
595,14:07:31,3.14,0.01,6,1884,买盘
596,14:07:21,3.13,--,362,113306,卖盘
597,14:07:16,3.13,-0.01,74,23162,卖盘
598,14:07:10,3.14,0.01,509,159826,买盘
599,14:07:06,3.13,--,114,35935,卖盘
600,14:07:01,3.13,--,135,42255,卖盘
601,14:06:55,3.13,--,340,106420,卖盘
602,14:06:46,3.13,--,371,116123,卖盘
603,14:06:40,3.13,--,202,63226,卖盘
604,14:06:36,3.13,-0.01,93,29109,卖盘
605,14:06:31,3.14,0.01,233,73162,买盘
606,14:06:25,3.13,--,120,37560,卖盘
607,14:06:21,3.13,--,850,266050,卖盘
608,14:06:16,3.13,--,189,59157,卖盘
609,14:06:10,3.13,--,231,72484,卖盘
610,14:06:06,3.13,--,1088,340615,卖盘
611,14:06:01,3.13,--,138,43194,卖盘
612,14:05:55,3.13,-0.01,57,17841,卖盘
613,14:05:46,3.14,--,191,59974,买盘
614,14:05:40,3.14,--,14,4396,买盘
615,14:05:36,3.14,--,115,36110,买盘
616,14:05:31,3.14,0.01,14,4396,买盘
617,14:05:21,3.13,-0.01,89,27857,卖盘
618,14:05:16,3.14,0.01,49,15386,买盘
619,14:05:10,3.13,--,2,810,卖盘
620,14:05:06,3.13,-0.01,407,127459,卖盘
621,14:05:01,3.14,0.01,133,41762,买盘
622,14:04:55,3.13,--,197,61661,卖盘
623,14:04:51,3.13,--,132,41316,卖盘
624,14:04:46,3.13,--,209,65417,卖盘
625,14:04:36,3.13,-0.01,81,25353,卖盘
626,14:04:31,3.14,0.01,2,628,买盘
627,14:04:21,3.13,--,381,119253,卖盘
628,14:04:16,3.13,--,43,13459,卖盘
629,14:04:10,3.13,--,3,1192,卖盘
630,14:04:06,3.13,--,68,21284,卖盘
631,14:04:01,3.13,--,4,1252,卖盘
632,14:03:55,3.13,--,199,62287,卖盘
633,14:03:51,3.13,-0.01,150,46950,卖盘
634,14:03:45,3.14,--,356,111784,买盘
635,14:03:40,3.14,--,7,2198,买盘
636,14:03:36,3.14,--,113,35482,买盘
637,14:03:31,3.14,--,1,314,买盘
638,14:03:25,3.14,0.01,1,314,买盘
639,14:03:15,3.13,--,45,14156,卖盘
640,14:03:10,3.13,--,150,47134,卖盘
641,14:03:06,3.13,-0.01,68,21284,卖盘
642,14:03:00,3.14,0.01,1,314,买盘
643,14:02:55,3.13,--,214,66982,卖盘
644,14:02:45,3.13,-0.01,149,46637,卖盘
645,14:02:40,3.14,--,3,942,买盘
646,14:02:34,3.14,--,93,29202,买盘
647,14:02:31,3.14,--,219,68766,买盘
648,14:02:25,3.14,0.01,522,163908,买盘
649,14:02:15,3.13,--,198,62224,卖盘
650,14:02:10,3.13,--,418,130834,卖盘
651,14:02:04,3.13,-0.01,92,28796,卖盘
652,14:02:00,3.14,0.01,289,90746,买盘
653,14:01:55,3.13,--,198,61974,卖盘
654,14:01:45,3.13,-0.01,562,175906,卖盘
655,14:01:40,3.14,--,136,42704,买盘
656,14:01:34,3.14,--,75,23550,买盘
657,14:01:30,3.14,0.01,252,79128,买盘
658,14:01:25,3.13,-0.01,76,23788,卖盘
659,14:01:15,3.14,0.01,256,80641,买盘
660,14:01:10,3.13,--,218,68234,卖盘
661,14:01:04,3.13,-0.01,68,21284,卖盘
662,14:01:00,3.14,--,3,942,买盘
663,14:00:55,3.14,--,264,82896,买盘
664,14:00:45,3.14,0.01,153,48042,买盘
665,14:00:40,3.13,-0.01,1,313,卖盘
666,14:00:34,3.14,--,64,20096,买盘
667,14:00:30,3.14,--,3,942,买盘
668,14:00:25,3.14,0.01,115,36179,买盘
669,14:00:19,3.13,-0.01,5,1749,卖盘
670,14:00:15,3.14,0.01,65,20410,买盘
671,14:00:10,3.13,-0.01,11150,3489950,卖盘
672,14:00:04,3.14,--,435,136590,买盘
673,14:00:00,3.14,0.01,33,10362,买盘
674,13:59:55,3.13,--,332,103916,卖盘
675,13:59:45,3.13,--,43,13459,卖盘
676,13:59:40,3.13,-0.01,11,3443,卖盘
677,13:59:34,3.14,--,7,2198,买盘
678,13:59:30,3.14,0.01,22,6908,买盘
679,13:59:25,3.13,--,1465,458545,卖盘
680,13:59:15,3.13,--,43,13459,卖盘
681,13:59:10,3.13,--,5,1565,卖盘
682,13:59:04,3.13,-0.01,92,28796,卖盘
683,13:59:00,3.14,0.02,1630,512027,买盘
684,13:58:55,3.12,--,197,61464,卖盘
685,13:58:49,3.12,--,217,67704,卖盘
686,13:58:45,3.12,-0.01,827,258024,卖盘
687,13:58:40,3.13,--,218,68234,买盘
688,13:58:30,3.13,--,352,110176,买盘
689,13:58:25,3.13,--,165,51645,买盘
690,13:58:19,3.13,--,20,6260,买盘
691,13:58:15,3.13,--,63,19719,买盘
692,13:58:10,3.13,--,173,54149,买盘
693,13:58:00,3.13,--,101,31613,买盘
694,13:57:55,3.13,--,274,85762,买盘
695,13:57:45,3.13,-0.01,5867,1836477,卖盘
696,13:57:40,3.14,--,780,244920,买盘
697,13:57:34,3.14,--,10,3140,买盘
698,13:57:30,3.14,0.01,270,84780,买盘
699,13:57:25,3.13,--,7,2191,卖盘
700,13:57:19,3.13,-0.01,64,20032,卖盘
701,13:57:15,3.14,--,47,14758,买盘
702,13:57:10,3.14,--,160,50240,买盘
703,13:57:00,3.14,0.01,1,314,买盘
704,13:56:55,3.13,--,279,87327,卖盘
705,13:56:45,3.13,-0.01,43,13459,卖盘
706,13:56:40,3.14,--,101,31714,买盘
707,13:56:30,3.14,0.01,137,43018,买盘
708,13:56:25,3.13,-0.01,241,75433,卖盘
709,13:56:19,3.14,--,3,942,买盘
710,13:56:15,3.14,--,46,14444,买盘
711,13:56:09,3.14,--,603,189549,买盘
712,13:56:00,3.14,0.01,202,63428,买盘
713,13:55:49,3.13,--,100,31300,卖盘
714,13:55:45,3.13,-0.01,246,76998,卖盘
715,13:55:39,3.14,--,4,1256,买盘
716,13:55:34,3.14,--,80,25120,买盘
717,13:55:28,3.14,0.01,3,942,买盘
718,13:55:24,3.13,0.01,79,24727,买盘
719,13:55:19,3.12,--,1,312,卖盘
720,13:55:13,3.12,-0.01,43,13416,卖盘
721,13:55:09,3.13,--,206,64478,买盘
722,13:55:04,3.13,--,4,1252,买盘
723,13:54:58,3.13,--,1,313,买盘
724,13:54:54,3.13,--,1,313,买盘
725,13:54:49,3.13,--,20,6260,买盘
726,13:54:43,3.13,--,47,14711,买盘
727,13:54:39,3.13,-0.01,2159,675767,卖盘
728,13:54:34,3.14,--,9,2826,买盘
729,13:54:28,3.14,--,3,942,买盘
730,13:54:24,3.14,--,7,2198,买盘
731,13:54:19,3.14,0.01,1,314,买盘
732,13:54:13,3.13,-0.01,43,13459,卖盘
733,13:54:09,3.14,--,1,314,买盘
734,13:54:04,3.14,--,5,1570,买盘
735,13:53:58,3.14,0.01,199,62486,买盘
736,13:53:54,3.13,-0.01,381,119253,卖盘
737,13:53:49,3.14,--,145,45530,买盘
738,13:53:43,3.14,--,51,16014,买盘
739,13:53:39,3.14,0.01,5,1570,买盘
740,13:53:34,3.13,-0.01,96,30048,卖盘
741,13:53:28,3.14,0.01,7,2198,买盘
742,13:53:24,3.13,-0.01,81,25353,卖盘
743,13:53:19,3.14,--,85,26690,买盘
744,13:53:13,3.14,0.01,48,15072,买盘
745,13:53:09,3.13,-0.01,36,11268,卖盘
746,13:53:04,3.14,--,476,149464,买盘
747,13:52:58,3.14,--,1,314,买盘
748,13:52:54,3.14,--,510,160140,买盘
749,13:52:49,3.14,--,227,71278,买盘
750,13:52:43,3.14,--,96,30144,买盘
751,13:52:39,3.14,--,6,1884,买盘
752,13:52:34,3.14,0.01,1,314,买盘
753,13:52:28,3.13,-0.01,7,2191,卖盘
754,13:52:19,3.14,0.01,48,15072,买盘
755,13:52:13,3.13,--,110,34430,卖盘
756,13:52:09,3.13,-0.01,3,939,卖盘
757,13:52:04,3.14,0.01,1,314,买盘
758,13:51:49,3.13,--,63,19719,卖盘
759,13:51:43,3.13,--,49,15337,卖盘
760,13:51:39,3.13,-0.01,81,25353,卖盘
761,13:51:34,3.14,--,231,72534,买盘
762,13:51:28,3.14,0.01,8,2512,买盘
763,13:51:24,3.13,--,18,5634,卖盘
764,13:51:13,3.13,-0.01,44,13772,卖盘
765,13:51:09,3.14,--,31,9734,买盘
766,13:51:04,3.14,0.01,1,314,买盘
767,13:50:58,3.13,--,5,1565,卖盘
768,13:50:54,3.13,--,80,25040,买盘
769,13:50:43,3.13,-0.01,123,38499,卖盘
770,13:50:34,3.14,0.01,53,16642,买盘
771,13:50:24,3.13,0.01,80,25040,买盘
772,13:50:19,3.12,--,1,312,卖盘
773,13:50:13,3.12,--,244,76128,卖盘
774,13:50:09,3.12,-0.01,316,98592,卖盘
775,13:50:04,3.13,--,449,140537,买盘
776,13:49:49,3.13,0.01,12,3756,买盘
777,13:49:43,3.12,-0.01,174,54288,卖盘
778,13:49:39,3.13,--,81,25353,卖盘
779,13:49:34,3.13,0.01,124,38812,买盘
780,13:49:28,3.12,-0.01,75,23400,卖盘
781,13:49:24,3.13,0.01,353,110617,买盘
782,13:49:19,3.12,-0.01,136,42432,卖盘
783,13:49:13,3.13,--,537,168081,买盘
784,13:49:09,3.13,0.01,96,30048,买盘
785,13:49:04,3.12,--,1564,487968,卖盘
786,13:48:58,3.12,-0.01,130,40560,卖盘
787,13:48:54,3.13,--,243,76059,买盘
788,13:48:49,3.13,--,25,7825,买盘
789,13:48:43,3.13,--,182,56966,卖盘
790,13:48:34,3.13,-0.01,431,134903,卖盘
791,13:48:19,3.14,0.01,75,23550,买盘
792,13:48:13,3.13,-0.01,44,13772,卖盘
793,13:48:09,3.14,0.02,677,212578,买盘
794,13:48:04,3.12,--,131,40872,卖盘
795,13:47:54,3.12,-0.02,229,71448,卖盘
796,13:47:49,3.14,0.01,582,182748,买盘
797,13:47:43,3.13,0.01,131,41003,买盘
798,13:47:39,3.12,--,69,21528,卖盘
799,13:47:34,3.12,-0.01,232,72384,卖盘
800,13:47:28,3.13,--,2,626,买盘
801,13:47:24,3.13,--,30,9390,买盘
802,13:47:19,3.13,0.01,3,939,买盘
803,13:47:13,3.12,-0.01,44,13728,卖盘
804,13:47:09,3.13,--,30,9390,买盘
805,13:47:04,3.13,--,239,74807,买盘
806,13:46:54,3.13,--,35,10955,买盘
807,13:46:49,3.13,--,254,79786,卖盘
808,13:46:43,3.13,--,313,97969,卖盘
809,13:46:38,3.13,-0.01,524,164012,卖盘
810,13:46:33,3.14,0.01,2,628,买盘
811,13:46:28,3.13,--,68,21284,卖盘
812,13:46:22,3.13,--,39,12207,卖盘
813,13:46:18,3.13,--,52,16276,卖盘
814,13:46:13,3.13,--,237,74181,卖盘
815,13:46:08,3.13,--,2,626,卖盘
816,13:46:03,3.13,--,185,57905,卖盘
817,13:45:58,3.13,--,5,1565,卖盘
818,13:45:52,3.13,--,78,24414,卖盘
819,13:45:43,3.13,--,44,13772,卖盘
820,13:45:37,3.13,-0.01,48,15024,卖盘
821,13:45:33,3.14,0.01,2,628,买盘
822,13:45:28,3.13,-0.01,818,256034,卖盘
823,13:45:22,3.14,0.01,216,67824,买盘
824,13:45:18,3.13,--,68,21284,卖盘
825,13:45:13,3.13,--,44,13772,卖盘
826,13:45:03,3.13,--,1215,380295,卖盘
827,13:44:58,3.13,-0.01,141,44133,卖盘
828,13:44:52,3.14,0.01,1679,527206,买盘
829,13:44:48,3.13,--,78,24414,卖盘
830,13:44:43,3.13,--,372,116436,卖盘
831,13:44:37,3.13,-0.01,289,90457,卖盘
832,13:44:33,3.14,0.01,226,70964,买盘
833,13:44:28,3.13,--,130,40690,卖盘
834,13:44:18,3.13,--,2,626,卖盘
835,13:44:13,3.13,--,160,50080,卖盘
836,13:44:07,3.13,-0.01,262,82006,卖盘
837,13:44:03,3.14,0.01,708,222312,买盘
838,13:43:58,3.13,--,12,3756,卖盘
839,13:43:48,3.13,--,214,66982,卖盘
840,13:43:43,3.13,--,44,13772,卖盘
841,13:43:37,3.13,--,4,1252,卖盘
842,13:43:33,3.13,--,277,86701,卖盘
843,13:43:28,3.13,--,543,169959,卖盘
844,13:43:18,3.13,--,35,10955,卖盘
845,13:43:13,3.13,--,128,40064,卖盘
846,13:43:03,3.13,--,165,51645,卖盘
847,13:42:48,3.13,--,273,85449,卖盘
848,13:42:43,3.13,--,92,28821,卖盘
849,13:42:33,3.13,--,376,117688,卖盘
850,13:42:28,3.13,--,84,26295,卖盘
851,13:42:22,3.13,--,68,21284,卖盘
852,13:42:18,3.13,--,5,1565,卖盘
853,13:42:13,3.13,-0.01,44,13772,卖盘
854,13:42:07,3.14,--,171,53694,买盘
855,13:42:03,3.14,0.01,54,16956,买盘
856,13:41:58,3.13,--,5,1565,卖盘
857,13:41:52,3.13,--,82,25666,卖盘
858,13:41:48,3.13,--,298,93274,卖盘
859,13:41:43,3.13,--,188,58844,卖盘
860,13:41:37,3.13,-0.01,229,71677,卖盘
861,13:41:33,3.14,--,1,314,买盘
862,13:41:28,3.14,--,7,2198,买盘
863,13:41:18,3.14,0.01,7,2198,买盘
864,13:41:13,3.13,--,44,13772,卖盘
865,13:41:07,3.13,-0.01,164,51332,卖盘
866,13:41:03,3.14,0.01,1,314,买盘
867,13:40:58,3.13,--,164,51332,卖盘
868,13:40:48,3.13,--,267,83571,卖盘
869,13:40:43,3.13,-0.01,44,13772,卖盘
870,13:40:37,3.14,0.01,21,6594,买盘
871,13:40:33,3.13,--,101,31613,卖盘
872,13:40:28,3.13,--,78,24414,卖盘
873,13:40:22,3.13,-0.01,1,313,卖盘
874,13:40:18,3.14,0.01,206,64684,买盘
875,13:40:13,3.13,-0.01,229,71677,卖盘
876,13:40:03,3.14,--,1,314,买盘
877,13:39:48,3.14,0.01,80,25120,买盘
878,13:39:43,3.13,--,44,13772,卖盘
879,13:39:37,3.13,-0.01,131,41003,卖盘
880,13:39:33,3.14,0.01,21,6594,买盘
881,13:39:22,3.13,-0.01,11,3443,卖盘
882,13:39:18,3.14,0.02,8,2512,买盘
883,13:39:12,3.12,--,254,79248,卖盘
884,13:39:07,3.12,-0.01,164,51168,卖盘
885,13:39:03,3.13,0.01,124,38812,买盘
886,13:38:58,3.12,-0.01,4,1248,卖盘
887,13:38:52,3.13,0.01,50,15650,买盘
888,13:38:42,3.12,--,798,248976,卖盘
889,13:38:32,3.12,-0.01,56,17472,卖盘
890,13:38:27,3.13,0.01,70,21910,买盘
891,13:38:22,3.12,-0.01,232,72384,卖盘
892,13:38:17,3.13,--,278,87014,买盘
893,13:38:12,3.13,--,93,29109,买盘
894,13:38:07,3.13,--,100,31300,买盘
895,13:38:02,3.13,0.01,143,44759,买盘
896,13:37:57,3.12,-0.01,517,161304,卖盘
897,13:37:52,3.13,--,111,34743,买盘
898,13:37:46,3.13,0.01,2,626,买盘
899,13:37:42,3.12,--,48,14976,卖盘
900,13:37:37,3.12,-0.01,81,25272,卖盘
901,13:37:31,3.13,--,213,66669,买盘
902,13:37:27,3.13,-0.01,6666,2086458,卖盘
903,13:37:22,3.14,--,9,2826,买盘
904,13:37:16,3.14,0.01,10,3140,买盘
905,13:37:12,3.13,--,120,37560,卖盘
906,13:37:07,3.13,--,334,104542,卖盘
907,13:36:57,3.13,-0.01,6,1878,卖盘
908,13:36:46,3.14,0.01,216,67824,买盘
909,13:36:42,3.13,-0.01,44,13772,卖盘
910,13:36:37,3.14,0.01,22,6908,买盘
911,13:36:31,3.13,-0.01,1,313,卖盘
912,13:36:27,3.14,0.01,12,3768,买盘
913,13:36:22,3.13,--,596,186548,卖盘
914,13:36:16,3.13,--,4,1252,卖盘
915,13:36:12,3.13,-0.01,222,69486,卖盘
916,13:36:07,3.14,0.01,500,157000,买盘
917,13:35:57,3.13,--,1313,410969,卖盘
918,13:35:52,3.13,--,41,12833,卖盘
919,13:35:46,3.13,--,84,26292,卖盘
920,13:35:42,3.13,--,298,93274,卖盘
921,13:35:37,3.13,-0.01,27,8451,卖盘
922,13:35:31,3.14,0.01,218,68452,买盘
923,13:35:27,3.13,--,111,35052,卖盘
924,13:35:22,3.13,-0.01,366,114558,卖盘
925,13:35:16,3.14,0.01,8,2512,买盘
926,13:35:12,3.13,-0.01,244,76375,卖盘
927,13:35:07,3.14,--,522,163908,买盘
928,13:35:01,3.14,--,12,3768,买盘
929,13:34:57,3.14,0.01,12,3768,买盘
930,13:34:52,3.13,--,10,3130,卖盘
931,13:34:46,3.13,--,100,31300,卖盘
932,13:34:42,3.13,--,275,86075,卖盘
933,13:34:36,3.13,-0.01,6,1878,卖盘
934,13:34:27,3.14,0.01,224,70336,买盘
935,13:34:22,3.13,--,30,9390,卖盘
936,13:34:16,3.13,--,216,67608,卖盘
937,13:34:12,3.13,--,262,82006,卖盘
938,13:34:06,3.13,--,233,72929,卖盘
939,13:33:57,3.13,-0.01,896,280448,卖盘
940,13:33:52,3.14,--,364,114296,买盘
941,13:33:46,3.14,0.01,10,3140,买盘
942,13:33:42,3.13,-0.01,44,13772,卖盘
943,13:33:37,3.14,0.01,1,314,买盘
944,13:33:30,3.13,--,101,31613,卖盘
945,13:33:27,3.13,--,103,32239,卖盘
946,13:33:22,3.13,-0.01,4,1252,卖盘
947,13:33:16,3.14,--,6,1884,买盘
948,13:33:12,3.14,0.01,53,16642,买盘
949,13:33:07,3.13,-0.01,69,21597,卖盘
950,13:33:00,3.14,--,69,21666,买盘
951,13:32:57,3.14,0.01,216,67824,买盘
952,13:32:51,3.13,--,21,6573,卖盘
953,13:32:42,3.13,-0.01,44,13772,卖盘
954,13:32:37,3.14,0.01,2,628,买盘
955,13:32:27,3.13,--,255,79815,卖盘
956,13:32:21,3.13,--,101,31613,卖盘
957,13:32:12,3.13,--,163,51019,卖盘
958,13:32:06,3.13,--,262,82006,卖盘
959,13:32:00,3.13,-0.01,112,35056,卖盘
960,13:31:57,3.14,--,492,154488,买盘
961,13:31:52,3.14,--,303,95142,买盘
962,13:31:45,3.14,0.01,971,304894,买盘
963,13:31:42,3.13,-0.01,191,59783,卖盘
964,13:31:36,3.14,0.01,1,314,买盘
965,13:31:31,3.13,--,280,87640,买盘
966,13:31:26,3.13,--,86,26918,买盘
967,13:31:21,3.13,--,95,29735,买盘
968,13:31:15,3.13,--,214,66982,买盘
969,13:31:11,3.13,--,2653,830389,买盘
970,13:31:07,3.13,0.01,407,127391,买盘
971,13:31:00,3.12,--,220,68640,卖盘
972,13:30:57,3.12,-0.01,284,88608,卖盘
973,13:30:51,3.13,--,671,210023,买盘
974,13:30:45,3.13,0.01,409,128017,买盘
975,13:30:41,3.12,-0.01,493,153816,卖盘
976,13:30:36,3.13,--,322,100870,买盘
977,13:30:30,3.13,--,132,41316,买盘
978,13:30:26,3.13,--,1142,357446,买盘
979,13:30:21,3.13,0.01,321,100473,买盘
980,13:30:15,3.12,--,34,10608,卖盘
981,13:30:11,3.12,--,370,115440,卖盘
982,13:30:06,3.12,-0.01,812,253344,卖盘
983,13:30:00,3.13,0.01,136,42568,买盘
984,13:29:56,3.12,-0.01,649,202488,卖盘
985,13:29:51,3.13,--,495,154935,买盘
986,13:29:45,3.13,--,1500,469500,买盘
987,13:29:41,3.13,--,359,112367,买盘
988,13:29:36,3.13,--,1,313,买盘
989,13:29:30,3.13,--,41,12833,买盘
990,13:29:26,3.13,--,129,40377,买盘
991,13:29:21,3.13,--,792,247896,买盘
992,13:29:15,3.13,--,2473,774049,买盘
993,13:29:11,3.13,--,786,246018,买盘
994,13:29:06,3.13,0.01,133,41629,买盘
995,13:29:00,3.12,--,23,7176,卖盘
996,13:28:56,3.12,-0.01,1286,401232,卖盘
997,13:28:51,3.13,0.01,99,30987,买盘
998,13:28:45,3.12,--,280,87360,卖盘
999,13:28:39,3.12,-0.01,4,1248,卖盘
1000,13:28:36,3.13,--,1,313,买盘
1001,13:28:30,3.13,0.01,10,3130,买盘
1002,13:28:24,3.12,--,15,4680,卖盘
1003,13:28:21,3.12,-0.01,2,624,卖盘
1004,13:28:15,3.13,--,349,109237,买盘
1005,13:28:09,3.13,--,3,939,买盘
1006,13:28:06,3.13,--,256,80128,买盘
1007,13:28:00,3.13,--,306,95778,买盘
1008,13:27:54,3.13,--,5,1565,买盘
1009,13:27:51,3.13,0.01,258,80754,买盘
1010,13:27:45,3.12,-0.01,217,67704,卖盘
1011,13:27:39,3.13,--,157,49141,买盘
1012,13:27:36,3.13,--,48,15024,买盘
1013,13:27:30,3.13,0.01,194,60722,买盘
1014,13:27:21,3.12,--,21,6552,卖盘
1015,13:27:15,3.12,-0.01,55,17160,卖盘
1016,13:27:09,3.13,0.01,172,53836,买盘
1017,13:27:06,3.12,--,486,151632,卖盘
1018,13:27:00,3.12,--,208,64896,卖盘
1019,13:26:54,3.12,--,478,149136,卖盘
1020,13:26:51,3.12,--,238,74256,卖盘
1021,13:26:45,3.12,--,119,37128,卖盘
1022,13:26:39,3.12,-0.01,72,22464,卖盘
1023,13:26:36,3.13,0.01,1,313,买盘
1024,13:26:30,3.12,--,2,624,卖盘
1025,13:26:24,3.12,-0.01,5,1560,卖盘
1026,13:26:21,3.13,--,146,45698,买盘
1027,13:26:15,3.13,--,324,101412,买盘
1028,13:26:09,3.13,--,5,1565,买盘
1029,13:26:06,3.13,--,28,8764,买盘
1030,13:26:00,3.13,0.01,240,75120,买盘
1031,13:25:54,3.12,-0.01,161,50232,卖盘
1032,13:25:51,3.13,--,2,626,买盘
1033,13:25:45,3.13,0.01,88,27544,买盘
1034,13:25:39,3.12,-0.01,154,48048,卖盘
1035,13:25:36,3.13,0.01,262,82006,买盘
1036,13:25:30,3.12,--,11,3432,卖盘
1037,13:25:24,3.12,-0.01,188,58656,卖盘
1038,13:25:15,3.13,--,62,19406,买盘
1039,13:25:09,3.13,0.01,7,2191,买盘
1040,13:25:06,3.12,-0.01,183,57096,卖盘
1041,13:25:00,3.13,--,42,13146,买盘
1042,13:24:54,3.13,--,94,29422,买盘
1043,13:24:51,3.13,0.01,5,1565,买盘
1044,13:24:45,3.12,--,198,61800,卖盘
1045,13:24:36,3.12,--,1386,432432,卖盘
1046,13:24:30,3.12,-0.01,329,102648,卖盘
1047,13:24:24,3.13,--,509,159317,买盘
1048,13:24:21,3.13,0.01,240,75120,买盘
1049,13:24:15,3.12,--,44,13728,卖盘
1050,13:24:06,3.12,--,326,101712,卖盘
1051,13:24:00,3.12,--,73,22776,卖盘
1052,13:23:54,3.12,-0.01,1,312,卖盘
1053,13:23:50,3.13,0.01,91,28483,买盘
1054,13:23:45,3.12,--,75,23400,卖盘
1055,13:23:35,3.12,-0.01,37,11544,卖盘
1056,13:23:30,3.13,0.01,278,87014,买盘
1057,13:23:24,3.12,--,39,12168,卖盘
1058,13:23:20,3.12,-0.01,71,22152,卖盘
1059,13:23:15,3.13,--,102,31926,买盘
1060,13:23:09,3.13,--,58,18154,买盘
1061,13:23:06,3.13,0.01,540,169020,买盘
1062,13:23:00,3.12,--,12,3744,卖盘
1063,13:22:54,3.12,-0.01,325,101400,卖盘
1064,13:22:50,3.13,0.01,168,52584,买盘
1065,13:22:45,3.12,--,44,13728,卖盘
1066,13:22:35,3.12,--,8,2496,卖盘
1067,13:22:24,3.12,--,131,40872,卖盘
1068,13:22:20,3.12,-0.01,1,312,卖盘
1069,13:22:15,3.13,0.01,210,65730,买盘
1070,13:22:09,3.12,--,2,624,卖盘
1071,13:22:05,3.12,-0.01,4,1248,卖盘
1072,13:22:00,3.13,0.01,371,116123,买盘
1073,13:21:54,3.12,--,325,101400,卖盘
1074,13:21:50,3.12,--,43,13416,卖盘
1075,13:21:45,3.12,--,172,53664,卖盘
1076,13:21:39,3.12,--,10,3120,卖盘
1077,13:21:35,3.12,-0.01,528,164736,卖盘
1078,13:21:30,3.13,0.01,52,16276,买盘
1079,13:21:20,3.12,-0.01,5,1560,卖盘
1080,13:21:15,3.13,0.01,97,30361,买盘
1081,13:21:09,3.12,-0.01,104,32448,卖盘
1082,13:21:03,3.13,--,1,313,买盘
1083,13:21:00,3.13,0.01,50,15650,买盘
1084,13:20:54,3.12,-0.01,241,75192,卖盘
1085,13:20:45,3.13,0.01,380,118940,买盘
1086,13:20:39,3.12,-0.01,102,31824,卖盘
1087,13:20:33,3.13,--,96,30048,买盘
1088,13:20:15,3.13,0.01,45,14085,买盘
1089,13:20:09,3.12,-0.01,382,119184,卖盘
1090,13:20:03,3.13,0.01,1,313,买盘
1091,13:19:45,3.12,-0.01,55,17160,卖盘
1092,13:19:39,3.13,--,510,159630,买盘
1093,13:19:33,3.13,0.01,1,313,买盘
1094,13:19:30,3.12,-0.01,349,108888,卖盘
1095,13:19:24,3.13,0.01,274,85762,买盘
1096,13:19:18,3.12,--,2088,651456,卖盘
1097,13:19:15,3.12,--,87,27144,卖盘
1098,13:19:09,3.12,--,164,51168,卖盘
1099,13:19:03,3.12,--,166,51792,卖盘
1100,13:18:54,3.12,--,325,101400,卖盘
1101,13:18:48,3.12,--,1,312,卖盘
1102,13:18:45,3.12,-0.01,47,14664,卖盘
1103,13:18:33,3.13,--,6,1878,买盘
1104,13:18:30,3.13,--,5,1565,买盘
1105,13:18:24,3.13,--,52,16276,买盘
1106,13:18:15,3.13,--,56,17528,买盘
1107,13:18:09,3.13,--,634,198442,买盘
1108,13:18:03,3.13,--,4,1252,买盘
1109,13:18:00,3.13,--,47,14711,买盘
1110,13:17:54,3.13,--,8,2504,买盘
1111,13:17:48,3.13,0.01,19,5947,买盘
1112,13:17:45,3.12,--,46,14352,卖盘
1113,13:17:39,3.12,-0.01,72,22464,卖盘
1114,13:17:33,3.13,--,106,33178,买盘
1115,13:17:30,3.13,0.01,101,31613,买盘
1116,13:17:24,3.12,--,104,32448,卖盘
1117,13:17:18,3.12,-0.01,1,312,卖盘
1118,13:17:14,3.13,--,55,17215,买盘
1119,13:17:09,3.13,--,416,130208,买盘
1120,13:17:03,3.13,0.01,2,626,买盘
1121,13:17:00,3.12,--,663,206856,卖盘
1122,13:16:54,3.12,-0.01,327,102024,卖盘
1123,13:16:48,3.13,0.01,2,626,买盘
1124,13:16:45,3.12,-0.01,1087,339144,卖盘
1125,13:16:33,3.13,--,2,626,买盘
1126,13:16:30,3.13,--,324,101412,买盘
1127,13:16:18,3.13,--,7,2191,买盘
1128,13:16:15,3.13,--,49,15337,买盘
1129,13:16:09,3.13,0.01,277,86701,买盘
1130,13:16:03,3.12,--,166,51792,卖盘
1131,13:15:59,3.12,--,8,2496,卖盘
1132,13:15:54,3.12,--,325,101400,卖盘
1133,13:15:44,3.12,-0.01,44,13728,卖盘
1134,13:15:39,3.13,--,139,43507,买盘
1135,13:15:33,3.13,--,215,67295,买盘
1136,13:15:29,3.13,--,101,31613,买盘
1137,13:15:24,3.13,--,5,1565,买盘
1138,13:15:14,3.13,--,147,46011,买盘
1139,13:15:09,3.13,0.01,10,3130,买盘
1140,13:15:03,3.12,-0.01,488,152256,卖盘
1141,13:14:59,3.13,--,6,1878,买盘
1142,13:14:54,3.13,--,510,159630,买盘
1143,13:14:48,3.13,--,1,313,买盘
1144,13:14:44,3.13,0.01,53,16589,买盘
1145,13:14:39,3.12,-0.01,38,11856,卖盘
1146,13:14:33,3.13,0.01,9,2817,买盘
1147,13:14:29,3.12,--,63,19656,卖盘
1148,13:14:24,3.12,-0.01,64,19968,卖盘
1149,13:14:18,3.13,0.01,201,62913,买盘
1150,13:14:14,3.12,-0.01,146,45552,卖盘
1151,13:14:09,3.13,0.01,662,207268,买盘
1152,13:14:03,3.12,-0.01,2,624,卖盘
1153,13:13:59,3.13,--,109,34117,买盘
1154,13:13:54,3.13,--,2,626,买盘
1155,13:13:48,3.13,0.01,95,29735,买盘
1156,13:13:44,3.12,-0.01,44,13728,卖盘
1157,13:13:39,3.13,--,94,29422,买盘
1158,13:13:33,3.13,--,1,313,买盘
1159,13:13:29,3.13,--,203,63539,买盘
1160,13:13:24,3.13,0.01,70,21910,买盘
1161,13:13:14,3.12,--,142,44304,卖盘
1162,13:13:09,3.12,--,530,165360,卖盘
1163,13:13:03,3.12,--,1403,437736,卖盘
1164,13:12:59,3.12,--,1,312,卖盘
1165,13:12:54,3.12,-0.01,181,56472,卖盘
1166,13:12:43,3.13,--,64,20032,买盘
1167,13:12:39,3.13,--,21,6573,买盘
1168,13:12:33,3.13,--,50,15650,买盘
1169,13:12:24,3.13,--,399,124949,买盘
1170,13:12:18,3.13,--,49,15337,买盘
1171,13:12:12,3.13,0.01,121,37873,买盘
1172,13:12:09,3.12,--,186,58032,卖盘
1173,13:12:03,3.12,--,493,153816,卖盘
1174,13:11:54,3.12,-0.01,252,78624,卖盘
1175,13:11:48,3.13,0.01,134,41942,买盘
1176,13:11:42,3.12,-0.01,44,13728,卖盘
1177,13:11:33,3.13,0.01,65,20345,买盘
1178,13:11:27,3.12,--,80,24960,卖盘
1179,13:11:24,3.12,-0.01,119,37128,卖盘
1180,13:11:18,3.13,0.01,99,30987,买盘
1181,13:11:12,3.12,-0.01,52,16224,卖盘
1182,13:11:09,3.13,0.01,280,87640,买盘
1183,13:11:03,3.12,--,186,58032,卖盘
1184,13:10:57,3.12,--,566,176592,卖盘
1185,13:10:53,3.12,--,135,42182,卖盘
1186,13:10:42,3.12,-0.01,299,93288,卖盘
1187,13:10:38,3.13,--,103,32239,买盘
1188,13:10:33,3.13,0.01,98,30674,买盘
1189,13:10:23,3.12,--,89,27768,卖盘
1190,13:10:12,3.12,--,120,37440,卖盘
1191,13:10:08,3.12,-0.01,580,180960,卖盘
1192,13:10:03,3.13,0.01,243,76059,买盘
1193,13:09:57,3.12,--,25,7800,卖盘
1194,13:09:53,3.12,-0.01,99,30888,卖盘
1195,13:09:42,3.13,--,46,14398,买盘
1196,13:09:38,3.13,0.01,76,23788,买盘
1197,13:09:33,3.12,-0.01,9,2808,卖盘
1198,13:09:23,3.13,0.01,210,65730,买盘
1199,13:09:18,3.12,--,25,7800,卖盘
1200,13:09:12,3.12,--,120,37440,卖盘
1201,13:09:08,3.12,--,129,40248,卖盘
1202,13:09:03,3.12,--,326,101712,卖盘
1203,13:08:53,3.12,--,25,7800,卖盘
1204,13:08:42,3.12,--,45,14040,卖盘
1205,13:08:38,3.12,-0.01,779,243048,卖盘
1206,13:08:33,3.13,0.01,164,51332,买盘
1207,13:08:27,3.12,--,1,312,卖盘
1208,13:08:23,3.12,--,43,13416,卖盘
1209,13:08:12,3.12,--,120,37440,卖盘
1210,13:08:08,3.12,-0.01,732,228384,卖盘
1211,13:08:03,3.13,0.01,101,31613,买盘
1212,13:07:57,3.12,--,506,157872,卖盘
1213,13:07:48,3.12,--,1625,507000,卖盘
1214,13:07:42,3.12,--,44,13728,卖盘
1215,13:07:33,3.12,--,188,58656,卖盘
1216,13:07:23,3.12,--,25,7800,卖盘
1217,13:07:18,3.12,--,4,1248,卖盘
1218,13:07:12,3.12,-0.01,44,13728,卖盘
1219,13:07:08,3.13,0.01,5,1565,买盘
1220,13:07:03,3.12,-0.01,26,8112,卖盘
1221,13:06:53,3.13,--,309,96717,买盘
1222,13:06:48,3.13,0.01,6,1878,买盘
1223,13:06:42,3.12,-0.01,41,12792,卖盘
1224,13:06:38,3.13,--,7,2191,买盘
1225,13:06:33,3.13,0.01,144,45072,买盘
1226,13:06:23,3.12,--,90,28080,卖盘
1227,13:06:18,3.12,--,50,15600,卖盘
1228,13:06:12,3.12,--,181,56472,卖盘
1229,13:06:08,3.12,-0.01,346,107952,卖盘
1230,13:06:03,3.13,0.01,1,313,买盘
1231,13:05:57,3.12,--,25,7800,卖盘
1232,13:05:53,3.12,-0.01,101,31512,卖盘
1233,13:05:48,3.13,--,265,82945,买盘
1234,13:05:42,3.13,0.01,216,67608,买盘
1235,13:05:38,3.12,-0.01,106,33072,卖盘
1236,13:05:33,3.13,--,79,24727,买盘
1237,13:05:27,3.13,0.01,2,626,买盘
1238,13:05:23,3.12,-0.01,630,196560,卖盘
1239,13:05:18,3.13,0.01,714,223482,买盘
1240,13:05:12,3.12,--,181,56472,卖盘
1241,13:05:08,3.12,-0.01,356,111072,卖盘
1242,13:05:03,3.13,0.01,1,313,买盘
1243,13:04:57,3.12,--,4,1248,卖盘
1244,13:04:53,3.12,-0.01,41,12792,卖盘
1245,13:04:48,3.13,0.01,7,2191,买盘
1246,13:04:42,3.12,-0.01,189,58968,卖盘
1247,13:04:33,3.13,--,104,32552,买盘
1248,13:04:22,3.13,0.01,322,100786,买盘
1249,13:04:12,3.12,--,279,87048,卖盘
1250,13:04:07,3.12,-0.01,351,109512,卖盘
1251,13:04:02,3.13,0.01,1,313,买盘
1252,13:03:57,3.12,--,326,101712,卖盘
1253,13:03:47,3.12,--,25,7800,卖盘
1254,13:03:42,3.12,-0.01,50,15600,卖盘
1255,13:03:36,3.13,0.01,10,3130,买盘
1256,13:03:32,3.12,--,101,31565,卖盘
1257,13:03:27,3.12,--,85,26520,卖盘
1258,13:03:17,3.12,-0.01,97,30264,卖盘
1259,13:03:12,3.13,0.01,219,68547,买盘
1260,13:03:06,3.12,--,1,312,卖盘
1261,13:03:02,3.12,-0.01,302,94224,卖盘
1262,13:02:57,3.13,--,19,5947,买盘
1263,13:02:47,3.13,--,6,1878,买盘
1264,13:02:32,3.13,--,1,313,买盘
1265,13:02:21,3.13,--,17,5321,买盘
1266,13:02:17,3.13,0.01,96,30048,买盘
1267,13:02:12,3.12,-0.01,165,51480,卖盘
1268,13:02:02,3.13,--,303,94839,买盘
1269,13:01:57,3.13,--,217,67921,买盘
1270,13:01:51,3.13,0.01,60,18780,买盘
1271,13:01:47,3.12,-0.01,100,31200,卖盘
1272,13:01:32,3.13,0.01,1,313,买盘
1273,13:01:27,3.12,-0.01,1,312,卖盘
1274,13:01:17,3.13,0.01,50,15650,买盘
1275,13:01:12,3.12,--,165,51480,卖盘
1276,13:01:02,3.12,--,162,50544,卖盘
1277,13:00:57,3.12,-0.01,326,101712,卖盘
1278,13:00:51,3.13,0.01,153,47889,买盘
1279,13:00:47,3.12,-0.01,246,76752,卖盘
1280,13:00:42,3.13,--,509,159317,买盘
1281,13:00:36,3.13,--,24,7512,买盘
1282,13:00:32,3.13,0.01,80,25040,买盘
1283,13:00:27,3.12,--,1,312,卖盘
1284,13:00:17,3.12,-0.01,146,45552,卖盘
1285,13:00:12,3.13,0.01,332,103916,买盘
1286,13:00:06,3.12,--,1026,320112,卖盘
1287,13:00:02,3.12,-0.01,416,129792,卖盘
1288,11:30:00,3.13,--,0,0,买盘
1289,11:30:00,3.13,--,0,0,买盘
1290,11:29:58,3.13,--,170,53210,买盘
1291,11:29:49,3.13,0.01,1,313,买盘
1292,11:29:22,3.12,-0.01,3,936,卖盘
1293,11:29:19,3.13,--,2,626,买盘
1294,11:28:58,3.13,--,174,54462,买盘
1295,11:28:48,3.13,--,1,313,买盘
1296,11:28:28,3.13,--,156,48828,买盘
1297,11:28:22,3.13,--,264,82632,买盘
1298,11:28:18,3.13,--,52,16276,买盘
1299,11:28:13,3.13,--,100,31300,买盘
1300,11:28:07,3.13,0.01,100,31300,买盘
1301,11:27:58,3.12,-0.01,307,95784,卖盘
1302,11:27:48,3.13,--,98,30674,买盘
1303,11:27:37,3.13,--,83,25979,买盘
1304,11:27:33,3.13,--,120,37560,买盘
1305,11:27:28,3.13,--,2,626,买盘
1306,11:27:18,3.13,0.01,5,1565,买盘
1307,11:27:13,3.12,-0.01,358,111783,卖盘
1308,11:27:07,3.13,--,100,31300,买盘
1309,11:26:48,3.13,--,384,120320,买盘
1310,11:26:37,3.13,--,100,31300,买盘
1311,11:26:28,3.13,--,62,19534,买盘
1312,11:26:18,3.13,--,1,313,买盘
1313,11:26:13,3.13,0.01,200,62600,买盘
1314,11:26:07,3.12,-0.01,158,49423,卖盘
1315,11:26:03,3.13,--,211,66043,买盘
1316,11:25:58,3.13,0.01,509,159317,买盘
1317,11:25:52,3.12,-0.01,225,70200,卖盘
1318,11:25:48,3.13,0.01,79,24855,买盘
1319,11:25:43,3.12,-0.01,343,107016,卖盘
1320,11:25:37,3.13,0.01,100,31300,买盘
1321,11:25:28,3.12,-0.01,259,80935,卖盘
1322,11:25:18,3.13,--,103,32239,买盘
1323,11:25:13,3.13,0.01,308,96404,买盘
1324,11:25:07,3.12,--,175,54727,卖盘
1325,11:25:03,3.12,-0.01,164,51168,卖盘
1326,11:24:48,3.13,--,160,50208,买盘
1327,11:24:43,3.13,--,1278,400014,买盘
1328,11:24:37,3.13,--,100,31300,买盘
1329,11:24:33,3.13,--,616,192808,买盘
1330,11:24:28,3.13,--,111,34871,买盘
1331,11:24:18,3.13,--,256,80128,买盘
1332,11:24:13,3.13,--,513,160569,买盘
1333,11:24:07,3.13,--,425,133153,买盘
1334,11:24:03,3.13,--,30,9390,买盘
1335,11:23:48,3.13,--,99,31115,买盘
1336,11:23:37,3.13,0.01,100,31300,买盘
1337,11:23:27,3.12,-0.01,58,18223,卖盘
1338,11:23:22,3.13,--,7,2191,买盘
1339,11:23:13,3.13,0.01,200,62600,买盘
1340,11:23:07,3.12,-0.01,224,70015,卖盘
1341,11:23:02,3.13,0.01,100,31300,买盘
1342,11:22:57,3.12,--,216,67392,卖盘
1343,11:22:52,3.12,-0.01,78,24463,卖盘
1344,11:22:48,3.13,0.01,3,939,买盘
1345,11:22:42,3.12,-0.01,12,3744,卖盘
1346,11:22:37,3.13,0.01,219,68547,买盘
1347,11:22:27,3.12,-0.01,65,20407,卖盘
1348,11:22:22,3.13,--,1,313,买盘
1349,11:22:12,3.13,--,294,92022,买盘
1350,11:22:07,3.13,--,100,31300,买盘
1351,11:22:01,3.13,--,100,31300,买盘
1352,11:21:52,3.13,0.01,1,313,买盘
1353,11:21:42,3.12,-0.01,273,85176,卖盘
1354,11:21:37,3.13,--,103,32239,买盘
1355,11:21:31,3.13,--,53,16589,买盘
1356,11:21:27,3.13,0.01,61,19093,买盘
1357,11:21:22,3.12,-0.01,18,5616,卖盘
1358,11:21:16,3.13,--,176,55088,买盘
1359,11:21:12,3.13,--,3357,1050741,买盘
1360,11:21:07,3.13,--,101,31613,买盘
1361,11:21:01,3.13,0.01,100,31300,买盘
1362,11:20:52,3.12,--,406,126672,卖盘
1363,11:20:46,3.12,-0.01,81,25272,卖盘
1364,11:20:37,3.13,--,104,32552,买盘
1365,11:20:27,3.13,--,255,79815,买盘
1366,11:20:22,3.13,--,1,313,买盘
1367,11:20:12,3.13,0.01,201,62913,买盘
1368,11:20:07,3.12,-0.01,348,108654,卖盘
1369,11:20:01,3.13,--,694,217222,买盘
1370,11:19:57,3.13,--,258,80754,买盘
1371,11:19:52,3.13,0.01,121,37873,买盘
1372,11:19:46,3.12,-0.01,1,312,卖盘
1373,11:19:42,3.13,--,356,111428,买盘
1374,11:19:37,3.13,0.01,2947,922411,买盘
1375,11:19:31,3.12,-0.01,545,170040,卖盘
1376,11:19:22,3.13,--,1,313,买盘
1377,11:19:16,3.13,--,783,245079,买盘
1378,11:19:12,3.13,--,200,62600,买盘
1379,11:19:07,3.13,--,100,31300,买盘
1380,11:19:01,3.13,--,100,31300,买盘
1381,11:18:52,3.13,0.01,1,313,买盘
1382,11:18:46,3.12,--,4,1248,卖盘
1383,11:18:37,3.12,-0.01,2,624,卖盘
1384,11:18:31,3.13,0.01,30,9390,买盘
1385,11:18:27,3.12,--,264,82368,卖盘
1386,11:18:22,3.12,--,3,936,卖盘
1387,11:18:16,3.12,-0.01,7,2184,卖盘
1388,11:18:07,3.13,--,384,120192,买盘
1389,11:17:57,3.13,0.01,213,66669,买盘
1390,11:17:52,3.12,--,40,12480,卖盘
1391,11:17:46,3.12,--,201,62712,卖盘
1392,11:17:42,3.12,-0.01,31,9672,卖盘
1393,11:17:37,3.13,0.01,22,6886,买盘
1394,11:17:22,3.12,--,17,5304,卖盘
1395,11:17:01,3.12,--,23,7176,卖盘
1396,11:16:52,3.12,-0.01,60,18720,卖盘
1397,11:16:42,3.13,0.01,328,102664,买盘
1398,11:16:37,3.12,--,23,7176,卖盘
1399,11:16:27,3.12,-0.01,662,206544,卖盘
1400,11:16:22,3.13,0.01,288,90144,买盘
1401,11:16:16,3.12,-0.01,65,20280,卖盘
1402,11:16:12,3.13,0.01,13,4069,买盘
1403,11:16:07,3.12,--,23,7176,卖盘
1404,11:15:57,3.12,--,23,7176,卖盘
1405,11:15:52,3.12,--,201,62712,卖盘
1406,11:15:46,3.12,--,223,69576,卖盘
1407,11:15:42,3.12,--,101,31512,卖盘
1408,11:15:37,3.12,-0.01,23,7176,卖盘
1409,11:15:31,3.13,0.01,240,75120,买盘
1410,11:15:25,3.12,--,328,102336,卖盘
1411,11:15:21,3.12,--,428,133536,卖盘
1412,11:15:16,3.12,--,403,125736,卖盘
1413,11:15:12,3.12,--,2204,687648,卖盘
1414,11:15:06,3.12,--,1582,493584,卖盘
1415,11:15:01,3.12,--,2099,654888,卖盘
1416,11:14:55,3.12,--,479,149448,卖盘
1417,11:14:51,3.12,--,870,271440,卖盘
1418,11:14:46,3.12,--,712,222144,卖盘
1419,11:14:40,3.12,--,492,153504,卖盘
1420,11:14:36,3.12,--,120,37440,卖盘
1421,11:14:31,3.12,--,624,194688,卖盘
1422,11:14:25,3.12,--,248,77376,卖盘
1423,11:14:21,3.12,--,601,187512,卖盘
1424,11:14:16,3.12,-0.01,389,121368,卖盘
1425,11:14:10,3.13,0.01,100,31300,买盘
1426,11:14:06,3.12,-0.01,68,21216,卖盘
1427,11:14:01,3.13,--,29,9077,买盘
1428,11:13:55,3.13,0.01,136,42568,买盘
1429,11:13:51,3.12,--,45,14040,卖盘
1430,11:13:46,3.12,-0.01,141,43992,卖盘
1431,11:13:40,3.13,0.01,139,43507,买盘
1432,11:13:36,3.12,-0.01,467,145704,卖盘
1433,11:13:31,3.13,0.01,501,156813,买盘
1434,11:13:25,3.12,-0.01,200,62400,卖盘
1435,11:13:21,3.13,0.01,3,939,买盘
1436,11:13:16,3.12,--,8,2496,卖盘
1437,11:13:06,3.12,--,129,40248,卖盘
1438,11:13:01,3.12,--,319,99552,卖盘
1439,11:12:51,3.12,--,28,8736,卖盘
1440,11:12:46,3.12,-0.01,124,38688,卖盘
1441,11:12:36,3.13,--,136,42568,买盘
1442,11:12:31,3.13,--,63,19719,买盘
1443,11:12:25,3.13,0.01,139,43507,买盘
1444,11:12:21,3.12,-0.01,89,27768,卖盘
1445,11:12:16,3.13,0.01,288,90144,买盘
1446,11:12:06,3.12,--,68,21216,卖盘
1447,11:12:01,3.12,--,7,2184,卖盘
1448,11:11:51,3.12,--,109,34008,卖盘
1449,11:11:46,3.12,--,453,141336,卖盘
1450,11:11:40,3.12,-0.01,566,176592,卖盘
1451,11:11:36,3.13,--,5,1565,买盘
1452,11:11:21,3.13,0.01,1,313,买盘
1453,11:11:16,3.12,--,12,3744,卖盘
1454,11:11:06,3.12,-0.01,41,12792,卖盘
1455,11:11:01,3.13,0.01,47,14711,买盘
1456,11:10:55,3.12,--,119,37128,卖盘
1457,11:10:51,3.12,--,19,5928,卖盘
1458,11:10:46,3.12,--,33,10296,卖盘
1459,11:10:40,3.12,--,7,2184,卖盘
1460,11:10:36,3.12,-0.01,168,52416,卖盘
1461,11:10:31,3.13,--,312,97656,买盘
1462,11:10:25,3.13,0.01,3,939,买盘
1463,11:10:21,3.12,--,330,102960,卖盘
1464,11:10:16,3.12,--,83,25896,卖盘
1465,11:10:10,3.12,--,107,33384,卖盘
1466,11:10:06,3.12,--,212,66200,卖盘
1467,11:10:01,3.12,--,1,312,卖盘
1468,11:09:55,3.12,--,1,312,卖盘
1469,11:09:51,3.12,-0.01,25,7800,卖盘
1470,11:09:46,3.13,0.01,73,22867,买盘
1471,11:09:36,3.12,-0.01,12,3744,卖盘
1472,11:09:31,3.13,--,43,13459,买盘
1473,11:09:25,3.13,--,34,10642,买盘
1474,11:09:21,3.13,--,196,61366,买盘
1475,11:09:16,3.13,0.01,232,72616,买盘
1476,11:09:10,3.12,--,7,2184,卖盘
1477,11:09:06,3.12,--,77,24042,卖盘
1478,11:09:01,3.12,--,88,27456,卖盘
1479,11:08:55,3.12,--,1,312,卖盘
1480,11:08:51,3.12,--,289,90168,卖盘
1481,11:08:46,3.12,--,90,28098,卖盘
1482,11:08:36,3.12,-0.01,171,53352,卖盘
1483,11:08:31,3.13,0.01,374,117062,买盘
1484,11:08:25,3.12,--,163,50856,卖盘
1485,11:08:21,3.12,--,229,71491,卖盘
1486,11:08:16,3.12,--,124,38688,卖盘
1487,11:08:06,3.12,--,358,111714,卖盘
1488,11:08:01,3.12,--,54,16848,卖盘
1489,11:07:55,3.12,--,119,37128,卖盘
1490,11:07:51,3.12,-0.01,63,19656,卖盘
1491,11:07:46,3.13,0.01,63,19737,买盘
1492,11:07:31,3.12,--,21,6552,卖盘
1493,11:07:21,3.12,-0.01,78,24354,卖盘
1494,11:07:16,3.13,0.01,79,24727,买盘
1495,11:07:05,3.12,--,138,43074,卖盘
1496,11:07:01,3.12,-0.01,255,79560,卖盘
1497,11:06:55,3.13,--,574,179662,买盘
1498,11:06:49,3.13,0.01,321,100473,买盘
1499,11:06:45,3.12,--,122,38082,卖盘
1500,11:06:40,3.12,--,82,25584,卖盘
1501,11:06:34,3.12,--,300,93600,卖盘
1502,11:06:30,3.12,-0.01,24,7488,卖盘
1503,11:06:25,3.13,--,692,216614,买盘
1504,11:06:19,3.13,0.01,80,25040,买盘
1505,11:06:15,3.12,--,44,13728,卖盘
1506,11:06:10,3.12,-0.01,118,36816,卖盘
1507,11:06:04,3.13,0.01,174,54480,买盘
1508,11:06:00,3.12,--,52,16224,卖盘
1509,11:05:55,3.12,--,68,21216,卖盘
1510,11:05:49,3.12,--,200,62400,卖盘
1511,11:05:45,3.12,--,267,83322,卖盘
1512,11:05:40,3.12,-0.01,1,312,卖盘
1513,11:05:34,3.13,0.01,202,63226,买盘
1514,11:05:30,3.12,--,119,37128,卖盘
1515,11:05:25,3.12,-0.01,344,107346,卖盘
1516,11:05:19,3.13,0.01,20,6260,买盘
1517,11:05:15,3.12,--,62,19344,卖盘
1518,11:05:10,3.12,--,42,13104,卖盘
1519,11:05:04,3.12,--,62,19362,卖盘
1520,11:05:00,3.12,--,200,62400,卖盘
1521,11:04:55,3.12,--,259,80808,卖盘
1522,11:04:49,3.12,--,94,29328,卖盘
1523,11:04:45,3.12,--,112,34962,卖盘
1524,11:04:40,3.12,--,220,68640,卖盘
1525,11:04:34,3.12,--,696,217152,卖盘
1526,11:04:30,3.12,--,13,4056,卖盘
1527,11:04:25,3.12,-0.01,301,93930,卖盘
1528,11:04:19,3.13,0.01,18,5634,买盘
1529,11:04:15,3.12,--,55,17160,卖盘
1530,11:04:10,3.12,--,58,18096,卖盘
1531,11:04:04,3.12,--,74,23106,卖盘
1532,11:04:00,3.12,--,167,52104,卖盘
1533,11:03:55,3.12,--,21,6552,卖盘
1534,11:03:49,3.12,--,1,312,卖盘
1535,11:03:45,3.12,--,78,24354,卖盘
1536,11:03:40,3.12,--,51,15912,卖盘
1537,11:03:34,3.12,--,12,3744,卖盘
1538,11:03:30,3.12,-0.01,68,21216,卖盘
1539,11:03:25,3.13,0.01,199,62305,买盘
1540,11:03:15,3.12,--,58,18096,卖盘
1541,11:03:10,3.12,-0.01,167,52104,卖盘
1542,11:03:04,3.13,--,133,41647,买盘
1543,11:03:00,3.13,0.01,364,113957,买盘
1544,11:02:55,3.12,-0.01,49,15288,卖盘
1545,11:02:49,3.13,0.01,10,3130,买盘
1546,11:02:45,3.12,--,272,84882,卖盘
1547,11:02:40,3.12,-0.01,79,24648,卖盘
1548,11:02:34,3.13,0.01,644,201572,买盘
1549,11:02:30,3.12,-0.01,271,84552,卖盘
1550,11:02:25,3.13,0.01,682,213484,买盘
1551,11:02:15,3.12,-0.01,222,69264,卖盘
1552,11:02:09,3.13,0.01,543,169959,买盘
1553,11:02:04,3.12,-0.01,75,23418,卖盘
1554,11:02:00,3.13,0.01,113,35369,买盘
1555,11:01:55,3.12,-0.01,98,30576,卖盘
1556,11:01:49,3.13,0.01,202,63226,买盘
1557,11:01:45,3.12,--,176,54930,卖盘
1558,11:01:40,3.12,--,88,27456,卖盘
1559,11:01:34,3.12,--,58,18096,卖盘
1560,11:01:30,3.12,--,286,89232,卖盘
1561,11:01:25,3.12,-0.01,67,20922,卖盘
1562,11:01:19,3.13,0.01,1,313,买盘
1563,11:01:15,3.12,--,8,2496,卖盘
1564,11:01:10,3.12,--,45,14040,卖盘
1565,11:01:04,3.12,--,110,34338,卖盘
1566,11:01:00,3.12,-0.01,87,27144,卖盘
1567,11:00:55,3.13,--,1003,313939,买盘
1568,11:00:49,3.13,0.01,2,626,买盘
1569,11:00:45,3.12,-0.01,62,19362,卖盘
1570,11:00:40,3.13,--,210,65730,买盘
1571,11:00:34,3.13,--,43,13459,买盘
1572,11:00:30,3.13,0.01,40,12520,买盘
1573,11:00:25,3.12,-0.01,111,34650,卖盘
1574,11:00:19,3.13,0.01,59,18467,买盘
1575,11:00:10,3.12,--,144,44928,卖盘
1576,11:00:04,3.12,--,193,60234,卖盘
1577,11:00:00,3.12,-0.01,45,14040,卖盘
1578,10:59:54,3.13,--,6,1878,买盘
1579,10:59:49,3.13,--,6,1878,买盘
1580,10:59:45,3.13,0.01,72,22554,买盘
1581,10:59:33,3.12,-0.01,10,3120,卖盘
1582,10:59:30,3.13,0.01,41,12833,买盘
1583,10:59:25,3.12,--,295,92058,卖盘
1584,10:59:19,3.12,-0.01,119,37128,卖盘
1585,10:59:15,3.13,--,264,82632,买盘
1586,10:59:04,3.13,--,231,72321,买盘
1587,10:59:00,3.13,--,7,2191,买盘
1588,10:58:55,3.13,--,1,313,买盘
1589,10:58:44,3.13,--,269,84215,买盘
1590,10:58:40,3.13,--,53,16589,买盘
1591,10:58:29,3.13,0.01,72,22536,买盘
1592,10:58:25,3.12,-0.01,1168,364434,卖盘
1593,10:58:19,3.13,0.01,50,15650,买盘
1594,10:58:10,3.12,-0.01,13,4056,卖盘
1595,10:58:03,3.13,--,281,87953,买盘
1596,10:57:59,3.13,--,37,11581,买盘
1597,10:57:54,3.13,--,104,32552,买盘
1598,10:57:49,3.13,--,147,46011,买盘
1599,10:57:44,3.13,0.01,100,31300,买盘
1600,10:57:39,3.12,--,2,624,卖盘
1601,10:57:33,3.12,-0.01,273,85176,卖盘
1602,10:57:29,3.13,--,72,22536,买盘
1603,10:57:24,3.13,--,544,170272,买盘
1604,10:57:18,3.13,--,56,17528,买盘
1605,10:57:09,3.13,0.01,500,156500,买盘
1606,10:57:04,3.12,--,62,19344,卖盘
1607,10:56:57,3.12,-0.01,25,7800,卖盘
1608,10:56:54,3.13,--,7,2191,买盘
1609,10:56:48,3.13,--,274,85762,买盘
1610,10:56:42,3.13,0.01,214,66982,买盘
1611,10:56:39,3.12,-0.01,249,77769,卖盘
1612,10:56:33,3.13,--,42,13146,买盘
1613,10:56:24,3.13,--,41,12833,买盘
1614,10:56:12,3.13,--,1,313,买盘
1615,10:56:09,3.13,--,123,38499,买盘
1616,10:56:03,3.13,0.01,43,13459,买盘
1617,10:55:54,3.12,-0.01,95,29640,卖盘
1618,10:55:48,3.13,0.01,3,939,买盘
1619,10:55:39,3.12,-0.01,3,936,卖盘
1620,10:55:33,3.13,--,112,35056,买盘
1621,10:55:27,3.13,0.01,232,72616,买盘
1622,10:55:24,3.12,--,2,624,卖盘
1623,10:55:18,3.12,-0.01,91,28392,卖盘
1624,10:55:09,3.13,0.01,260,81380,买盘
1625,10:55:03,3.12,-0.01,74,23088,卖盘
1626,10:54:57,3.13,--,50,15650,买盘
1627,10:54:54,3.13,0.01,1,313,买盘
1628,10:54:39,3.12,-0.01,156,48672,卖盘
1629,10:54:27,3.13,--,44,13772,买盘
1630,10:54:24,3.13,--,1,313,买盘
1631,10:54:18,3.13,0.01,312,97656,买盘
1632,10:54:09,3.12,--,12,3744,卖盘
1633,10:54:03,3.12,-0.01,1,312,卖盘
1634,10:53:54,3.13,0.01,61,19093,买盘
1635,10:53:48,3.12,--,4,1248,卖盘
1636,10:53:42,3.12,-0.01,3,936,卖盘
1637,10:53:39,3.13,--,57,17841,买盘
1638,10:53:33,3.13,--,264,82632,买盘
1639,10:53:27,3.13,--,45,14085,买盘
1640,10:53:24,3.13,0.01,1,313,买盘
1641,10:53:18,3.12,-0.01,119,37128,卖盘
1642,10:53:12,3.13,0.01,133,41629,买盘
1643,10:53:09,3.12,-0.01,696,217152,卖盘
1644,10:52:54,3.13,--,328,102664,买盘
1645,10:52:48,3.13,0.01,41,12833,买盘
1646,10:52:39,3.12,--,641,199992,卖盘
1647,10:52:33,3.12,--,260,81120,卖盘
1648,10:52:27,3.12,-0.01,584,182208,卖盘
1649,10:52:24,3.13,0.01,180,56340,买盘
1650,10:52:18,3.12,--,662,206544,卖盘
1651,10:52:12,3.12,-0.01,280,87360,卖盘
1652,10:52:09,3.13,0.01,38,11894,买盘
1653,10:52:03,3.12,--,278,86736,卖盘
1654,10:51:57,3.12,--,242,75504,卖盘
1655,10:51:54,3.12,-0.01,97,30264,卖盘
1656,10:51:48,3.13,0.01,382,119566,买盘
1657,10:51:42,3.12,-0.01,23,7176,卖盘
1658,10:51:38,3.13,0.01,265,82945,买盘
1659,10:51:33,3.12,-0.01,13,4056,卖盘
1660,10:51:23,3.13,--,44,13772,买盘
1661,10:51:18,3.13,--,79,24727,买盘
1662,10:51:12,3.13,--,59,18467,买盘
1663,10:51:03,3.13,--,7,2191,买盘
1664,10:50:57,3.13,--,71,22223,买盘
1665,10:50:53,3.13,0.01,167,52271,买盘
1666,10:50:42,3.12,-0.01,30,9360,卖盘
1667,10:50:33,3.13,--,793,248209,买盘
1668,10:50:27,3.13,--,97,30361,买盘
1669,10:50:23,3.13,--,280,87640,买盘
1670,10:50:08,3.13,0.01,642,200946,买盘
1671,10:49:52,3.12,--,249,77688,卖盘
1672,10:49:36,3.12,--,1036,323232,卖盘
1673,10:49:27,3.12,-0.01,394,122928,卖盘
1674,10:49:21,3.13,0.01,2,626,买盘
1675,10:49:12,3.12,-0.01,94,29328,卖盘
1676,10:49:06,3.13,0.01,456,142728,买盘
1677,10:49:03,3.12,--,2,624,卖盘
1678,10:48:57,3.12,-0.01,4,1248,卖盘
1679,10:48:51,3.13,--,1,313,买盘
1680,10:48:48,3.13,0.01,11,3443,买盘
1681,10:48:42,3.12,--,39,12168,卖盘
1682,10:48:36,3.12,-0.01,75,23400,卖盘
1683,10:48:33,3.13,--,104,32552,买盘
1684,10:48:27,3.13,--,92,28796,买盘
1685,10:48:21,3.13,--,4,1252,买盘
1686,10:48:18,3.13,--,202,63226,买盘
1687,10:48:12,3.13,--,5,1565,买盘
1688,10:48:06,3.13,--,65,20345,买盘
1689,10:48:03,3.13,--,201,62913,买盘
1690,10:47:57,3.13,--,51,15963,买盘
1691,10:47:51,3.13,0.01,792,247896,买盘
1692,10:47:42,3.12,-0.01,175,54600,卖盘
1693,10:47:36,3.13,--,20,6260,买盘
1694,10:47:33,3.13,0.01,107,33491,买盘
1695,10:47:27,3.12,-0.01,58,18096,卖盘
1696,10:47:21,3.13,--,1,313,买盘
1697,10:47:18,3.13,0.01,59,18467,买盘
1698,10:47:03,3.12,--,1,312,卖盘
1699,10:46:57,3.12,-0.01,39,12168,卖盘
1700,10:46:51,3.13,0.01,12,3756,买盘
1701,10:46:48,3.12,-0.01,101,31512,卖盘
1702,10:46:42,3.13,--,4,1252,买盘
1703,10:46:36,3.13,--,212,66356,买盘
1704,10:46:33,3.13,--,100,31300,买盘
1705,10:46:27,3.13,--,4,1252,买盘
1706,10:46:21,3.13,0.01,3,939,买盘
1707,10:46:03,3.12,-0.01,242,75504,卖盘
1708,10:45:51,3.13,0.01,1,313,买盘
1709,10:45:42,3.12,--,43,13416,卖盘
1710,10:45:33,3.12,-0.01,638,199056,卖盘
1711,10:45:21,3.13,--,217,67921,买盘
1712,10:45:18,3.13,--,36,11268,买盘
1713,10:45:12,3.13,--,84,26292,买盘
1714,10:45:03,3.13,0.01,1,313,买盘
1715,10:44:57,3.12,-0.01,168,52416,卖盘
1716,10:44:51,3.13,--,3,939,买盘
1717,10:44:32,3.13,0.01,29,9077,买盘
1718,10:44:21,3.12,-0.01,11,3432,卖盘
1719,10:44:17,3.13,--,982,307366,买盘
1720,10:44:12,3.13,--,176,55088,买盘
1721,10:44:06,3.13,--,202,63226,买盘
1722,10:44:02,3.13,--,121,37873,买盘
1723,10:43:57,3.13,--,441,138033,买盘
1724,10:43:51,3.13,0.01,1,313,买盘
1725,10:43:32,3.12,--,241,75192,卖盘
1726,10:43:27,3.12,-0.01,119,37128,卖盘
1727,10:43:21,3.13,--,101,31613,买盘
1728,10:43:12,3.13,--,509,159317,买盘
1729,10:43:06,3.13,0.01,1,313,买盘
1730,10:43:02,3.12,--,727,226824,卖盘
1731,10:42:57,3.12,-0.01,455,141960,卖盘
1732,10:42:51,3.13,--,1,313,买盘
1733,10:42:47,3.13,0.01,8,2504,买盘
1734,10:42:42,3.12,-0.01,1,312,卖盘
1735,10:42:32,3.13,0.01,276,86388,买盘
1736,10:42:27,3.12,-0.01,152,47424,卖盘
1737,10:42:21,3.13,0.01,1,313,买盘
1738,10:42:17,3.12,-0.01,338,105456,卖盘
1739,10:42:12,3.13,-0.01,70,21910,买盘
1740,10:42:06,3.14,0.02,176,55264,买盘
1741,10:42:02,3.12,-0.02,118,36816,卖盘
1742,10:41:57,3.14,0.01,330,103620,买盘
1743,10:41:51,3.13,-0.01,5,1565,买盘
1744,10:41:47,3.14,--,41,12874,买盘
1745,10:41:42,3.14,0.02,216,67824,买盘
1746,10:41:32,3.12,--,250,78000,卖盘
1747,10:41:27,3.12,-0.02,191,59592,卖盘
1748,10:41:21,3.14,0.01,1,314,买盘
1749,10:41:00,3.13,--,28,8764,卖盘
1750,10:40:57,3.13,-0.01,1,313,卖盘
1751,10:40:51,3.14,0.02,1,314,买盘
1752,10:40:45,3.12,-0.01,121,37752,卖盘
1753,10:40:42,3.13,--,243,76059,买盘
1754,10:40:36,3.13,0.01,100,31300,买盘
1755,10:40:27,3.12,-0.01,1354,422448,卖盘
1756,10:40:21,3.13,--,4,1252,卖盘
1757,10:40:15,3.13,-0.01,29,9077,卖盘
1758,10:40:12,3.14,0.01,123,38622,买盘
1759,10:40:06,3.13,--,164,51332,买盘
1760,10:40:00,3.13,0.01,15,4695,买盘
1761,10:39:57,3.12,--,63,19656,卖盘
1762,10:39:51,3.12,-0.02,705,219960,卖盘
1763,10:39:45,3.14,0.01,55,17270,买盘
1764,10:39:36,3.13,0.01,5,1565,买盘
1765,10:39:27,3.12,-0.02,354,110448,卖盘
1766,10:39:21,3.14,--,2,628,买盘
1767,10:39:12,3.14,0.02,398,124972,买盘
1768,10:39:06,3.12,--,131,40872,卖盘
1769,10:39:00,3.12,-0.01,755,235560,卖盘
1770,10:38:57,3.13,--,839,262607,买盘
1771,10:38:51,3.13,--,1,313,买盘
1772,10:38:42,3.13,--,205,64165,买盘
1773,10:38:36,3.13,0.01,159,49767,中性盘
1774,10:38:30,3.12,--,914,285168,卖盘
1775,10:38:27,3.12,-0.01,1793,559416,卖盘
1776,10:38:21,3.13,--,2476,774988,卖盘
1777,10:38:15,3.13,--,15,4695,卖盘
1778,10:38:12,3.13,-0.01,51,15963,买盘
1779,10:38:06,3.14,0.02,265,83210,买盘
1780,10:38:00,3.12,-0.02,914,285168,卖盘
1781,10:37:56,3.14,0.01,1495,469430,买盘
1782,10:37:51,3.13,--,607,189991,卖盘
1783,10:37:42,3.13,--,1231,385303,买盘
1784,10:37:36,3.13,--,0,0,中性盘
1785,10:37:30,3.13,0.01,3905,1222265,买盘
1786,10:37:26,3.12,-0.01,2321,724152,卖盘
1787,10:37:21,3.13,--,3658,1144954,买盘
1788,10:37:15,3.13,--,264,82632,买盘
1789,10:37:06,3.13,--,59,18467,买盘
1790,10:36:57,3.13,0.01,924,289212,买盘
1791,10:36:51,3.12,-0.01,915,285480,卖盘
1792,10:36:41,3.13,--,210,65730,买盘
1793,10:36:36,3.13,--,16,5008,买盘
1794,10:36:30,3.13,--,112,35056,买盘
1795,10:36:26,3.13,0.01,36,11268,买盘
1796,10:36:21,3.12,-0.01,1829,570648,卖盘
1797,10:36:11,3.13,0.01,594,185922,买盘
1798,10:36:06,3.12,-0.01,3,936,卖盘
1799,10:36:00,3.13,0.01,500,156500,买盘
1800,10:35:56,3.12,--,250,78000,卖盘
1801,10:35:51,3.12,--,1958,610896,卖盘
1802,10:35:45,3.12,-0.01,115,35880,卖盘
1803,10:35:41,3.13,--,81,25353,买盘
1804,10:35:36,3.13,0.01,388,121444,买盘
1805,10:35:30,3.12,--,217,67704,卖盘
1806,10:35:21,3.12,-0.01,2328,726336,卖盘
1807,10:35:15,3.13,0.01,200,62600,买盘
1808,10:35:11,3.12,-0.01,130,40560,卖盘
1809,10:35:06,3.13,0.01,6,1878,买盘
1810,10:35:00,3.12,--,572,178464,卖盘
1811,10:34:56,3.12,-0.02,247,77064,卖盘
1812,10:34:51,3.14,0.02,371,116494,买盘
1813,10:34:45,3.12,-0.01,1828,570336,卖盘
1814,10:34:36,3.13,--,253,79189,卖盘
1815,10:34:30,3.13,0.01,21,6573,卖盘
1816,10:34:26,3.12,-0.02,47,14664,卖盘
1817,10:34:21,3.14,0.02,364,114296,买盘
1818,10:34:15,3.12,-0.02,913,284856,卖盘
1819,10:34:11,3.14,0.01,1235,387790,买盘
1820,10:34:06,3.13,--,445,139285,买盘
1821,10:34:00,3.13,--,113,35369,买盘
1822,10:33:56,3.13,--,108,33804,买盘
1823,10:33:51,3.13,--,464,145232,买盘
1824,10:33:45,3.13,0.01,545,170585,卖盘
1825,10:33:41,3.12,-0.01,1994,622128,卖盘
1826,10:33:36,3.13,--,300,93900,中性盘
1827,10:33:30,3.13,0.01,262,82006,买盘
1828,10:33:26,3.12,--,86,26832,卖盘
1829,10:33:21,3.12,--,711,221832,卖盘
1830,10:33:15,3.12,--,0,0,卖盘
1831,10:33:11,3.12,-0.01,2267,707304,卖盘
1832,10:33:06,3.13,--,515,161195,买盘
1833,10:32:55,3.13,--,825,258225,买盘
1834,10:32:51,3.13,--,121,37873,买盘
1835,10:32:45,3.13,0.01,201,62913,买盘
1836,10:32:41,3.12,--,913,284856,卖盘
1837,10:32:36,3.12,--,1033,322296,卖盘
1838,10:32:30,3.12,--,81,25272,卖盘
1839,10:32:26,3.12,--,130,40560,卖盘
1840,10:32:21,3.12,-0.01,232,72384,卖盘
1841,10:32:09,3.13,0.01,1,313,买盘
1842,10:32:06,3.12,-0.02,1828,570336,卖盘
1843,10:32:00,3.14,0.01,186,58404,买盘
1844,10:31:51,3.13,--,858,268554,买盘
1845,10:31:45,3.13,0.01,88,27544,买盘
1846,10:31:39,3.12,--,202,63024,卖盘
1847,10:31:35,3.12,--,926,288912,卖盘
1848,10:31:30,3.12,--,920,287040,卖盘
1849,10:31:24,3.12,-0.01,202,63024,卖盘
1850,10:31:20,3.13,--,276,86388,买盘
1851,10:31:15,3.13,--,179,56027,买盘
1852,10:31:09,3.13,--,44,13772,买盘
1853,10:31:05,3.13,0.01,203,63539,买盘
1854,10:31:00,3.12,-0.01,2059,642408,卖盘
1855,10:30:54,3.13,--,20,6260,买盘
1856,10:30:50,3.13,--,230,71990,买盘
1857,10:30:45,3.13,--,20,6260,买盘
1858,10:30:39,3.13,--,21,6573,买盘
1859,10:30:35,3.13,0.01,413,129269,买盘
1860,10:30:30,3.12,-0.01,1966,613392,卖盘
1861,10:30:24,3.13,--,34,10642,卖盘
1862,10:30:20,3.13,--,67,20971,买盘
1863,10:30:15,3.13,-0.01,102,31926,中性盘
1864,10:30:09,3.14,0.02,322,101108,买盘
1865,10:30:05,3.12,-0.01,1043,325416,卖盘
1866,10:30:00,3.13,--,977,305801,买盘
1867,10:29:54,3.13,0.01,3,939,买盘
1868,10:29:50,3.12,-0.01,626,195312,卖盘
1869,10:29:45,3.13,--,127,39751,买盘
1870,10:29:35,3.13,--,456,142728,卖盘
1871,10:29:30,3.13,0.01,773,241949,买盘
1872,10:29:24,3.12,-0.01,1837,573144,卖盘
1873,10:29:20,3.13,--,1140,356820,买盘
1874,10:29:15,3.13,--,133,41629,买盘
1875,10:29:09,3.13,--,870,272310,卖盘
1876,10:29:05,3.13,--,240,75120,买盘
1877,10:29:00,3.13,0.01,518,162134,买盘
1878,10:28:54,3.12,--,914,285168,卖盘
1879,10:28:50,3.12,--,2075,647400,卖盘
1880,10:28:39,3.12,-0.01,480,149760,卖盘
1881,10:28:35,3.13,--,132,41316,买盘
1882,10:28:30,3.13,--,167,52271,买盘
1883,10:28:24,3.13,0.01,1275,399075,买盘
1884,10:28:20,3.12,--,1280,399360,卖盘
1885,10:28:15,3.12,-0.01,1137,354744,卖盘
1886,10:28:09,3.13,--,13,4069,买盘
1887,10:28:05,3.13,--,213,66669,买盘
1888,10:28:00,3.13,--,3,939,买盘
1889,10:27:50,3.13,--,372,116436,买盘
1890,10:27:39,3.13,--,184,57592,买盘
1891,10:27:35,3.13,0.01,45,14085,买盘
1892,10:27:30,3.12,--,478,149136,卖盘
1893,10:27:24,3.12,-0.01,38,11856,卖盘
1894,10:27:20,3.13,0.01,517,161821,买盘
1895,10:27:15,3.12,-0.01,1261,393432,卖盘
1896,10:27:09,3.13,--,1660,519580,买盘
1897,10:27:05,3.13,--,43,13459,买盘
1898,10:27:00,3.13,--,51,15963,买盘
1899,10:26:50,3.13,0.01,228,71364,买盘
1900,10:26:45,3.12,-0.01,53,16536,卖盘
1901,10:26:35,3.13,0.01,51,15963,买盘
1902,10:26:30,3.12,--,42,13104,卖盘
1903,10:26:24,3.12,-0.01,9,2808,卖盘
1904,10:26:20,3.13,0.01,701,219413,买盘
1905,10:26:15,3.12,-0.01,78,24336,卖盘
1906,10:26:09,3.13,--,163,51019,买盘
1907,10:26:05,3.13,--,766,239758,买盘
1908,10:26:00,3.13,0.01,500,156500,买盘
1909,10:25:54,3.12,--,88,27456,卖盘
1910,10:25:50,3.12,-0.01,75,23400,卖盘
1911,10:25:45,3.13,--,82,25666,买盘
1912,10:25:35,3.13,--,1423,445399,买盘
1913,10:25:30,3.13,--,54,16902,买盘
1914,10:25:24,3.13,--,85,26605,买盘
1915,10:25:20,3.13,--,101,31613,买盘
1916,10:25:15,3.13,--,168,52584,买盘
1917,10:25:09,3.13,--,127,39751,买盘
1918,10:25:05,3.13,0.01,230,71990,买盘
1919,10:25:00,3.12,--,118,36816,卖盘
1920,10:24:54,3.12,-0.01,5,1560,卖盘
1921,10:24:48,3.13,--,103,32239,买盘
1922,10:24:45,3.13,0.01,12,3756,买盘
1923,10:24:33,3.12,-0.01,267,83304,卖盘
1924,10:24:24,3.13,--,60,18780,买盘
1925,10:24:20,3.13,--,374,117062,买盘
1926,10:24:14,3.13,0.01,1692,529596,买盘
1927,10:24:09,3.12,-0.01,35,10920,卖盘
1928,10:24:03,3.13,--,5,1565,买盘
1929,10:23:59,3.13,--,64,20032,买盘
1930,10:23:54,3.13,0.01,1,313,买盘
1931,10:23:48,3.12,--,21,6552,卖盘
1932,10:23:44,3.12,-0.01,13,4056,卖盘
1933,10:23:39,3.13,--,70,21910,买盘
1934,10:23:33,3.13,--,1,313,买盘
1935,10:23:29,3.13,0.01,43,13459,买盘
1936,10:23:24,3.12,-0.01,95,29640,卖盘
1937,10:23:18,3.13,--,1,313,买盘
1938,10:23:14,3.13,0.01,51,15963,买盘
1939,10:23:09,3.12,-0.01,10,3120,卖盘
1940,10:23:03,3.13,--,228,71364,买盘
1941,10:22:59,3.13,--,100,31300,买盘
1942,10:22:54,3.13,0.01,421,131773,买盘
1943,10:22:44,3.12,--,72,22464,卖盘
1944,10:22:39,3.12,-0.01,32,9984,卖盘
1945,10:22:29,3.13,0.01,34,10642,买盘
1946,10:22:24,3.12,-0.01,89,27768,卖盘
1947,10:22:18,3.13,--,29,9077,买盘
1948,10:22:14,3.13,0.01,382,119566,买盘
1949,10:22:09,3.12,-0.01,1,312,卖盘
1950,10:21:59,3.13,0.01,34,10642,买盘
1951,10:21:54,3.12,--,22,6864,卖盘
1952,10:21:48,3.12,-0.01,10,3120,卖盘
1953,10:21:44,3.13,--,213,66669,买盘
1954,10:21:39,3.13,--,306,95778,买盘
1955,10:21:33,3.13,--,34,10642,买盘
1956,10:21:29,3.13,0.01,31,9703,买盘
1957,10:21:24,3.12,--,53,16536,卖盘
1958,10:21:18,3.12,--,1147,357864,卖盘
1959,10:21:14,3.12,--,928,289536,卖盘
1960,10:21:09,3.12,-0.01,32,9984,卖盘
1961,10:21:03,3.13,--,60,18780,买盘
1962,10:20:59,3.13,--,15,4695,买盘
1963,10:20:54,3.13,--,306,95778,买盘
1964,10:20:48,3.13,0.01,181,56653,买盘
1965,10:20:44,3.12,--,1877,585624,卖盘
1966,10:20:39,3.12,--,2,624,卖盘
1967,10:20:29,3.12,-0.01,214,66768,卖盘
1968,10:20:24,3.13,0.01,2,626,买盘
1969,10:20:18,3.12,-0.01,3,936,卖盘
1970,10:20:14,3.13,--,1929,603777,买盘
1971,10:20:09,3.13,--,10,3130,买盘
1972,10:20:03,3.13,--,60,18780,买盘
1973,10:19:54,3.13,--,136,42568,买盘
1974,10:19:48,3.13,--,66,20658,买盘
1975,10:19:44,3.13,0.01,1018,318634,买盘
1976,10:19:39,3.12,-0.01,1004,313248,卖盘
1977,10:19:29,3.13,--,359,112367,买盘
1978,10:19:24,3.13,--,510,159630,买盘
1979,10:19:14,3.13,0.01,701,219413,买盘
1980,10:19:09,3.12,-0.01,1847,576264,卖盘
1981,10:19:03,3.13,--,100,31300,买盘
1982,10:18:59,3.13,-0.01,10,3130,中性盘
1983,10:18:54,3.14,0.02,1,314,买盘
1984,10:18:48,3.12,-0.01,369,115162,卖盘
1985,10:18:44,3.13,0.01,3,939,卖盘
1986,10:18:39,3.12,-0.01,1928,601536,卖盘
1987,10:18:33,3.13,--,100,31300,卖盘
1988,10:18:29,3.13,--,67,20971,卖盘
1989,10:18:24,3.13,--,219,68547,卖盘
1990,10:18:18,3.13,--,1000,313000,卖盘
1991,10:18:14,3.13,--,684,214092,卖盘
1992,10:18:09,3.13,-0.01,915,286395,卖盘
1993,10:18:03,3.14,--,1158,363612,买盘
1994,10:17:59,3.14,0.01,75,23550,买盘
1995,10:17:54,3.13,--,2939,919907,卖盘
1996,10:17:48,3.13,--,212,66356,卖盘
1997,10:17:44,3.13,--,1270,397510,卖盘
1998,10:17:39,3.13,--,4830,1511790,卖盘
1999,10:17:33,3.13,--,918,287334,卖盘
2000,10:17:29,3.13,--,2789,872957,卖盘
2001,10:17:24,3.13,--,2125,665256,卖盘
2002,10:17:18,3.13,-0.01,2010,629130,卖盘
2003,10:17:14,3.14,0.01,7021,2204594,买盘
2004,10:17:09,3.13,--,4515,1413195,卖盘
2005,10:17:03,3.13,--,513,160569,卖盘
2006,10:16:59,3.13,--,1828,572164,卖盘
2007,10:16:54,3.13,--,1278,400014,卖盘
2008,10:16:48,3.13,-0.01,4,1252,卖盘
2009,10:16:44,3.14,0.01,9985,3135290,买盘
2010,10:16:39,3.13,--,4339,1358107,卖盘
2011,10:16:33,3.13,--,131,41003,卖盘
2012,10:16:28,3.13,--,1089,340857,卖盘
2013,10:16:24,3.13,-0.01,121,37873,卖盘
2014,10:16:18,3.14,0.01,110,34540,买盘
2015,10:16:12,3.13,--,394,123322,卖盘
2016,10:16:08,3.13,--,100,31300,卖盘
2017,10:16:03,3.13,-0.01,35,10955,卖盘
2018,10:15:57,3.14,--,926,290764,买盘
2019,10:15:54,3.14,0.01,138,43332,买盘
2020,10:15:42,3.13,--,94,29422,卖盘
2021,10:15:38,3.13,-0.01,2,626,卖盘
2022,10:15:33,3.14,--,111,34854,买盘
2023,10:15:27,3.14,--,214,67196,买盘
2024,10:15:23,3.14,--,1,314,买盘
2025,10:15:18,3.14,0.01,10,3140,买盘
2026,10:15:12,3.13,-0.01,1,313,卖盘
2027,10:15:08,3.14,--,5,1570,买盘
2028,10:15:03,3.14,--,85,26690,买盘
2029,10:14:57,3.14,--,3,942,买盘
2030,10:14:53,3.14,--,1002,314628,买盘
2031,10:14:48,3.14,--,1063,333782,买盘
2032,10:14:42,3.14,--,63,19782,买盘
2033,10:14:38,3.14,0.01,1973,619522,买盘
2034,10:14:33,3.13,--,30048,9405024,卖盘
2035,10:14:27,3.13,-0.01,1,313,卖盘
2036,10:14:23,3.14,--,2,628,买盘
2037,10:14:18,3.14,--,290,91060,买盘
2038,10:14:12,3.14,0.01,214,67196,买盘
2039,10:14:08,3.13,--,12,3756,卖盘
2040,10:14:03,3.13,--,1,313,卖盘
2041,10:13:53,3.13,--,35,10955,卖盘
2042,10:13:48,3.13,--,3,939,卖盘
2043,10:13:38,3.13,--,132,41316,卖盘
2044,10:13:33,3.13,--,1,313,卖盘
2045,10:13:23,3.13,--,96,30048,卖盘
2046,10:13:18,3.13,-0.01,20,6260,卖盘
2047,10:13:12,3.14,0.01,264,82896,买盘
2048,10:13:03,3.13,-0.01,7,2191,卖盘
2049,10:12:57,3.14,--,213,66882,买盘
2050,10:12:53,3.14,--,772,242408,买盘
2051,10:12:48,3.14,0.01,108,33912,买盘
2052,10:12:38,3.13,--,301,94213,卖盘
2053,10:12:33,3.13,--,510,159630,卖盘
2054,10:12:23,3.13,--,18,5634,卖盘
2055,10:12:18,3.13,-0.01,99,30987,卖盘
2056,10:12:12,3.14,0.01,3,942,买盘
2057,10:12:08,3.13,--,502,157126,卖盘
2058,10:12:03,3.13,--,551,172463,卖盘
2059,10:11:57,3.13,--,70,21910,卖盘
2060,10:11:53,3.13,--,6,1878,卖盘
2061,10:11:48,3.13,-0.01,127,39751,卖盘
2062,10:11:42,3.14,0.01,221,69394,买盘
2063,10:11:38,3.13,--,174,54462,卖盘
2064,10:11:33,3.13,--,250,78250,卖盘
2065,10:11:27,3.13,-0.01,95,29735,卖盘
2066,10:11:23,3.14,--,2,628,买盘
2067,10:11:18,3.14,0.01,19,5966,买盘
2068,10:11:12,3.13,--,4,1252,卖盘
2069,10:11:03,3.13,-0.01,2,626,卖盘
2070,10:10:53,3.14,0.01,151,47414,买盘
2071,10:10:48,3.13,-0.01,2532,792516,卖盘
2072,10:10:38,3.14,0.01,56,17584,买盘
2073,10:10:33,3.13,--,218,68234,卖盘
2074,10:10:23,3.13,-0.01,6,1878,卖盘
2075,10:10:18,3.14,--,445,139730,买盘
2076,10:10:12,3.14,0.01,61,19154,买盘
2077,10:10:08,3.13,--,191,59783,卖盘
2078,10:10:03,3.13,-0.01,101,31613,卖盘
2079,10:09:57,3.14,--,538,168932,买盘
2080,10:09:53,3.14,0.01,624,195936,买盘
2081,10:09:48,3.13,-0.01,131,41003,卖盘
2082,10:09:42,3.14,0.01,24,7536,买盘
2083,10:09:38,3.13,--,121,37873,卖盘
2084,10:09:32,3.13,--,250,78250,卖盘
2085,10:09:27,3.13,--,224,70112,卖盘
2086,10:09:22,3.13,--,501,156813,卖盘
2087,10:09:18,3.13,--,258,80754,卖盘
2088,10:09:12,3.13,--,62,19406,卖盘
2089,10:09:08,3.13,--,847,265111,卖盘
2090,10:09:03,3.13,--,336,105168,卖盘
2091,10:08:57,3.13,--,747,233811,卖盘
2092,10:08:53,3.13,--,17,5321,卖盘
2093,10:08:48,3.13,--,694,217222,卖盘
2094,10:08:42,3.13,-0.01,2,626,卖盘
2095,10:08:37,3.14,0.01,25,7850,买盘
2096,10:08:32,3.13,--,213,66669,卖盘
2097,10:08:23,3.13,--,131,41003,卖盘
2098,10:08:17,3.13,-0.01,100,31300,卖盘
2099,10:08:12,3.14,--,426,133764,买盘
2100,10:08:06,3.14,--,212,66568,买盘
2101,10:08:02,3.14,0.01,228,71592,买盘
2102,10:07:57,3.13,-0.01,866,271058,卖盘
2103,10:07:51,3.14,0.01,1,314,买盘
2104,10:07:42,3.13,--,103,32239,卖盘
2105,10:07:36,3.13,--,121,37873,卖盘
2106,10:07:32,3.13,-0.01,94,29422,卖盘
2107,10:07:27,3.14,--,10,3140,买盘
2108,10:07:21,3.14,0.01,1,314,买盘
2109,10:07:17,3.13,-0.01,382,119566,卖盘
2110,10:07:12,3.14,--,24,7536,买盘
2111,10:07:02,3.14,0.01,38,11932,买盘
2112,10:06:57,3.13,-0.01,100,31300,卖盘
2113,10:06:51,3.14,0.01,1,314,买盘
2114,10:06:47,3.13,-0.01,70,21910,卖盘
2115,10:06:42,3.14,--,217,68138,买盘
2116,10:06:32,3.14,0.01,37,11618,买盘
2117,10:06:27,3.13,-0.01,100,31300,卖盘
2118,10:06:21,3.14,0.01,1,314,买盘
2119,10:06:12,3.13,-0.01,29,9077,卖盘
2120,10:06:02,3.14,--,59,18526,买盘
2121,10:05:57,3.14,--,34,10676,买盘
2122,10:05:51,3.14,0.01,78,24492,买盘
2123,10:05:47,3.13,--,4,1252,卖盘
2124,10:05:42,3.13,--,84,26292,卖盘
2125,10:05:36,3.13,--,1727,540551,卖盘
2126,10:05:32,3.13,-0.01,419,131147,卖盘
2127,10:05:27,3.14,--,168,52752,买盘
2128,10:05:21,3.14,0.01,1,314,买盘
2129,10:05:12,3.13,-0.01,559,174967,卖盘
2130,10:05:02,3.14,--,105,32970,买盘
2131,10:04:57,3.14,--,44,13816,买盘
2132,10:04:51,3.14,0.01,1,314,买盘
2133,10:04:47,3.13,--,1077,337101,卖盘
2134,10:04:42,3.13,--,324,101412,卖盘
2135,10:04:32,3.13,--,1714,536482,卖盘
2136,10:04:27,3.13,-0.01,52,16276,卖盘
2137,10:04:21,3.14,--,101,31714,买盘
2138,10:04:17,3.14,--,343,107702,买盘
2139,10:04:12,3.14,0.01,1405,441170,买盘
2140,10:04:06,3.13,--,1107,346491,卖盘
2141,10:04:02,3.13,--,250,78250,卖盘
2142,10:03:57,3.13,-0.01,564,176532,卖盘
2143,10:03:51,3.14,0.01,2,628,买盘
2144,10:03:47,3.13,--,406,127078,卖盘
2145,10:03:41,3.13,--,434,135842,卖盘
2146,10:03:36,3.13,--,261,81693,卖盘
2147,10:03:32,3.13,--,559,174967,卖盘
2148,10:03:27,3.13,--,277,86701,卖盘
2149,10:03:21,3.13,--,131,41003,卖盘
2150,10:03:17,3.13,-0.01,224,70112,卖盘
2151,10:03:11,3.14,0.01,474,148836,买盘
2152,10:03:06,3.13,-0.01,245,76685,卖盘
2153,10:03:02,3.14,0.01,234,73476,买盘
2154,10:02:56,3.13,--,406,127078,卖盘
2155,10:02:51,3.13,--,131,41003,卖盘
2156,10:02:47,3.13,--,880,275440,卖盘
2157,10:02:41,3.13,--,701,219510,卖盘
2158,10:02:36,3.13,--,84,26292,卖盘
2159,10:02:32,3.13,--,68,21284,卖盘
2160,10:02:26,3.13,-0.01,199,62287,卖盘
2161,10:02:21,3.14,--,1,314,买盘
2162,10:02:17,3.14,0.01,1,314,买盘
2163,10:02:11,3.13,-0.01,147,46011,卖盘
2164,10:02:06,3.14,0.01,983,308662,买盘
2165,10:02:01,3.13,-0.01,2,626,卖盘
2166,10:01:56,3.14,0.01,528,165792,买盘
2167,10:01:51,3.13,-0.01,80,25040,卖盘
2168,10:01:47,3.14,--,210,65940,买盘
2169,10:01:41,3.14,--,80,25120,买盘
2170,10:01:31,3.14,0.01,112,35168,买盘
2171,10:01:26,3.13,-0.01,100,31300,卖盘
2172,10:01:21,3.14,0.01,2,628,买盘
2173,10:01:11,3.13,-0.01,1024,320512,卖盘
2174,10:01:01,3.14,0.01,20,6280,买盘
2175,10:00:56,3.13,-0.01,1278,400014,卖盘
2176,10:00:51,3.14,0.01,4,1256,买盘
2177,10:00:46,3.13,--,3692,1155596,卖盘
2178,10:00:41,3.13,-0.01,705,220665,卖盘
2179,10:00:36,3.14,0.01,202,63428,买盘
2180,10:00:31,3.13,-0.01,147,46011,卖盘
2181,10:00:26,3.14,0.01,15,4710,买盘
2182,10:00:21,3.13,--,133,41629,卖盘
2183,10:00:15,3.13,-0.01,996,311920,卖盘
2184,10:00:11,3.14,--,24,7536,买盘
2185,10:00:06,3.14,--,4,1256,买盘
2186,10:00:01,3.14,--,1,314,买盘
2187,09:59:56,3.14,--,76,23864,买盘
2188,09:59:51,3.14,0.01,54,16956,买盘
2189,09:59:46,3.13,-0.01,97,30361,卖盘
2190,09:59:41,3.14,0.01,23,7222,买盘
2191,09:59:36,3.13,--,197,61661,卖盘
2192,09:59:26,3.13,-0.01,297,92961,卖盘
2193,09:59:21,3.14,--,43,13502,买盘
2194,09:59:15,3.14,--,5,1570,买盘
2195,09:59:11,3.14,0.01,262,82268,买盘
2196,09:59:06,3.13,--,391,122383,卖盘
2197,09:59:00,3.13,--,40,12520,卖盘
2198,09:58:56,3.13,--,248,77624,卖盘
2199,09:58:51,3.13,-0.01,57,17841,卖盘
2200,09:58:45,3.14,0.01,16,5024,买盘
2201,09:58:41,3.13,--,152,47576,卖盘
2202,09:58:36,3.13,-0.01,1,313,卖盘
2203,09:58:30,3.14,0.01,140,43960,买盘
2204,09:58:26,3.13,-0.01,252,78876,卖盘
2205,09:58:21,3.14,0.01,219,68766,买盘
2206,09:58:15,3.13,--,131,41003,卖盘
2207,09:58:11,3.13,--,571,178723,卖盘
2208,09:58:06,3.13,-0.01,23,7199,卖盘
2209,09:58:00,3.14,--,130,40820,买盘
2210,09:57:56,3.14,0.01,3,942,买盘
2211,09:57:51,3.13,--,36,11268,卖盘
2212,09:57:45,3.13,--,1,313,卖盘
2213,09:57:41,3.13,--,54,16902,卖盘
2214,09:57:36,3.13,-0.01,66,20658,卖盘
2215,09:57:30,3.14,0.01,72,22608,买盘
2216,09:57:26,3.13,-0.01,46,14398,卖盘
2217,09:57:21,3.14,0.01,47,14758,买盘
2218,09:57:15,3.13,--,107,33491,卖盘
2219,09:57:11,3.13,--,1407,440391,卖盘
2220,09:57:06,3.13,-0.01,584,182792,卖盘
2221,09:57:00,3.14,0.01,213,66882,买盘
2222,09:56:56,3.13,--,148,46324,卖盘
2223,09:56:51,3.13,--,50,15650,卖盘
2224,09:56:45,3.13,--,23,7199,卖盘
2225,09:56:41,3.13,--,911,285143,卖盘
2226,09:56:36,3.13,--,1016,318008,卖盘
2227,09:56:26,3.13,-0.01,45,14085,卖盘
2228,09:56:20,3.14,0.01,1,314,买盘
2229,09:56:15,3.13,--,10,3130,卖盘
2230,09:56:11,3.13,--,3,939,卖盘
2231,09:56:00,3.13,-0.01,325,101725,卖盘
2232,09:55:56,3.14,--,158,49612,买盘
2233,09:55:50,3.14,0.01,950,298300,买盘
2234,09:55:45,3.13,-0.01,4,1252,卖盘
2235,09:55:41,3.14,--,207,64998,买盘
2236,09:55:35,3.14,0.01,49,15386,买盘
2237,09:55:26,3.13,-0.01,119,37247,卖盘
2238,09:55:20,3.14,0.01,96,30144,买盘
2239,09:55:15,3.13,-0.01,196,61348,卖盘
2240,09:55:11,3.14,0.01,142,44588,买盘
2241,09:55:05,3.13,-0.01,134,41942,卖盘
2242,09:54:56,3.14,--,137,43018,买盘
2243,09:54:50,3.14,--,25,7850,买盘
2244,09:54:45,3.14,0.01,2,628,买盘
2245,09:54:41,3.13,--,424,132712,卖盘
2246,09:54:35,3.13,--,3500,1095500,卖盘
2247,09:54:30,3.13,--,100,31300,卖盘
2248,09:54:25,3.13,-0.01,281,87953,卖盘
2249,09:54:20,3.14,0.01,87,27318,买盘
2250,09:54:15,3.13,--,29,9077,卖盘
2251,09:54:10,3.13,-0.01,72,22536,卖盘
2252,09:54:05,3.14,--,588,184632,买盘
2253,09:53:50,3.14,0.01,130,40820,买盘
2254,09:53:45,3.13,--,77,24101,卖盘
2255,09:53:40,3.13,--,132,41316,卖盘
2256,09:53:35,3.13,--,435,136155,卖盘
2257,09:53:25,3.13,-0.01,84,26292,卖盘
2258,09:53:20,3.14,0.01,103,32342,买盘
2259,09:53:15,3.13,--,115,35995,卖盘
2260,09:53:10,3.13,--,238,74494,卖盘
2261,09:53:05,3.13,--,100,31300,卖盘
2262,09:53:00,3.13,--,4,1252,卖盘
2263,09:52:55,3.13,-0.01,229,71677,卖盘
2264,09:52:50,3.14,0.01,51,16014,买盘
2265,09:52:45,3.13,-0.01,84,26292,卖盘
2266,09:52:40,3.14,--,315,98910,买盘
2267,09:52:35,3.14,0.01,89,27946,买盘
2268,09:52:25,3.13,--,132,41316,卖盘
2269,09:52:20,3.13,--,604,189052,卖盘
2270,09:52:15,3.13,--,103,32239,卖盘
2271,09:52:05,3.13,--,253,79189,卖盘
2272,09:51:55,3.13,-0.01,51,15963,卖盘
2273,09:51:50,3.14,0.01,136,42704,买盘
2274,09:51:40,3.13,--,64,20032,卖盘
2275,09:51:35,3.13,--,307,96091,卖盘
2276,09:51:30,3.13,-0.01,279,87327,卖盘
2277,09:51:24,3.14,--,1,314,买盘
2278,09:51:20,3.14,--,4,1256,买盘
2279,09:51:15,3.14,0.01,176,55264,买盘
2280,09:51:09,3.13,--,1,313,卖盘
2281,09:51:05,3.13,--,257,80441,卖盘
2282,09:51:00,3.13,--,514,160882,卖盘
2283,09:50:54,3.13,-0.01,259,81067,卖盘
2284,09:50:50,3.14,0.01,91,28574,买盘
2285,09:50:45,3.13,-0.01,113,35369,卖盘
2286,09:50:39,3.14,--,240,75360,买盘
2287,09:50:35,3.14,0.01,24,7536,买盘
2288,09:50:30,3.13,--,100,31300,卖盘
2289,09:50:24,3.13,--,304,95152,卖盘
2290,09:50:20,3.13,--,5,1565,卖盘
2291,09:50:15,3.13,--,347,108611,卖盘
2292,09:50:09,3.13,-0.01,86,26918,卖盘
2293,09:50:05,3.14,0.01,518,162652,买盘
2294,09:50:00,3.13,-0.01,215,67295,卖盘
2295,09:49:54,3.14,--,1,314,买盘
2296,09:49:50,3.14,0.01,37,11618,买盘
2297,09:49:45,3.13,--,82,25666,卖盘
2298,09:49:39,3.13,-0.01,89,27857,卖盘
2299,09:49:35,3.14,--,235,73790,买盘
2300,09:49:29,3.14,--,1,314,买盘
2301,09:49:24,3.14,--,31,9734,买盘
2302,09:49:20,3.14,0.01,2,628,买盘
2303,09:49:14,3.13,-0.01,70,21910,卖盘
2304,09:49:05,3.14,--,288,90432,买盘
2305,09:48:54,3.14,0.01,11,3454,买盘
2306,09:48:50,3.13,--,6,1878,卖盘
2307,09:48:44,3.13,--,87,27231,卖盘
2308,09:48:39,3.13,-0.01,89,27857,卖盘
2309,09:48:35,3.14,0.01,2,628,买盘
2310,09:48:29,3.13,--,14,4382,卖盘
2311,09:48:24,3.13,-0.01,217,67921,卖盘
2312,09:48:20,3.14,--,363,113982,买盘
2313,09:48:14,3.14,--,10,3140,买盘
2314,09:48:09,3.14,0.01,66,20724,买盘
2315,09:48:04,3.13,--,14,4382,卖盘
2316,09:47:59,3.13,-0.01,5,1565,卖盘
2317,09:47:54,3.14,--,1,314,买盘
2318,09:47:49,3.14,--,33,10362,买盘
2319,09:47:44,3.14,0.01,53,16642,买盘
2320,09:47:34,3.13,--,85,26605,卖盘
2321,09:47:29,3.13,-0.01,86,26918,卖盘
2322,09:47:19,3.14,--,112,35168,买盘
2323,09:47:14,3.14,0.01,3,942,买盘
2324,09:47:09,3.13,-0.01,1,313,卖盘
2325,09:47:04,3.14,0.01,270,84780,买盘
2326,09:46:59,3.13,--,16,5008,卖盘
2327,09:46:54,3.13,--,213,66669,卖盘
2328,09:46:49,3.13,--,127,39751,卖盘
2329,09:46:44,3.13,-0.01,134,41942,卖盘
2330,09:46:39,3.14,--,34,10676,买盘
2331,09:46:34,3.14,0.01,286,89804,买盘
2332,09:46:29,3.13,--,22,6886,卖盘
2333,09:46:24,3.13,--,963,301419,卖盘
2334,09:46:19,3.13,--,1456,455728,卖盘
2335,09:46:14,3.13,--,85,26605,卖盘
2336,09:46:04,3.13,--,62,19406,卖盘
2337,09:45:59,3.13,--,606,189678,卖盘
2338,09:45:54,3.13,-0.01,84,26292,卖盘
2339,09:45:49,3.14,--,296,92944,买盘
2340,09:45:44,3.14,0.01,346,108644,买盘
2341,09:45:39,3.13,-0.01,23,7199,卖盘
2342,09:45:34,3.14,0.01,88,27632,买盘
2343,09:45:29,3.13,--,31,9703,卖盘
2344,09:45:24,3.13,-0.01,25,7825,卖盘
2345,09:45:19,3.14,0.01,13,4082,买盘
2346,09:45:14,3.13,-0.01,23,7199,卖盘
2347,09:45:09,3.14,0.01,40,12560,买盘
2348,09:45:04,3.13,--,336,105168,卖盘
2349,09:44:59,3.13,--,100,31300,卖盘
2350,09:44:54,3.13,-0.01,20,6260,卖盘
2351,09:44:49,3.14,0.01,105,32970,买盘
2352,09:44:44,3.13,-0.01,353,110489,卖盘
2353,09:44:39,3.14,--,47,14758,买盘
2354,09:44:34,3.14,0.01,112,35168,买盘
2355,09:44:29,3.13,--,10,3130,卖盘
2356,09:44:24,3.13,-0.01,15,4695,卖盘
2357,09:44:18,3.14,--,2,628,买盘
2358,09:44:14,3.14,--,87,27318,买盘
2359,09:44:03,3.14,--,157,49298,买盘
2360,09:43:59,3.14,0.01,38,11932,买盘
2361,09:43:54,3.13,-0.01,2,626,卖盘
2362,09:43:48,3.14,0.01,1,314,买盘
2363,09:43:39,3.13,-0.01,46,14398,卖盘
2364,09:43:33,3.14,--,36,11304,买盘
2365,09:43:29,3.14,0.01,591,185574,买盘
2366,09:43:24,3.13,--,502,157126,卖盘
2367,09:43:14,3.13,--,50,15650,卖盘
2368,09:43:09,3.13,-0.01,516,161508,卖盘
2369,09:43:03,3.14,--,24,7536,买盘
2370,09:42:59,3.14,--,15,4710,买盘
2371,09:42:54,3.14,--,1,314,买盘
2372,09:42:44,3.14,--,8,2512,买盘
2373,09:42:38,3.14,0.01,25,7850,买盘
2374,09:42:29,3.13,-0.01,47,14711,卖盘
2375,09:42:23,3.14,--,148,46472,买盘
2376,09:42:18,3.14,0.01,211,66254,买盘
2377,09:42:08,3.13,--,16,5008,卖盘
2378,09:41:59,3.13,--,85,26605,卖盘
2379,09:41:53,3.13,--,571,178723,卖盘
2380,09:41:48,3.13,--,1,313,卖盘
2381,09:41:43,3.13,--,51,15963,卖盘
2382,09:41:38,3.13,-0.01,122,38186,卖盘
2383,09:41:29,3.14,0.01,20,6280,买盘
2384,09:41:23,3.13,--,63,19719,卖盘
2385,09:41:08,3.13,--,116,36308,卖盘
2386,09:41:03,3.13,-0.01,408,127704,卖盘
2387,09:40:58,3.14,--,20,6280,买盘
2388,09:40:53,3.14,--,11,3454,买盘
2389,09:40:48,3.14,0.01,1,314,买盘
2390,09:40:43,3.13,-0.01,72,22536,卖盘
2391,09:40:38,3.14,0.01,88,27632,买盘
2392,09:40:33,3.13,--,1,313,卖盘
2393,09:40:28,3.13,-0.01,45,14085,卖盘
2394,09:40:23,3.14,0.01,131,41134,买盘
2395,09:40:18,3.13,--,1,313,卖盘
2396,09:40:13,3.13,--,156,48828,卖盘
2397,09:40:08,3.13,--,935,292655,卖盘
2398,09:40:03,3.13,-0.01,50,15650,卖盘
2399,09:39:53,3.14,--,1,314,买盘
2400,09:39:48,3.14,--,305,95770,买盘
2401,09:39:43,3.14,--,26,8164,买盘
2402,09:39:38,3.14,0.01,64,20096,买盘
2403,09:39:28,3.13,--,537,168081,卖盘
2404,09:39:23,3.13,-0.01,138,43194,卖盘
2405,09:39:18,3.14,0.01,500,157000,买盘
2406,09:39:13,3.13,-0.01,276,86388,卖盘
2407,09:39:08,3.14,0.01,116,36424,买盘
2408,09:39:03,3.13,--,1,313,卖盘
2409,09:38:58,3.13,-0.01,54,16902,卖盘
2410,09:38:53,3.14,0.01,62,19468,买盘
2411,09:38:43,3.13,-0.01,181,56653,卖盘
2412,09:38:38,3.14,0.01,101,31714,买盘
2413,09:38:33,3.13,--,86,26918,卖盘
2414,09:38:28,3.13,-0.01,299,93587,卖盘
2415,09:38:23,3.14,0.01,303,95142,买盘
2416,09:38:18,3.13,-0.01,3216,1006608,卖盘
2417,09:38:13,3.14,--,101,31714,买盘
2418,09:38:08,3.14,--,52,16328,买盘
2419,09:38:03,3.14,0.01,20,6280,买盘
2420,09:37:58,3.13,-0.01,11,3443,卖盘
2421,09:37:53,3.14,--,151,47414,买盘
2422,09:37:48,3.14,--,15,4710,买盘
2423,09:37:43,3.14,--,30,9420,买盘
2424,09:37:38,3.14,--,115,36110,买盘
2425,09:37:33,3.14,0.01,148,46472,买盘
2426,09:37:28,3.13,-0.01,69,21597,卖盘
2427,09:37:23,3.14,--,35,10990,买盘
2428,09:37:18,3.14,--,214,67196,买盘
2429,09:37:13,3.14,--,17,5338,买盘
2430,09:37:08,3.14,--,92,28888,买盘
2431,09:36:58,3.14,--,402,126228,买盘
2432,09:36:53,3.14,--,251,78814,买盘
2433,09:36:48,3.14,--,408,128112,买盘
2434,09:36:42,3.14,0.01,241,75674,买盘
2435,09:36:33,3.13,-0.01,2,626,卖盘
2436,09:36:28,3.14,--,13,4082,买盘
2437,09:36:23,3.14,--,3,942,买盘
2438,09:36:13,3.14,0.01,203,63742,买盘
2439,09:36:03,3.13,--,268,83884,卖盘
2440,09:35:57,3.13,-0.01,213,66669,卖盘
2441,09:35:53,3.14,--,12,3768,买盘
2442,09:35:42,3.14,--,33,10362,买盘
2443,09:35:37,3.14,0.01,76,23864,买盘
2444,09:35:32,3.13,-0.01,99,30987,卖盘
2445,09:35:27,3.14,--,22,6908,买盘
2446,09:35:22,3.14,--,7,2198,买盘
2447,09:35:17,3.14,0.01,3,942,买盘
2448,09:35:07,3.13,--,2,626,卖盘
2449,09:35:02,3.13,--,304,95152,卖盘
2450,09:34:57,3.13,-0.01,1,313,卖盘
2451,09:34:52,3.14,0.01,159,49926,买盘
2452,09:34:47,3.13,-0.01,270,84510,卖盘
2453,09:34:42,3.14,--,11,3454,买盘
2454,09:34:37,3.14,0.01,37,11618,买盘
2455,09:34:32,3.13,--,460,143980,卖盘
2456,09:34:22,3.13,-0.01,7402,2316826,卖盘
2457,09:34:12,3.14,0.01,5,1570,买盘
2458,09:34:07,3.13,-0.01,69,21597,卖盘
2459,09:34:02,3.14,--,30,9420,买盘
2460,09:33:47,3.14,--,283,88862,买盘
2461,09:33:37,3.14,--,233,73162,买盘
2462,09:33:32,3.14,0.01,443,139102,买盘
2463,09:33:27,3.13,-0.01,119,37247,卖盘
2464,09:33:22,3.14,0.01,13,4082,买盘
2465,09:33:12,3.13,-0.01,266,83258,卖盘
2466,09:33:07,3.14,0.01,181,56834,买盘
2467,09:33:02,3.13,--,253,79189,卖盘
2468,09:32:57,3.13,-0.01,268,83884,卖盘
2469,09:32:52,3.14,--,612,192168,买盘
2470,09:32:47,3.14,0.01,2,628,买盘
2471,09:32:42,3.13,-0.01,131,41128,卖盘
2472,09:32:37,3.14,0.01,436,136904,买盘
2473,09:32:32,3.13,-0.01,83,25979,卖盘
2474,09:32:27,3.14,--,147,46158,买盘
2475,09:32:22,3.14,0.01,510,160140,买盘
2476,09:32:17,3.13,-0.01,325,101725,卖盘
2477,09:32:12,3.14,0.01,148,46472,买盘
2478,09:32:07,3.13,--,134,41942,卖盘
2479,09:32:02,3.13,-0.01,360,112680,卖盘
2480,09:31:52,3.14,0.01,1299,407886,买盘
2481,09:31:47,3.13,-0.01,213,66669,卖盘
2482,09:31:42,3.14,0.01,110,34540,买盘
2483,09:31:37,3.13,-0.01,551,172463,卖盘
2484,09:31:32,3.14,--,260,81640,买盘
2485,09:31:27,3.14,0.01,227,71278,买盘
2486,09:31:22,3.13,-0.01,3,939,卖盘
2487,09:31:17,3.14,--,1451,455614,买盘
2488,09:31:12,3.14,--,440,138160,买盘
2489,09:31:07,3.14,--,583,183062,买盘
2490,09:31:02,3.14,--,512,160768,买盘
2491,09:30:52,3.14,0.01,391,122774,买盘
2492,09:30:47,3.13,--,10,3130,卖盘
2493,09:30:37,3.13,-0.01,1239,387807,卖盘
2494,09:30:22,3.14,0.01,357,112098,买盘
2495,09:30:17,3.13,-0.01,303,94839,卖盘
2496,09:30:12,3.14,0.01,911,286054,买盘
2497,09:30:07,3.13,--,1674,523962,卖盘
2498,09:28:59,3.13,--,0,0,卖盘
2499,09:25:08,3.13,3.13,3151,986263,买盘
