,time,price,change,volume,amount,type
0,15:00:00,10.65,--,0,0,买盘
1,15:00:00,10.65,--,35,37275,买盘
2,14:59:59,10.65,0.01,103,109695,买盘
3,14:59:53,10.64,--,75,79800,卖盘
4,14:59:48,10.64,-0.01,23,24472,卖盘
5,14:59:43,10.65,0.01,68,72420,买盘
6,14:59:38,10.64,--,40,42560,买盘
7,14:59:33,10.64,-0.01,236,251518,卖盘
8,14:59:29,10.65,--,359,382335,卖盘
9,14:59:23,10.65,0.01,101,108214,买盘
10,14:59:18,10.64,-0.01,562,597968,卖盘
11,14:59:13,10.65,--,84,89460,买盘
12,14:59:08,10.65,0.01,139,148035,买盘
13,14:59:03,10.64,--,364,387296,卖盘
14,14:58:58,10.64,-0.01,226,240464,中性盘
15,14:58:53,10.65,--,138,146970,买盘
16,14:58:48,10.65,0.02,389,414285,买盘
17,14:58:43,10.63,-0.01,93,98859,卖盘
18,14:58:38,10.64,-0.01,70,74480,卖盘
19,14:58:33,10.65,0.01,326,347190,买盘
20,14:58:28,10.64,--,117,124488,卖盘
21,14:58:23,10.64,--,125,133000,买盘
22,14:58:18,10.64,--,85,90440,买盘
23,14:58:13,10.64,--,127,135128,卖盘
24,14:58:08,10.64,--,119,126616,卖盘
25,14:58:03,10.64,--,266,283024,卖盘
26,14:57:58,10.64,-0.01,39,41496,卖盘
27,14:57:53,10.65,--,248,264120,买盘
28,14:57:48,10.65,0.01,25,26625,买盘
29,14:57:43,10.64,0.01,153,162792,买盘
30,14:57:38,10.63,-0.01,129,137127,卖盘
31,14:57:33,10.64,--,213,227334,买盘
32,14:57:28,10.64,0.01,182,193648,买盘
33,14:57:23,10.63,--,60,63780,卖盘
34,14:57:18,10.63,--,380,403940,买盘
35,14:57:13,10.63,--,51,54213,买盘
36,14:57:08,10.63,--,128,136064,买盘
37,14:57:03,10.63,--,490,520870,买盘
38,14:56:58,10.63,0.01,215,228545,买盘
39,14:56:53,10.62,--,12,13540,卖盘
40,14:56:48,10.62,-0.01,143,151866,卖盘
41,14:56:43,10.63,0.01,124,131812,买盘
42,14:56:38,10.62,--,60,63719,卖盘
43,14:56:33,10.62,--,80,84960,卖盘
44,14:56:28,10.62,--,15,15929,卖盘
45,14:56:23,10.62,-0.01,306,324972,卖盘
46,14:56:18,10.63,0.02,304,323152,买盘
47,14:56:13,10.61,-0.01,95,100795,卖盘
48,14:56:08,10.62,--,90,95580,买盘
49,14:56:03,10.62,--,71,75402,买盘
50,14:55:58,10.62,-0.01,170,180540,卖盘
51,14:55:53,10.63,--,234,248742,买盘
52,14:55:48,10.63,-0.01,68,72284,卖盘
53,14:55:43,10.64,0.01,140,148960,买盘
54,14:55:37,10.63,0.01,39,41457,买盘
55,14:55:33,10.62,-0.02,115,122129,卖盘
56,14:55:28,10.64,--,67,71288,买盘
57,14:55:22,10.64,0.01,8,8512,买盘
58,14:55:18,10.63,-0.01,159,169017,卖盘
59,14:55:12,10.64,-0.01,97,103208,卖盘
60,14:55:08,10.65,--,31,33015,买盘
61,14:55:03,10.65,0.01,99,105435,买盘
62,14:54:57,10.64,-0.01,39,41496,卖盘
63,14:54:52,10.65,0.01,20,21300,买盘
64,14:54:48,10.64,-0.01,11,11704,卖盘
65,14:54:42,10.65,--,64,68160,买盘
66,14:54:37,10.65,--,206,219390,买盘
67,14:54:33,10.65,--,79,84135,买盘
68,14:54:27,10.65,--,33,35145,买盘
69,14:54:22,10.65,--,39,41535,买盘
70,14:54:18,10.65,--,15,15975,买盘
71,14:54:12,10.65,-0.01,6,6390,中性盘
72,14:54:07,10.66,0.02,24,25584,买盘
73,14:54:02,10.64,-0.01,25,26600,卖盘
74,14:53:57,10.65,0.01,226,240690,买盘
75,14:53:53,10.64,0.01,89,94696,买盘
76,14:53:47,10.63,--,84,89292,卖盘
77,14:53:42,10.63,--,131,139253,卖盘
78,14:53:37,10.63,--,25,26575,卖盘
79,14:53:32,10.63,0.01,36,38268,买盘
80,14:53:27,10.62,--,60,63719,卖盘
81,14:53:23,10.62,--,56,59471,卖盘
82,14:53:17,10.62,0.01,6,6371,买盘
83,14:53:12,10.61,-0.01,17,18037,卖盘
84,14:53:07,10.62,0.01,46,48852,买盘
85,14:53:02,10.61,--,22,23342,卖盘
86,14:52:57,10.61,0.01,408,432888,买盘
87,14:52:52,10.6,-0.01,90,95400,卖盘
88,14:52:42,10.61,--,22,23342,买盘
89,14:52:37,10.61,--,41,43501,买盘
90,14:52:32,10.61,0.01,6,6366,买盘
91,14:52:27,10.6,-0.01,54,57240,卖盘
92,14:52:22,10.61,0.01,34,36074,买盘
93,14:52:17,10.6,--,141,149460,卖盘
94,14:52:12,10.6,--,142,150520,卖盘
95,14:52:07,10.6,--,131,138860,买盘
96,14:52:02,10.6,--,65,68900,买盘
97,14:51:57,10.6,--,24,25440,买盘
98,14:51:52,10.6,--,177,187620,买盘
99,14:51:47,10.6,0.01,11,11660,买盘
100,14:51:42,10.59,-0.01,186,196974,卖盘
101,14:51:37,10.6,--,132,139920,买盘
102,14:51:32,10.6,--,25,26500,买盘
103,14:51:27,10.6,--,285,302100,卖盘
104,14:51:22,10.6,-0.01,172,182320,卖盘
105,14:51:17,10.61,0.01,111,117771,买盘
106,14:51:12,10.6,--,120,127200,卖盘
107,14:51:07,10.6,-0.01,677,717620,卖盘
108,14:51:02,10.61,0.01,167,177187,买盘
109,14:50:57,10.6,-0.01,149,157940,卖盘
110,14:50:52,10.61,--,50,53050,买盘
111,14:50:47,10.61,0.01,66,70026,买盘
112,14:50:42,10.6,--,159,168540,卖盘
113,14:50:37,10.6,-0.01,97,102820,卖盘
114,14:50:32,10.61,0.01,36,38196,买盘
115,14:50:27,10.6,-0.01,60,63600,卖盘
116,14:50:22,10.61,--,141,149601,卖盘
117,14:50:17,10.61,-0.01,132,140052,卖盘
118,14:50:12,10.62,0.01,38,40356,买盘
119,14:50:07,10.61,--,265,281165,卖盘
120,14:50:02,10.61,-0.01,4,4244,卖盘
121,14:49:57,10.62,--,10,10620,买盘
122,14:49:52,10.62,--,236,250631,卖盘
123,14:49:47,10.62,-0.01,104,110447,卖盘
124,14:49:42,10.63,0.01,61,64843,买盘
125,14:49:37,10.62,--,81,86022,卖盘
126,14:49:32,10.62,-0.01,1,1062,卖盘
127,14:49:27,10.63,--,30,31890,卖盘
128,14:49:22,10.63,--,101,107363,卖盘
129,14:49:17,10.63,-0.01,23,24449,卖盘
130,14:49:12,10.64,0.01,13,13832,买盘
131,14:49:07,10.63,-0.01,30,31890,卖盘
132,14:48:57,10.64,--,114,121296,买盘
133,14:48:52,10.64,--,4,4256,卖盘
134,14:48:47,10.64,-0.01,36,38304,卖盘
135,14:48:42,10.65,0.01,77,82005,买盘
136,14:48:37,10.64,--,157,167048,卖盘
137,14:48:32,10.64,-0.01,151,160664,卖盘
138,14:48:27,10.65,--,12,12780,买盘
139,14:48:22,10.65,0.01,25,26625,买盘
140,14:48:17,10.64,--,10,10640,卖盘
141,14:48:12,10.64,-0.01,9,9576,卖盘
142,14:48:07,10.65,--,430,457950,卖盘
143,14:48:02,10.65,--,3,3195,卖盘
144,14:47:57,10.65,--,71,75615,卖盘
145,14:47:52,10.65,0.01,212,225780,买盘
146,14:47:47,10.64,-0.01,724,770336,卖盘
147,14:47:42,10.65,-0.01,23,24495,中性盘
148,14:47:37,10.66,0.02,13,13858,买盘
149,14:47:27,10.64,-0.01,38,40432,卖盘
150,14:47:22,10.65,--,12,12780,买盘
151,14:47:16,10.65,--,98,104370,卖盘
152,14:47:12,10.65,--,28,29820,卖盘
153,14:47:07,10.65,--,96,102240,卖盘
154,14:46:57,10.65,0.01,29,30885,买盘
155,14:46:51,10.64,--,130,138320,卖盘
156,14:46:46,10.64,--,134,142576,卖盘
157,14:46:41,10.64,--,20,21280,卖盘
158,14:46:36,10.64,--,32,34048,卖盘
159,14:46:31,10.64,--,31,32984,买盘
160,14:46:26,10.64,--,5,5320,买盘
161,14:46:21,10.64,--,21,22344,卖盘
162,14:46:16,10.64,-0.01,13,13832,中性盘
163,14:46:11,10.65,0.01,91,96915,买盘
164,14:46:06,10.64,--,53,56392,买盘
165,14:45:56,10.64,-0.01,60,63840,卖盘
166,14:45:51,10.65,0.01,38,40470,买盘
167,14:45:46,10.64,--,10,10640,卖盘
168,14:45:41,10.64,-0.01,3,3192,卖盘
169,14:45:36,10.65,--,31,33015,买盘
170,14:45:31,10.65,0.01,23,24495,买盘
171,14:45:26,10.64,--,12,12768,卖盘
172,14:45:21,10.64,--,128,136702,买盘
173,14:45:16,10.64,--,6,6384,买盘
174,14:45:06,10.64,--,66,70224,买盘
175,14:44:56,10.64,-0.01,135,144193,卖盘
176,14:44:51,10.65,--,2,2130,买盘
177,14:44:46,10.65,0.01,171,182115,买盘
178,14:44:41,10.64,--,48,51072,卖盘
179,14:44:36,10.64,--,4,4256,卖盘
180,14:44:26,10.64,-0.01,64,68606,卖盘
181,14:44:21,10.65,-0.01,10,10650,卖盘
182,14:44:16,10.66,0.01,60,63960,买盘
183,14:44:11,10.65,-0.01,38,40470,卖盘
184,14:44:06,10.66,--,121,128986,买盘
185,14:44:01,10.66,0.01,340,362440,买盘
186,14:43:51,10.65,--,30,31950,卖盘
187,14:43:46,10.65,-0.01,13,13845,卖盘
188,14:43:41,10.66,--,14,14924,买盘
189,14:43:36,10.66,--,61,65026,买盘
190,14:43:31,10.66,--,47,50102,买盘
191,14:43:26,10.66,--,11,11726,买盘
192,14:43:21,10.66,--,4,4264,卖盘
193,14:43:16,10.66,-0.01,30,31980,中性盘
194,14:43:11,10.67,0.01,120,128040,买盘
195,14:43:06,10.66,--,138,147108,买盘
196,14:43:01,10.66,-0.01,30,31980,卖盘
197,14:42:56,10.67,--,19,20273,买盘
198,14:42:51,10.67,--,531,566577,买盘
199,14:42:46,10.67,--,94,100298,买盘
200,14:42:41,10.67,0.01,14,14938,买盘
201,14:42:36,10.66,-0.02,132,141245,卖盘
202,14:42:31,10.68,--,49,52332,卖盘
203,14:42:26,10.68,0.01,107,114810,买盘
204,14:42:21,10.67,--,186,198462,卖盘
205,14:42:16,10.67,--,78,83226,卖盘
206,14:42:06,10.67,-0.01,28,29876,卖盘
207,14:42:01,10.68,0.01,20,21360,买盘
208,14:41:56,10.67,0.01,24,25608,买盘
209,14:41:51,10.66,--,36,38376,卖盘
210,14:41:46,10.66,--,3,3198,卖盘
211,14:41:36,10.66,0.01,750,799500,买盘
212,14:41:31,10.65,-0.01,17,18105,中性盘
213,14:41:26,10.66,--,95,101270,卖盘
214,14:41:21,10.66,0.01,425,453050,买盘
215,14:41:16,10.65,--,57,60705,买盘
216,14:41:11,10.65,--,0,0,买盘
217,14:41:06,10.65,0.01,59,62835,买盘
218,14:41:01,10.64,--,102,108528,买盘
219,14:40:51,10.64,0.01,1,1064,买盘
220,14:40:46,10.63,--,1,1063,买盘
221,14:40:31,10.63,0.01,20,21260,买盘
222,14:40:26,10.62,0.01,2,2124,买盘
223,14:40:16,10.61,--,10,10610,中性盘
224,14:40:11,10.61,0.01,3,3183,买盘
225,14:40:06,10.6,--,878,930680,买盘
226,14:40:01,10.6,--,90,95400,买盘
227,14:39:56,10.6,--,285,302100,买盘
228,14:39:51,10.6,--,70,74200,买盘
229,14:39:46,10.6,0.01,45,47700,买盘
230,14:39:36,10.59,--,15,15885,卖盘
231,14:39:31,10.59,--,7,7413,买盘
232,14:39:25,10.59,--,28,29652,买盘
233,14:39:21,10.59,--,174,184266,买盘
234,14:39:16,10.59,0.01,17,18003,买盘
235,14:39:11,10.58,--,10,10580,卖盘
236,14:39:05,10.58,--,7,7406,卖盘
237,14:39:01,10.58,--,29,30682,买盘
238,14:38:56,10.58,0.01,104,110032,买盘
239,14:38:50,10.57,-0.01,8,8456,卖盘
240,14:38:45,10.58,0.01,46,48668,买盘
241,14:38:40,10.57,--,76,80332,买盘
242,14:38:35,10.57,--,11,11627,买盘
243,14:38:31,10.57,--,89,94073,买盘
244,14:38:25,10.57,--,75,79275,买盘
245,14:38:20,10.57,0.01,2,2114,买盘
246,14:38:15,10.56,-0.01,141,148896,卖盘
247,14:38:10,10.57,--,43,45451,卖盘
248,14:38:05,10.57,0.01,86,90902,买盘
249,14:38:00,10.56,-0.01,18,19008,卖盘
250,14:37:55,10.57,--,66,69762,买盘
251,14:37:50,10.57,--,14,14798,买盘
252,14:37:45,10.57,0.01,22,23254,买盘
253,14:37:40,10.56,--,55,58080,卖盘
254,14:37:35,10.56,--,0,0,卖盘
255,14:37:30,10.56,--,23,24288,卖盘
256,14:37:25,10.56,-0.01,143,151008,卖盘
257,14:37:20,10.57,--,221,233597,买盘
258,14:37:15,10.57,0.01,60,63420,买盘
259,14:37:10,10.56,--,271,286176,卖盘
260,14:37:05,10.56,--,35,36960,卖盘
261,14:37:00,10.56,-0.01,18,19008,卖盘
262,14:36:55,10.57,--,145,153265,买盘
263,14:36:50,10.57,-0.01,139,146923,卖盘
264,14:36:40,10.58,0.01,58,61364,买盘
265,14:36:35,10.57,-0.02,96,101472,卖盘
266,14:36:30,10.59,--,14,14826,买盘
267,14:36:25,10.59,--,15,15885,买盘
268,14:36:20,10.59,--,37,39183,买盘
269,14:36:15,10.59,-0.01,1,1059,中性盘
270,14:36:10,10.6,--,22,23320,买盘
271,14:36:05,10.6,-0.02,58,61480,卖盘
272,14:36:00,10.62,0.02,669,710478,买盘
273,14:35:55,10.6,--,74,78440,卖盘
274,14:35:50,10.6,--,31,32860,卖盘
275,14:35:45,10.6,-0.01,96,101760,卖盘
276,14:35:40,10.61,0.01,428,454108,买盘
277,14:35:35,10.6,-0.01,558,591480,卖盘
278,14:35:30,10.61,--,237,251457,买盘
279,14:35:25,10.61,--,101,107161,买盘
280,14:35:20,10.61,--,20,21220,买盘
281,14:35:15,10.61,-0.01,338,358618,卖盘
282,14:35:10,10.62,--,16,16992,买盘
283,14:35:05,10.62,--,20,21240,买盘
284,14:35:00,10.62,--,58,61595,买盘
285,14:34:55,10.62,-0.01,55,58409,卖盘
286,14:34:50,10.63,--,1,1063,买盘
287,14:34:45,10.63,--,529,562327,买盘
288,14:34:40,10.63,--,19,20197,买盘
289,14:34:35,10.63,--,5,5315,买盘
290,14:34:30,10.63,--,6,6378,买盘
291,14:34:25,10.63,0.01,502,533626,买盘
292,14:34:20,10.62,-0.01,5,5310,卖盘
293,14:34:10,10.63,-0.01,413,439019,卖盘
294,14:34:05,10.64,0.01,1,1064,买盘
295,14:34:00,10.63,--,78,82914,卖盘
296,14:33:55,10.63,-0.01,47,49961,卖盘
297,14:33:50,10.64,--,35,37240,买盘
298,14:33:45,10.64,0.01,113,120232,买盘
299,14:33:40,10.63,--,20,21260,卖盘
300,14:33:30,10.63,--,3,3189,卖盘
301,14:33:25,10.63,--,0,0,中性盘
302,14:33:20,10.63,--,20,21260,买盘
303,14:33:15,10.63,0.01,31,32953,买盘
304,14:33:10,10.62,-0.01,54,57347,卖盘
305,14:33:05,10.63,--,10,10630,买盘
306,14:33:00,10.63,0.01,26,27638,买盘
307,14:32:55,10.62,-0.02,486,516131,卖盘
308,14:32:50,10.64,--,1,1064,买盘
309,14:32:45,10.64,0.01,9,9576,买盘
310,14:32:40,10.63,--,47,49961,中性盘
311,14:32:35,10.63,0.01,19,20197,卖盘
312,14:32:30,10.62,--,0,0,卖盘
313,14:32:25,10.62,-0.02,301,319662,卖盘
314,14:32:20,10.64,0.01,5,5320,买盘
315,14:32:14,10.63,0.01,87,92481,买盘
316,14:32:10,10.62,-0.01,17,18054,卖盘
317,14:32:05,10.63,--,133,141379,买盘
318,14:31:59,10.63,--,17,18071,买盘
319,14:31:55,10.63,--,141,149883,卖盘
320,14:31:50,10.63,--,55,58465,卖盘
321,14:31:44,10.63,--,2,2126,卖盘
322,14:31:35,10.63,--,82,87166,卖盘
323,14:31:29,10.63,-0.01,3,3189,卖盘
324,14:31:25,10.64,--,100,106400,买盘
325,14:31:20,10.64,0.01,2,2128,买盘
326,14:31:14,10.63,-0.01,12,12756,卖盘
327,14:31:10,10.64,--,120,127680,卖盘
328,14:31:05,10.64,--,119,126616,卖盘
329,14:30:59,10.64,-0.01,134,142576,卖盘
330,14:30:55,10.65,0.01,30,31950,买盘
331,14:30:50,10.64,-0.01,19,20216,卖盘
332,14:30:44,10.65,0.01,10,10650,买盘
333,14:30:40,10.64,-0.02,28,29792,卖盘
334,14:30:34,10.66,--,47,50102,买盘
335,14:30:29,10.66,0.01,53,56498,买盘
336,14:30:24,10.65,--,50,53250,买盘
337,14:30:19,10.65,-0.01,278,296070,卖盘
338,14:30:14,10.66,--,21,22386,买盘
339,14:30:09,10.66,--,53,56498,买盘
340,14:30:04,10.66,--,10,10660,买盘
341,14:29:54,10.66,--,265,282490,卖盘
342,14:29:49,10.66,--,25,26650,卖盘
343,14:29:44,10.66,--,20,21320,卖盘
344,14:29:39,10.66,--,158,168428,卖盘
345,14:29:34,10.66,--,44,46904,卖盘
346,14:29:29,10.66,-0.01,40,42640,卖盘
347,14:29:24,10.67,--,93,99231,买盘
348,14:29:19,10.67,--,10,10670,买盘
349,14:29:09,10.67,--,18,19206,卖盘
350,14:29:04,10.67,--,12,12804,卖盘
351,14:28:59,10.67,-0.01,31,33077,卖盘
352,14:28:54,10.68,0.01,11,11748,买盘
353,14:28:49,10.67,--,24,25608,卖盘
354,14:28:44,10.67,--,10,10670,卖盘
355,14:28:39,10.67,--,54,57618,卖盘
356,14:28:34,10.67,-0.01,66,70422,卖盘
357,14:28:19,10.68,--,387,413316,卖盘
358,14:28:14,10.68,--,40,42720,卖盘
359,14:28:09,10.68,--,14,14952,卖盘
360,14:28:04,10.68,--,24,25632,卖盘
361,14:27:59,10.68,--,5,5340,卖盘
362,14:27:54,10.68,--,50,53400,卖盘
363,14:27:39,10.68,-0.01,17,18262,卖盘
364,14:27:34,10.69,--,131,140039,卖盘
365,14:27:29,10.69,--,20,21380,卖盘
366,14:27:19,10.69,--,15,16035,卖盘
367,14:27:09,10.69,-0.01,26,27794,卖盘
368,14:27:04,10.7,--,20,21400,买盘
369,14:26:49,10.7,--,41,43870,卖盘
370,14:26:39,10.7,--,50,53500,卖盘
371,14:26:34,10.7,--,26,27819,卖盘
372,14:26:19,10.7,-0.01,20,21400,卖盘
373,14:26:09,10.71,0.01,2,2142,买盘
374,14:26:04,10.7,-0.02,5,5350,卖盘
375,14:25:59,10.72,0.02,22,23584,买盘
376,14:25:54,10.7,--,104,111279,卖盘
377,14:25:49,10.7,--,13,13909,卖盘
378,14:25:39,10.7,--,7,7489,卖盘
379,14:25:09,10.7,-0.02,3,3210,卖盘
380,14:24:54,10.72,--,1,1072,买盘
381,14:24:43,10.72,--,1,1072,买盘
382,14:24:38,10.72,0.02,30,32160,买盘
383,14:24:34,10.7,--,0,0,卖盘
384,14:24:29,10.7,--,50,53500,卖盘
385,14:24:14,10.7,--,16,17120,卖盘
386,14:24:04,10.7,--,27,28889,买盘
387,14:23:58,10.7,0.01,23,24610,买盘
388,14:23:53,10.69,--,500,534500,卖盘
389,14:23:49,10.69,-0.01,13,13897,卖盘
390,14:23:44,10.7,0.01,14,14979,买盘
391,14:23:38,10.69,--,25,26725,卖盘
392,14:23:29,10.69,-0.01,581,621089,卖盘
393,14:23:22,10.7,--,9,9630,卖盘
394,14:23:18,10.7,--,2,2140,卖盘
395,14:23:13,10.7,--,20,21400,卖盘
396,14:23:03,10.7,0.01,5,5350,买盘
397,14:22:58,10.69,--,2,2138,卖盘
398,14:22:53,10.69,-0.03,1000,1069000,卖盘
399,14:22:44,10.72,0.02,93,99696,买盘
400,14:22:37,10.7,--,13,13909,买盘
401,14:22:33,10.7,--,18,19260,买盘
402,14:22:28,10.7,0.01,31,33170,买盘
403,14:22:18,10.69,-0.01,15,16035,卖盘
404,14:22:03,10.7,--,53,56709,卖盘
405,14:21:48,10.7,--,10,10700,买盘
406,14:21:37,10.7,--,8,8560,买盘
407,14:21:28,10.7,--,12,12840,买盘
408,14:21:22,10.7,--,2,2140,买盘
409,14:21:03,10.7,--,142,151940,卖盘
410,14:20:58,10.7,--,12,12840,卖盘
411,14:20:43,10.7,0.01,20,21400,买盘
412,14:20:37,10.69,-0.01,2,2138,卖盘
413,14:20:33,10.7,--,1,1070,卖盘
414,14:20:28,10.7,-0.01,1,1070,中性盘
415,14:20:22,10.71,--,27,28917,买盘
416,14:20:18,10.71,--,19,20349,买盘
417,14:20:03,10.71,0.01,32,34272,买盘
418,14:19:58,10.7,-0.01,5,5350,卖盘
419,14:19:48,10.71,0.01,50,53550,买盘
420,14:19:43,10.7,--,46,49220,卖盘
421,14:19:33,10.7,--,8,8560,买盘
422,14:19:22,10.7,--,10,10700,买盘
423,14:19:18,10.7,-0.01,33,35310,卖盘
424,14:19:13,10.71,0.02,77,82467,买盘
425,14:19:03,10.69,--,0,0,卖盘
426,14:18:58,10.69,-0.01,13,13897,卖盘
427,14:18:52,10.7,--,6,6420,买盘
428,14:18:48,10.7,-0.01,6,6420,卖盘
429,14:18:43,10.71,0.02,1,1071,买盘
430,14:18:37,10.69,-0.01,82,87658,卖盘
431,14:18:28,10.7,--,40,42800,卖盘
432,14:18:13,10.7,--,12,12840,卖盘
433,14:18:07,10.7,--,267,285690,卖盘
434,14:17:58,10.7,--,80,85600,卖盘
435,14:17:48,10.7,--,1,1070,卖盘
436,14:17:43,10.7,-0.01,1,1070,卖盘
437,14:17:33,10.71,0.01,5,5355,买盘
438,14:17:22,10.7,--,23,24610,卖盘
439,14:17:07,10.7,--,39,42693,买盘
440,14:17:01,10.7,--,80,85600,买盘
441,14:16:43,10.7,0.01,1,1070,买盘
442,14:16:37,10.69,-0.01,80,85520,卖盘
443,14:16:31,10.7,--,15,16049,买盘
444,14:16:22,10.7,--,38,40660,买盘
445,14:16:13,10.7,--,20,21507,卖盘
446,14:16:07,10.7,--,20,22363,买盘
447,14:15:58,10.7,--,13,13909,买盘
448,14:15:52,10.7,--,18,19260,买盘
449,14:15:46,10.7,--,69,73937,卖盘
450,14:15:42,10.7,--,14,15942,卖盘
451,14:15:37,10.7,--,7,7489,卖盘
452,14:15:27,10.7,--,0,0,中性盘
453,14:15:22,10.7,-0.01,92,98440,卖盘
454,14:15:16,10.71,--,12,12852,买盘
455,14:15:12,10.71,--,20,21420,买盘
456,14:15:07,10.71,0.01,12,12852,买盘
457,14:15:01,10.7,-0.01,2,2140,卖盘
458,14:14:57,10.71,0.01,22,23562,买盘
459,14:14:52,10.7,--,4,4280,卖盘
460,14:14:42,10.7,-0.01,6,6420,卖盘
461,14:14:37,10.71,0.01,10,10710,买盘
462,14:14:31,10.7,0.01,15,16049,买盘
463,14:14:27,10.69,-0.01,24,25656,卖盘
464,14:14:22,10.7,--,3,3210,买盘
465,14:14:16,10.7,--,7,7489,买盘
466,14:14:12,10.7,-0.02,59,63129,卖盘
467,14:14:07,10.72,0.02,96,102912,买盘
468,14:14:01,10.7,--,0,0,卖盘
469,14:13:57,10.7,--,22,23540,卖盘
470,14:13:52,10.7,--,14,14979,卖盘
471,14:13:42,10.7,--,25,26750,卖盘
472,14:13:37,10.7,--,6,6420,卖盘
473,14:13:27,10.7,-0.02,16,17120,卖盘
474,14:13:22,10.72,--,24,25728,买盘
475,14:13:16,10.72,0.02,15,16080,买盘
476,14:13:12,10.7,--,10,10700,卖盘
477,14:13:07,10.7,--,12,12840,卖盘
478,14:12:57,10.7,--,137,146590,卖盘
479,14:12:52,10.7,--,7,7489,卖盘
480,14:12:46,10.7,--,12,12840,卖盘
481,14:12:42,10.7,-0.02,5,5350,卖盘
482,14:12:37,10.72,0.02,5,5360,买盘
483,14:12:31,10.7,--,0,0,卖盘
484,14:12:27,10.7,-0.02,58,62059,卖盘
485,14:12:22,10.72,--,10,10720,卖盘
486,14:12:16,10.72,0.01,39,41808,买盘
487,14:12:12,10.71,-0.01,315,337365,卖盘
488,14:12:07,10.72,--,5,5360,买盘
489,14:11:52,10.72,--,25,26800,买盘
490,14:11:46,10.72,--,8,8576,卖盘
491,14:11:42,10.72,--,312,334464,卖盘
492,14:11:37,10.72,--,5,5360,卖盘
493,14:11:27,10.72,--,55,58960,买盘
494,14:11:12,10.72,--,9,9648,买盘
495,14:11:07,10.72,-0.02,64,68608,卖盘
496,14:10:52,10.74,-0.01,48,51552,卖盘
497,14:10:46,10.75,0.01,43,46225,买盘
498,14:10:42,10.74,--,509,546666,卖盘
499,14:10:37,10.74,--,6,6444,卖盘
500,14:10:27,10.74,--,188,201912,卖盘
501,14:10:12,10.74,--,57,61218,卖盘
502,14:10:07,10.74,--,5,5370,卖盘
503,14:10:01,10.74,0.01,188,201912,买盘
504,14:09:55,10.73,--,5,5365,买盘
505,14:09:52,10.73,--,1,1073,卖盘
506,14:09:46,10.73,-0.01,100,107300,卖盘
507,14:09:37,10.74,--,31,33294,买盘
508,14:09:31,10.74,--,106,113844,卖盘
509,14:09:25,10.74,--,2,2148,卖盘
510,14:09:22,10.74,-0.01,3,3222,卖盘
511,14:09:16,10.75,--,27,29025,买盘
512,14:09:07,10.75,--,1,1075,买盘
513,14:09:01,10.75,0.01,84,90300,买盘
514,14:08:52,10.74,--,200,214800,卖盘
515,14:08:46,10.74,--,6,6444,卖盘
516,14:08:40,10.74,-0.01,11,11814,卖盘
517,14:08:37,10.75,0.01,7,7525,买盘
518,14:08:31,10.74,--,100,107400,买盘
519,14:08:22,10.74,--,72,77328,卖盘
520,14:08:10,10.74,0.01,21,22554,买盘
521,14:08:06,10.73,--,25,26825,卖盘
522,14:08:01,10.73,--,5,5365,卖盘
523,14:07:55,10.73,-0.01,51,54723,卖盘
524,14:07:51,10.74,0.01,37,39738,买盘
525,14:07:46,10.73,--,5,5365,卖盘
526,14:07:40,10.73,-0.01,5,5365,卖盘
527,14:07:36,10.74,0.01,138,148212,买盘
528,14:07:31,10.73,--,150,160950,卖盘
529,14:07:25,10.73,--,25,26825,卖盘
530,14:07:16,10.73,--,10,10730,卖盘
531,14:07:10,10.73,--,1,1073,卖盘
532,14:07:06,10.73,--,10,10730,卖盘
533,14:07:01,10.73,--,34,36482,买盘
534,14:06:46,10.73,0.02,60,64380,买盘
535,14:06:36,10.71,--,8,8568,卖盘
536,14:06:31,10.71,--,0,0,卖盘
537,14:06:21,10.71,--,12,12852,卖盘
538,14:06:06,10.71,0.01,97,103887,买盘
539,14:06:01,10.7,--,9,9630,卖盘
540,14:05:55,10.7,--,55,58849,买盘
541,14:05:51,10.7,0.01,530,567100,买盘
542,14:05:46,10.69,-0.01,57,60933,卖盘
543,14:05:36,10.7,--,173,185110,买盘
544,14:05:31,10.7,0.01,10,10700,买盘
545,14:05:21,10.69,--,322,344218,卖盘
546,14:05:06,10.69,--,31,33139,买盘
547,14:05:01,10.69,--,5,5345,买盘
548,14:04:51,10.69,--,11,11759,买盘
549,14:04:46,10.69,-0.01,63,67347,卖盘
550,14:04:36,10.7,0.01,3,3210,买盘
551,14:04:31,10.69,-0.01,6,6414,卖盘
552,14:04:25,10.7,--,5,5350,买盘
553,14:04:21,10.7,--,440,470799,买盘
554,14:04:16,10.7,-0.01,88,94160,卖盘
555,14:04:10,10.71,--,5,5355,买盘
556,14:04:06,10.71,--,22,23562,买盘
557,14:04:01,10.71,-0.01,101,108171,卖盘
558,14:03:55,10.72,-0.02,6,6432,买盘
559,14:03:51,10.74,0.02,91,97734,买盘
560,14:03:45,10.72,-0.01,5,5360,卖盘
561,14:03:31,10.73,-0.01,22,24142,卖盘
562,14:03:25,10.74,--,7,7518,买盘
563,14:03:20,10.74,--,5,5370,买盘
564,14:03:15,10.74,-0.01,57,61218,卖盘
565,14:03:10,10.75,--,13,13975,买盘
566,14:03:00,10.75,--,31,33325,买盘
567,14:02:45,10.75,-0.01,15,16125,卖盘
568,14:02:34,10.76,--,1,1076,买盘
569,14:02:25,10.76,--,160,172429,卖盘
570,14:02:19,10.76,--,5,5380,卖盘
571,14:02:15,10.76,0.02,345,372027,买盘
572,14:02:10,10.74,-0.01,30,32220,卖盘
573,14:02:04,10.75,--,17,18275,买盘
574,14:01:55,10.75,--,195,209625,买盘
575,14:01:49,10.75,--,81,87075,买盘
576,14:01:45,10.75,-0.01,640,688000,卖盘
577,14:01:40,10.76,-0.01,99,106524,卖盘
578,14:01:30,10.77,--,225,242325,买盘
579,14:01:25,10.77,--,45,48465,买盘
580,14:01:19,10.77,--,5,5385,卖盘
581,14:01:15,10.77,-0.01,5,5385,中性盘
582,14:01:10,10.78,0.01,210,226380,买盘
583,14:01:04,10.77,--,3,3231,买盘
584,14:01:00,10.77,--,117,126009,买盘
585,14:00:55,10.77,-0.01,63,67851,中性盘
586,14:00:49,10.78,0.01,554,597481,买盘
587,14:00:45,10.77,-0.01,14,15078,卖盘
588,14:00:40,10.78,0.01,91,98098,买盘
589,14:00:34,10.77,-0.01,201,216477,卖盘
590,14:00:30,10.78,--,53,57134,买盘
591,14:00:25,10.78,0.01,221,238238,买盘
592,14:00:15,10.77,--,20,21540,卖盘
593,14:00:10,10.77,-0.01,63,68658,卖盘
594,14:00:04,10.78,0.01,167,180026,买盘
595,14:00:00,10.77,--,58,62466,买盘
596,13:59:55,10.77,--,119,128163,买盘
597,13:59:49,10.77,--,23,24771,买盘
598,13:59:45,10.77,--,54,58158,卖盘
599,13:59:40,10.77,--,35,37695,买盘
600,13:59:34,10.77,--,123,132471,买盘
601,13:59:30,10.77,--,20,21540,买盘
602,13:59:25,10.77,--,0,0,买盘
603,13:59:15,10.77,0.03,148,159396,买盘
604,13:59:04,10.74,-0.01,66,70884,卖盘
605,13:59:00,10.75,0.01,213,228975,买盘
606,13:58:55,10.74,--,26,27924,买盘
607,13:58:49,10.74,0.01,14,15036,买盘
608,13:58:45,10.73,--,5,5365,卖盘
609,13:58:40,10.73,-0.02,1,1073,卖盘
610,13:58:34,10.75,0.02,314,338087,买盘
611,13:58:30,10.73,--,12,12876,买盘
612,13:58:25,10.73,--,28,30580,卖盘
613,13:58:19,10.73,--,36,39164,买盘
614,13:58:15,10.73,--,55,59015,买盘
615,13:58:10,10.73,--,61,65453,买盘
616,13:58:00,10.73,0.01,2,2146,买盘
617,13:57:55,10.72,--,654,701088,卖盘
618,13:57:49,10.72,-0.01,1,1072,卖盘
619,13:57:45,10.73,--,17,18241,买盘
620,13:57:40,10.73,0.01,80,85840,买盘
621,13:57:25,10.72,0.01,397,425584,买盘
622,13:57:10,10.71,--,10,10710,卖盘
623,13:57:00,10.71,--,11,11781,卖盘
624,13:56:55,10.71,0.01,10,10710,买盘
625,13:56:49,10.7,--,0,0,中性盘
626,13:56:45,10.7,--,0,0,卖盘
627,13:56:40,10.7,-0.01,3,3210,卖盘
628,13:56:30,10.71,0.02,45,48195,买盘
629,13:56:19,10.69,0.01,7,7483,买盘
630,13:56:15,10.68,-0.01,25,26700,卖盘
631,13:56:09,10.69,--,10,10690,买盘
632,13:56:04,10.69,0.01,12,12828,买盘
633,13:56:00,10.68,-0.02,10,10680,卖盘
634,13:55:54,10.7,0.02,5,5350,买盘
635,13:55:49,10.68,-0.01,326,348168,卖盘
636,13:55:44,10.69,--,5,5345,卖盘
637,13:55:39,10.69,--,40,42760,卖盘
638,13:55:19,10.69,--,0,0,中性盘
639,13:55:09,10.69,-0.01,1,1069,买盘
640,13:55:04,10.7,--,0,0,买盘
641,13:54:58,10.7,--,652,697640,买盘
642,13:54:49,10.7,0.02,70,74900,买盘
643,13:54:39,10.68,-0.02,10,10680,卖盘
644,13:54:28,10.7,0.02,1,1070,买盘
645,13:54:24,10.68,-0.01,36,38448,卖盘
646,13:54:19,10.69,--,80,85520,买盘
647,13:54:13,10.69,--,24,25656,买盘
648,13:54:09,10.69,0.01,2,2138,买盘
649,13:54:04,10.68,-0.01,41,43788,卖盘
650,13:53:58,10.69,0.01,42,44898,买盘
651,13:53:54,10.68,--,19,20292,卖盘
652,13:53:49,10.68,--,36,38448,卖盘
653,13:53:28,10.68,--,15,16020,卖盘
654,13:53:24,10.68,--,12,12816,卖盘
655,13:53:19,10.68,--,20,21360,卖盘
656,13:53:09,10.68,--,113,120684,卖盘
657,13:53:04,10.68,-0.01,69,73692,卖盘
658,13:52:34,10.69,-0.01,1,1069,卖盘
659,13:52:28,10.7,0.02,10,10700,买盘
660,13:52:24,10.68,--,0,0,卖盘
661,13:52:19,10.68,-0.01,60,64080,卖盘
662,13:52:13,10.69,--,6,6414,卖盘
663,13:52:09,10.69,--,33,35277,买盘
664,13:52:04,10.69,0.01,50,53450,买盘
665,13:51:54,10.68,--,10,10680,卖盘
666,13:51:49,10.68,-0.01,20,21360,卖盘
667,13:51:43,10.69,--,10,10690,买盘
668,13:51:39,10.69,--,121,129349,卖盘
669,13:51:34,10.69,--,17,18173,卖盘
670,13:51:24,10.69,--,20,21380,卖盘
671,13:51:19,10.69,-0.01,10,10690,卖盘
672,13:51:09,10.7,--,12,12840,买盘
673,13:50:58,10.7,--,497,531790,卖盘
674,13:50:54,10.7,--,117,125189,卖盘
675,13:50:49,10.7,--,3,3210,卖盘
676,13:50:34,10.7,--,20,21400,卖盘
677,13:50:28,10.7,--,46,49220,卖盘
678,13:50:24,10.7,--,59,63129,卖盘
679,13:50:19,10.7,--,25,26750,买盘
680,13:50:13,10.7,--,25,26750,卖盘
681,13:50:09,10.7,--,0,0,卖盘
682,13:50:04,10.7,-0.03,12,12840,中性盘
683,13:49:58,10.73,0.03,337,361601,买盘
684,13:49:54,10.7,--,10,10700,买盘
685,13:49:49,10.7,-0.02,358,383595,卖盘
686,13:49:43,10.72,0.02,495,531176,买盘
687,13:49:39,10.7,--,27,28889,卖盘
688,13:49:28,10.7,-0.01,1,1070,卖盘
689,13:49:24,10.71,--,367,393057,卖盘
690,13:49:19,10.71,--,30,32130,卖盘
691,13:49:09,10.71,--,26,27846,卖盘
692,13:49:04,10.71,--,60,64260,卖盘
693,13:48:58,10.71,-0.01,5,5355,卖盘
694,13:48:49,10.72,0.01,16,17152,买盘
695,13:48:43,10.71,-0.01,10,10710,卖盘
696,13:48:39,10.72,--,6,6432,买盘
697,13:48:34,10.72,0.01,10,10720,买盘
698,13:48:28,10.71,-0.01,30,32130,卖盘
699,13:48:24,10.72,--,11,11792,买盘
700,13:48:19,10.72,0.01,135,144720,买盘
701,13:48:09,10.71,--,61,65331,卖盘
702,13:48:04,10.71,--,11,11781,卖盘
703,13:47:58,10.71,0.01,301,322371,买盘
704,13:47:54,10.7,--,62,66340,卖盘
705,13:47:49,10.7,--,7,7489,卖盘
706,13:47:39,10.7,--,9,9630,卖盘
707,13:47:34,10.7,--,10,10700,卖盘
708,13:47:24,10.7,--,48,51360,卖盘
709,13:47:18,10.7,--,12,12840,卖盘
710,13:47:13,10.7,--,15,16049,卖盘
711,13:47:03,10.7,0.01,686,734020,买盘
712,13:46:58,10.69,-0.01,48,51312,卖盘
713,13:46:54,10.7,0.01,35,37450,买盘
714,13:46:48,10.69,--,10,10690,卖盘
715,13:46:43,10.69,--,45,48105,卖盘
716,13:46:37,10.69,-0.01,14,14966,卖盘
717,13:46:33,10.7,--,8,8560,买盘
718,13:46:28,10.7,--,151,161570,买盘
719,13:46:22,10.7,0.01,8,8560,买盘
720,13:46:18,10.69,-0.01,8,8552,卖盘
721,13:46:13,10.7,0.01,15,16049,买盘
722,13:46:07,10.69,-0.01,48,51312,卖盘
723,13:46:03,10.7,--,15,16049,买盘
724,13:45:58,10.7,--,31,33170,买盘
725,13:45:52,10.7,--,1,1070,买盘
726,13:45:48,10.7,--,640,684800,卖盘
727,13:45:43,10.7,-0.01,12,12840,卖盘
728,13:45:37,10.71,0.01,79,84609,买盘
729,13:45:33,10.7,--,9,9630,卖盘
730,13:45:28,10.7,--,352,376640,买盘
731,13:45:22,10.7,--,30,32099,买盘
732,13:45:18,10.7,--,96,102720,买盘
733,13:45:13,10.7,--,159,170130,卖盘
734,13:45:07,10.7,--,506,541420,卖盘
735,13:44:52,10.7,--,10,10700,买盘
736,13:44:48,10.7,--,668,714760,买盘
737,13:44:37,10.7,0.01,10,10700,买盘
738,13:44:33,10.69,--,22,23518,卖盘
739,13:44:28,10.69,-0.01,40,42760,卖盘
740,13:44:22,10.7,0.01,10,10700,买盘
741,13:44:18,10.69,-0.01,15,16035,卖盘
742,13:44:13,10.7,0.01,66,70620,买盘
743,13:44:03,10.69,--,241,257629,卖盘
744,13:43:58,10.69,--,25,26725,卖盘
745,13:43:52,10.69,-0.01,90,96210,卖盘
746,13:43:48,10.7,0.01,40,42800,买盘
747,13:43:43,10.69,-0.01,252,269388,卖盘
748,13:43:33,10.7,0.01,8,8560,买盘
749,13:43:28,10.69,-0.01,6,6414,卖盘
750,13:43:22,10.7,0.01,6,6420,买盘
751,13:43:07,10.69,-0.01,4,4276,卖盘
752,13:43:03,10.7,0.01,10,10700,买盘
753,13:42:58,10.69,--,10,10690,卖盘
754,13:42:43,10.69,--,298,318562,买盘
755,13:42:37,10.69,--,10,10690,买盘
756,13:42:33,10.69,0.01,217,231973,买盘
757,13:42:28,10.68,-0.01,12,12816,卖盘
758,13:42:22,10.69,--,3,3207,买盘
759,13:42:18,10.69,0.01,32,34208,买盘
760,13:42:13,10.68,--,311,332148,买盘
761,13:42:03,10.68,--,10,10680,买盘
762,13:41:58,10.68,-0.01,60,64080,卖盘
763,13:41:48,10.69,--,24,25656,买盘
764,13:41:43,10.69,--,0,0,买盘
765,13:41:37,10.69,0.01,62,66278,买盘
766,13:41:33,10.68,--,306,326808,卖盘
767,13:41:28,10.68,-0.01,30,32040,卖盘
768,13:41:18,10.69,0.01,104,111176,买盘
769,13:41:13,10.68,--,50,53400,卖盘
770,13:41:07,10.68,--,6,6408,卖盘
771,13:41:03,10.68,-0.01,35,37380,卖盘
772,13:40:52,10.69,--,30,32070,买盘
773,13:40:48,10.69,--,3,3207,买盘
774,13:40:43,10.69,0.01,101,107969,买盘
775,13:40:37,10.68,--,20,21360,卖盘
776,13:40:28,10.68,0.01,352,375936,买盘
777,13:40:22,10.67,0.01,1,1067,买盘
778,13:40:18,10.66,--,23,24518,卖盘
779,13:40:13,10.66,--,30,31980,卖盘
780,13:40:07,10.66,--,5,5330,卖盘
781,13:39:58,10.66,--,10,10660,卖盘
782,13:39:52,10.66,0.01,10,10660,买盘
783,13:39:47,10.65,-0.01,5,5325,卖盘
784,13:39:43,10.66,--,22,23452,卖盘
785,13:39:37,10.66,--,5,5330,卖盘
786,13:39:27,10.66,--,11,11726,卖盘
787,13:39:22,10.66,--,5,5330,卖盘
788,13:39:18,10.66,--,33,35178,买盘
789,13:39:12,10.66,--,2,2132,买盘
790,13:39:07,10.66,0.01,20,21320,买盘
791,13:38:58,10.65,--,110,117150,卖盘
792,13:38:52,10.65,-0.01,72,76680,卖盘
793,13:38:37,10.66,--,8,8528,买盘
794,13:38:27,10.66,--,10,10660,买盘
795,13:38:22,10.66,--,12,12792,卖盘
796,13:38:16,10.66,-0.01,14,14924,卖盘
797,13:38:12,10.67,0.02,52,55484,买盘
798,13:38:07,10.65,-0.01,1,1597,卖盘
799,13:37:57,10.66,--,54,57564,卖盘
800,13:37:52,10.66,0.01,5,5330,中性盘
801,13:37:46,10.65,--,5,5325,卖盘
802,13:37:42,10.65,-0.01,6,6390,卖盘
803,13:37:37,10.66,--,9,9732,买盘
804,13:37:27,10.66,0.01,11,11726,买盘
805,13:37:22,10.65,--,73,77745,卖盘
806,13:37:16,10.65,-0.01,44,46860,卖盘
807,13:37:12,10.66,0.01,28,29848,买盘
808,13:37:07,10.65,-0.01,20,21300,卖盘
809,13:36:57,10.66,--,49,53161,卖盘
810,13:36:52,10.66,--,13,13858,卖盘
811,13:36:42,10.66,--,9,9594,卖盘
812,13:36:36,10.66,--,6,6396,卖盘
813,13:36:31,10.66,--,20,21320,卖盘
814,13:36:27,10.66,-0.01,9,9594,卖盘
815,13:36:22,10.67,0.01,48,51354,买盘
816,13:36:12,10.66,--,8,8528,卖盘
817,13:36:07,10.66,-0.01,52,55432,卖盘
818,13:36:00,10.67,0.01,10,10670,买盘
819,13:35:57,10.66,-0.01,19,20254,卖盘
820,13:35:52,10.67,--,66,70422,卖盘
821,13:35:46,10.67,--,5,5335,卖盘
822,13:35:42,10.67,-0.01,129,137643,卖盘
823,13:35:37,10.68,0.01,19,20292,买盘
824,13:35:27,10.67,-0.01,5,5335,卖盘
825,13:35:22,10.68,-0.01,40,42720,卖盘
826,13:35:12,10.69,--,144,153936,买盘
827,13:35:07,10.69,0.01,3,3207,买盘
828,13:35:01,10.68,--,4,4272,卖盘
829,13:34:57,10.68,0.02,208,222144,买盘
830,13:34:52,10.66,-0.02,22,23452,卖盘
831,13:34:42,10.68,--,30,32040,买盘
832,13:34:36,10.68,0.01,17,18156,买盘
833,13:34:27,10.67,--,55,58685,卖盘
834,13:34:22,10.67,--,10,10670,卖盘
835,13:34:06,10.67,0.01,21,22407,买盘
836,13:33:57,10.66,-0.01,21,22386,卖盘
837,13:33:52,10.67,--,4,4268,买盘
838,13:33:42,10.67,--,22,23474,买盘
839,13:33:37,10.67,0.01,19,20273,买盘
840,13:33:30,10.66,--,15,15990,卖盘
841,13:33:27,10.66,--,21,22386,卖盘
842,13:33:07,10.66,--,5,5330,卖盘
843,13:33:00,10.66,--,20,21320,卖盘
844,13:32:57,10.66,--,30,31980,卖盘
845,13:32:51,10.66,--,2,2132,卖盘
846,13:32:45,10.66,--,27,28782,卖盘
847,13:32:31,10.66,--,74,79065,买盘
848,13:32:26,10.66,--,4,4264,买盘
849,13:32:21,10.66,--,35,37310,买盘
850,13:32:15,10.66,--,37,39442,买盘
851,13:32:12,10.66,--,5,5330,买盘
852,13:32:06,10.66,--,11,11726,买盘
853,13:32:00,10.66,--,18,19188,买盘
854,13:31:57,10.66,-0.01,125,133250,卖盘
855,13:31:52,10.67,--,31,33077,买盘
856,13:31:42,10.67,--,75,80025,买盘
857,13:31:36,10.67,--,32,34144,买盘
858,13:31:31,10.67,-0.01,10,11555,卖盘
859,13:31:26,10.68,0.01,9,9612,买盘
860,13:31:21,10.67,--,38,40546,卖盘
861,13:31:15,10.67,-0.01,20,21340,卖盘
862,13:31:11,10.68,0.01,35,37561,买盘
863,13:31:06,10.67,--,31,33077,买盘
864,13:31:00,10.67,-0.01,12,12804,卖盘
865,13:30:56,10.68,--,49,52332,买盘
866,13:30:51,10.68,--,18,19224,买盘
867,13:30:45,10.68,--,8,8544,买盘
868,13:30:36,10.68,--,33,35244,卖盘
869,13:30:30,10.68,--,37,39516,卖盘
870,13:30:26,10.68,0.02,257,274476,买盘
871,13:30:21,10.66,-0.01,116,123656,卖盘
872,13:30:15,10.67,--,21,22407,买盘
873,13:30:06,10.67,-0.01,19,20273,卖盘
874,13:30:00,10.68,0.01,5,5340,买盘
875,13:29:51,10.67,-0.01,7,7469,中性盘
876,13:29:45,10.68,0.02,52,55536,买盘
877,13:29:41,10.66,0.01,3,3198,卖盘
878,13:29:36,10.65,-0.01,40,42600,卖盘
879,13:29:30,10.66,--,5,5330,买盘
880,13:29:24,10.66,--,20,21320,买盘
881,13:29:21,10.66,--,22,23452,买盘
882,13:29:15,10.66,0.01,2,2132,买盘
883,13:29:06,10.65,-0.01,20,21300,卖盘
884,13:29:00,10.66,-0.02,11,11726,中性盘
885,13:28:54,10.68,0.04,1,1068,买盘
886,13:28:51,10.64,-0.04,7,7448,卖盘
887,13:28:45,10.68,0.04,143,152724,买盘
888,13:28:39,10.64,--,3,3192,买盘
889,13:28:36,10.64,--,23,24472,买盘
890,13:28:30,10.64,--,33,35112,买盘
891,13:28:24,10.64,--,24,25536,买盘
892,13:28:21,10.64,-0.01,245,260680,卖盘
893,13:28:15,10.65,-0.04,151,160815,卖盘
894,13:28:09,10.69,--,23,24587,买盘
895,13:28:06,10.69,0.01,285,304665,买盘
896,13:28:00,10.68,--,22,23496,卖盘
897,13:27:54,10.68,--,40,42720,卖盘
898,13:27:51,10.68,0.03,358,382344,买盘
899,13:27:45,10.65,-0.01,388,413220,卖盘
900,13:27:39,10.66,--,200,213200,卖盘
901,13:27:36,10.66,0.01,198,211068,买盘
902,13:27:30,10.65,--,370,394050,卖盘
903,13:27:24,10.65,-0.01,505,537825,卖盘
904,13:27:21,10.66,0.01,10,10660,买盘
905,13:27:15,10.65,--,28,29820,卖盘
906,13:27:09,10.65,--,5,5325,卖盘
907,13:27:06,10.65,--,10,10650,卖盘
908,13:26:51,10.65,--,30,31950,卖盘
909,13:26:45,10.65,0.01,335,356775,买盘
910,13:26:39,10.64,--,40,42560,买盘
911,13:26:36,10.64,--,10,10640,买盘
912,13:26:30,10.64,--,80,85120,卖盘
913,13:26:24,10.64,--,5,5320,卖盘
914,13:26:21,10.64,-0.01,10,10640,卖盘
915,13:26:15,10.65,0.01,501,533565,买盘
916,13:26:06,10.64,--,337,358568,买盘
917,13:25:54,10.64,--,37,39368,买盘
918,13:25:51,10.64,--,1,1064,买盘
919,13:25:45,10.64,0.01,17,18088,买盘
920,13:25:39,10.63,--,11,11693,卖盘
921,13:25:36,10.63,-0.01,10,10630,卖盘
922,13:25:30,10.64,0.01,12,12768,买盘
923,13:25:24,10.63,-0.01,65,69095,卖盘
924,13:25:21,10.64,0.01,5,5320,买盘
925,13:25:15,10.63,-0.01,12,12756,卖盘
926,13:25:00,10.64,0.01,47,50008,买盘
927,13:24:45,10.63,-0.01,41,43583,卖盘
928,13:24:39,10.64,--,1,1064,买盘
929,13:24:36,10.64,--,37,39368,买盘
930,13:24:30,10.64,--,4,4256,买盘
931,13:24:24,10.64,--,23,24472,买盘
932,13:24:21,10.64,-0.01,239,254296,卖盘
933,13:24:15,10.65,-0.01,38,40470,卖盘
934,13:24:09,10.66,0.01,59,62894,买盘
935,13:24:00,10.65,-0.01,16,17040,卖盘
936,13:23:54,10.66,0.02,453,482898,买盘
937,13:23:50,10.64,-0.01,252,268128,卖盘
938,13:23:45,10.65,-0.01,204,217260,卖盘
939,13:23:39,10.66,0.01,74,78884,买盘
940,13:23:35,10.65,--,32,34080,卖盘
941,13:23:30,10.65,-0.01,181,192765,卖盘
942,13:23:24,10.66,0.02,271,288886,买盘
943,13:23:15,10.64,-0.01,264,280896,卖盘
944,13:23:09,10.65,0.01,93,99045,买盘
945,13:23:00,10.64,--,12,12768,卖盘
946,13:22:54,10.64,0.02,404,429856,买盘
947,13:22:45,10.62,--,10,10620,卖盘
948,13:22:39,10.62,--,7,7433,卖盘
949,13:22:30,10.62,--,11,12467,买盘
950,13:22:20,10.62,--,2,2124,买盘
951,13:22:15,10.62,--,172,182664,买盘
952,13:22:05,10.62,--,1,1062,买盘
953,13:22:00,10.62,--,1,1062,买盘
954,13:21:54,10.62,--,2,2124,买盘
955,13:21:45,10.62,0.01,14,14867,买盘
956,13:21:33,10.61,--,31,32891,卖盘
957,13:21:30,10.61,--,16,16976,卖盘
958,13:21:15,10.61,-0.01,20,21220,中性盘
959,13:21:09,10.62,0.01,30,31859,买盘
960,13:21:03,10.61,--,10,10610,买盘
961,13:21:00,10.61,--,82,87002,卖盘
962,13:20:54,10.61,-0.01,23,24403,卖盘
963,13:20:48,10.62,0.01,5,5310,买盘
964,13:20:39,10.61,--,14,14854,买盘
965,13:20:33,10.61,-0.01,2,2122,买盘
966,13:20:30,10.62,0.01,50,53099,买盘
967,13:20:24,10.61,--,36,38196,卖盘
968,13:20:18,10.61,--,2,2122,卖盘
969,13:20:15,10.61,--,35,37135,卖盘
970,13:20:09,10.61,--,35,37135,卖盘
971,13:20:03,10.61,--,45,47745,卖盘
972,13:19:54,10.61,--,5,5305,卖盘
973,13:19:48,10.61,--,11,11671,买盘
974,13:19:39,10.61,--,1,1061,买盘
975,13:19:33,10.61,-0.01,3,3183,卖盘
976,13:19:15,10.62,0.02,13,13805,买盘
977,13:19:09,10.6,-0.01,113,119780,卖盘
978,13:19:00,10.61,-0.01,10,10610,卖盘
979,13:18:54,10.62,0.02,5,5310,买盘
980,13:18:45,10.6,--,0,0,卖盘
981,13:18:39,10.6,-0.01,79,83740,卖盘
982,13:18:33,10.61,--,23,24403,买盘
983,13:18:30,10.61,--,52,55172,卖盘
984,13:18:24,10.61,-0.01,36,38196,卖盘
985,13:18:15,10.62,0.01,16,16992,买盘
986,13:18:09,10.61,-0.01,20,21220,卖盘
987,13:18:03,10.62,0.01,13,13805,买盘
988,13:18:00,10.61,-0.01,20,21220,卖盘
989,13:17:48,10.62,--,10,10620,买盘
990,13:17:45,10.62,--,0,0,买盘
991,13:17:39,10.62,0.01,10,10620,买盘
992,13:17:33,10.61,-0.01,8,8488,中性盘
993,13:17:24,10.62,0.02,34,36108,买盘
994,13:17:18,10.6,-0.01,53,56180,卖盘
995,13:17:09,10.61,--,5,5305,买盘
996,13:17:03,10.61,--,17,18037,卖盘
997,13:16:54,10.61,--,133,141113,卖盘
998,13:16:48,10.61,-0.01,13,13793,卖盘
999,13:16:45,10.62,0.01,4,4248,买盘
1000,13:16:39,10.61,--,3,3183,卖盘
1001,13:16:33,10.61,--,22,23342,中性盘
1002,13:16:30,10.61,--,19,20159,买盘
1003,13:16:24,10.61,--,5,5305,买盘
1004,13:16:18,10.61,-0.01,5,5305,中性盘
1005,13:16:14,10.62,--,75,79650,买盘
1006,13:16:09,10.62,--,71,75402,买盘
1007,13:16:03,10.62,--,22,23364,买盘
1008,13:15:59,10.62,--,5,5310,买盘
1009,13:15:54,10.62,0.01,34,36108,买盘
1010,13:15:48,10.61,-0.01,107,113664,卖盘
1011,13:15:44,10.62,--,20,21240,买盘
1012,13:15:39,10.62,--,96,102090,卖盘
1013,13:15:33,10.62,-0.01,20,22163,卖盘
1014,13:15:29,10.63,--,128,136064,买盘
1015,13:15:24,10.63,--,6,6378,买盘
1016,13:15:18,10.63,--,29,30827,买盘
1017,13:15:09,10.63,-0.01,160,170080,卖盘
1018,13:15:03,10.64,0.01,21,22344,买盘
1019,13:14:54,10.63,--,204,216852,卖盘
1020,13:14:48,10.63,0.01,398,423074,买盘
1021,13:14:44,10.62,-0.01,38,40356,卖盘
1022,13:14:33,10.63,0.01,42,44646,买盘
1023,13:14:24,10.62,--,133,141246,买盘
1024,13:14:14,10.62,--,10,10620,买盘
1025,13:14:09,10.62,--,12,12743,买盘
1026,13:14:03,10.62,0.01,9,9558,买盘
1027,13:13:48,10.61,0.01,25,27448,买盘
1028,13:13:44,10.6,--,8,8480,买盘
1029,13:13:39,10.6,--,48,50880,买盘
1030,13:13:33,10.6,--,20,21337,卖盘
1031,13:13:29,10.6,--,152,162042,买盘
1032,13:13:24,10.6,--,18,19080,买盘
1033,13:13:18,10.6,-0.01,108,114617,卖盘
1034,13:13:12,10.61,--,7,7427,买盘
1035,13:13:09,10.61,0.01,3,3183,买盘
1036,13:12:59,10.6,--,0,0,卖盘
1037,13:12:54,10.6,--,20,22122,买盘
1038,13:12:48,10.6,--,136,144160,买盘
1039,13:12:42,10.6,--,1,1060,买盘
1040,13:12:39,10.6,--,56,59360,买盘
1041,13:12:33,10.6,--,83,87980,买盘
1042,13:12:27,10.6,--,10,10600,买盘
1043,13:12:24,10.6,--,730,773800,买盘
1044,13:12:18,10.6,--,45,47700,买盘
1045,13:12:12,10.6,--,7,7420,买盘
1046,13:12:09,10.6,--,271,287260,买盘
1047,13:12:03,10.6,0.01,2,2120,买盘
1048,13:11:48,10.59,0.01,287,304589,买盘
1049,13:11:39,10.58,--,13,13754,卖盘
1050,13:11:33,10.58,--,69,73002,买盘
1051,13:11:18,10.58,--,3,3174,买盘
1052,13:11:12,10.58,0.01,2,2116,买盘
1053,13:11:09,10.57,--,2,2114,卖盘
1054,13:11:03,10.57,-0.01,9,9513,卖盘
1055,13:10:57,10.58,--,10,10580,买盘
1056,13:10:53,10.58,--,33,34914,买盘
1057,13:10:33,10.58,--,14,14812,买盘
1058,13:10:27,10.58,-0.01,152,160816,卖盘
1059,13:10:23,10.59,0.01,5,5295,买盘
1060,13:10:12,10.58,-0.01,100,105800,卖盘
1061,13:10:08,10.59,0.01,26,27534,买盘
1062,13:10:03,10.58,-0.01,5,5290,卖盘
1063,13:09:57,10.59,0.01,1,1059,买盘
1064,13:09:53,10.58,-0.01,3,3174,卖盘
1065,13:09:48,10.59,0.01,27,28593,买盘
1066,13:09:42,10.58,-0.01,8,8464,卖盘
1067,13:09:33,10.59,--,24,25416,买盘
1068,13:09:27,10.59,--,12,12708,买盘
1069,13:09:23,10.59,--,94,99546,买盘
1070,13:09:18,10.59,0.01,41,43419,买盘
1071,13:09:12,10.58,-0.01,10,10580,卖盘
1072,13:09:08,10.59,--,15,15885,买盘
1073,13:08:57,10.59,--,1,1059,买盘
1074,13:08:48,10.59,0.01,26,27534,买盘
1075,13:08:42,10.58,--,24,25392,卖盘
1076,13:08:38,10.58,-0.01,223,235934,卖盘
1077,13:08:33,10.59,--,239,253101,买盘
1078,13:08:27,10.59,--,6,6354,买盘
1079,13:08:18,10.59,--,4,4236,买盘
1080,13:08:08,10.59,0.01,16,16944,买盘
1081,13:07:48,10.58,-0.01,7,7406,卖盘
1082,13:07:42,10.59,--,12,12708,买盘
1083,13:07:38,10.59,--,13,13767,买盘
1084,13:07:33,10.59,--,1,1059,买盘
1085,13:07:27,10.59,--,34,36006,买盘
1086,13:07:18,10.59,0.01,6,6354,买盘
1087,13:07:12,10.58,-0.01,3,3174,卖盘
1088,13:07:03,10.59,0.01,20,21180,买盘
1089,13:06:57,10.58,--,33,34914,卖盘
1090,13:06:53,10.58,--,1,1058,卖盘
1091,13:06:48,10.58,-0.01,138,146004,卖盘
1092,13:06:33,10.59,--,2,2118,买盘
1093,13:06:27,10.59,0.01,55,58245,买盘
1094,13:06:23,10.58,-0.01,10,10580,卖盘
1095,13:06:12,10.59,--,3,3177,买盘
1096,13:06:03,10.59,0.01,8,8472,买盘
1097,13:05:53,10.58,0.01,80,84640,买盘
1098,13:05:48,10.57,-0.01,127,134239,卖盘
1099,13:05:42,10.58,--,5,5290,买盘
1100,13:05:27,10.58,-0.01,70,74060,卖盘
1101,13:05:23,10.59,--,10,10590,买盘
1102,13:05:18,10.59,0.01,21,22239,买盘
1103,13:05:12,10.58,-0.01,132,139656,卖盘
1104,13:05:03,10.59,--,2,2118,买盘
1105,13:04:57,10.59,--,68,72012,买盘
1106,13:04:48,10.59,--,41,43419,买盘
1107,13:04:42,10.59,--,60,63540,买盘
1108,13:04:36,10.59,--,7,7413,买盘
1109,13:04:33,10.59,--,28,29652,买盘
1110,13:04:18,10.59,--,1,1059,买盘
1111,13:04:06,10.59,--,6,6354,买盘
1112,13:04:02,10.59,0.01,15,15885,买盘
1113,13:03:42,10.58,0.01,88,93104,买盘
1114,13:03:32,10.57,--,125,132125,卖盘
1115,13:03:12,10.57,--,139,146923,买盘
1116,13:03:06,10.57,--,5,5285,买盘
1117,13:02:57,10.57,--,2,2114,买盘
1118,13:02:51,10.57,--,61,64477,买盘
1119,13:02:42,10.57,0.01,3,3171,买盘
1120,13:02:27,10.56,--,25,26896,卖盘
1121,13:02:17,10.56,--,2,2112,卖盘
1122,13:02:06,10.56,-0.01,4,4224,卖盘
1123,13:02:02,10.57,--,7,7399,买盘
1124,13:01:51,10.57,0.01,1,1057,买盘
1125,13:01:36,10.56,--,49,51744,卖盘
1126,13:01:27,10.56,-0.01,7,7392,卖盘
1127,13:01:21,10.57,--,15,15855,买盘
1128,13:01:17,10.57,--,91,96187,卖盘
1129,13:01:12,10.57,-0.01,153,161721,卖盘
1130,13:01:06,10.58,--,23,24334,买盘
1131,13:00:57,10.58,--,67,70886,卖盘
1132,13:00:51,10.58,--,10,10580,卖盘
1133,13:00:47,10.58,--,10,10580,卖盘
1134,13:00:27,10.58,--,1,1058,卖盘
1135,13:00:17,10.58,--,2,2116,卖盘
1136,13:00:12,10.58,--,331,350198,卖盘
1137,13:00:06,10.58,--,129,136482,买盘
1138,11:30:00,10.58,--,0,0,买盘
1139,11:30:00,10.58,--,0,0,买盘
1140,11:29:58,10.58,--,151,159758,卖盘
1141,11:29:52,10.58,-0.01,10,10580,卖盘
1142,11:29:49,10.59,0.01,40,42360,买盘
1143,11:29:34,10.58,-0.01,5,5290,卖盘
1144,11:29:28,10.59,0.01,112,118608,买盘
1145,11:29:22,10.58,--,150,158700,卖盘
1146,11:29:19,10.58,-0.01,1,1058,卖盘
1147,11:29:13,10.59,--,2,2118,买盘
1148,11:29:04,10.59,0.01,67,70953,买盘
1149,11:28:58,10.58,-0.01,23,24334,卖盘
1150,11:28:52,10.59,--,10,10590,买盘
1151,11:28:48,10.59,--,6,6354,买盘
1152,11:28:43,10.59,--,417,441603,买盘
1153,11:28:37,10.59,--,1,1059,买盘
1154,11:28:28,10.59,--,20,21180,买盘
1155,11:28:18,10.59,--,2,2118,买盘
1156,11:28:07,10.59,--,11,11649,买盘
1157,11:28:03,10.59,--,11,11649,买盘
1158,11:27:58,10.59,--,100,105900,买盘
1159,11:27:52,10.59,--,1,1059,买盘
1160,11:27:48,10.59,--,71,75189,买盘
1161,11:27:43,10.59,0.01,34,36006,买盘
1162,11:27:37,10.58,--,333,352314,卖盘
1163,11:27:28,10.58,0.02,655,692990,买盘
1164,11:27:22,10.56,-0.01,209,220704,卖盘
1165,11:27:13,10.57,0.01,184,194488,买盘
1166,11:27:03,10.56,--,18,19008,买盘
1167,11:26:58,10.56,--,23,24288,买盘
1168,11:26:52,10.56,--,11,11616,买盘
1169,11:26:48,10.56,0.01,113,119328,买盘
1170,11:26:43,10.55,-0.01,5,5275,卖盘
1171,11:26:28,10.56,0.01,104,109824,买盘
1172,11:26:22,10.55,--,23,24265,买盘
1173,11:26:18,10.55,--,8,8440,买盘
1174,11:26:13,10.55,--,15,15825,买盘
1175,11:26:03,10.55,-0.01,185,195175,卖盘
1176,11:25:58,10.56,0.01,136,143616,买盘
1177,11:25:37,10.55,--,13,13715,卖盘
1178,11:25:33,10.55,--,79,84389,买盘
1179,11:25:28,10.55,--,35,36925,买盘
1180,11:25:22,10.55,--,34,35870,买盘
1181,11:25:18,10.55,--,3,3165,买盘
1182,11:25:13,10.55,--,136,143480,买盘
1183,11:24:58,10.55,0.01,1,1055,买盘
1184,11:24:48,10.54,--,33,34792,买盘
1185,11:24:43,10.54,--,56,59023,买盘
1186,11:24:37,10.54,-0.01,29,31609,卖盘
1187,11:24:33,10.55,0.01,26,27430,买盘
1188,11:24:22,10.54,-0.01,10,10550,卖盘
1189,11:24:18,10.55,--,57,60135,买盘
1190,11:24:07,10.55,--,2,2110,买盘
1191,11:24:03,10.55,--,10,10550,买盘
1192,11:23:58,10.55,0.01,10,10550,买盘
1193,11:23:52,10.54,-0.01,65,68510,卖盘
1194,11:23:48,10.55,0.01,5,5275,买盘
1195,11:23:42,10.54,-0.01,8,8432,卖盘
1196,11:23:33,10.55,--,39,41145,买盘
1197,11:23:27,10.55,--,19,20045,买盘
1198,11:23:22,10.55,--,60,63310,卖盘
1199,11:23:18,10.55,--,1,1055,卖盘
1200,11:23:12,10.55,-0.01,63,67509,中性盘
1201,11:23:02,10.56,0.01,104,109824,买盘
1202,11:22:57,10.55,-0.01,108,113940,卖盘
1203,11:22:52,10.56,--,20,21120,买盘
1204,11:22:46,10.56,--,119,125664,买盘
1205,11:22:42,10.56,--,127,134112,买盘
1206,11:22:37,10.56,0.01,2,2112,买盘
1207,11:22:12,10.55,--,0,0,中性盘
1208,11:22:07,10.55,--,26,27430,买盘
1209,11:22:01,10.55,--,22,23210,买盘
1210,11:21:57,10.55,--,75,79125,卖盘
1211,11:21:52,10.55,--,64,67520,买盘
1212,11:21:46,10.55,--,2,2110,买盘
1213,11:21:42,10.55,--,22,23210,买盘
1214,11:21:37,10.55,--,38,40090,买盘
1215,11:21:31,10.55,-0.02,66,69630,卖盘
1216,11:21:27,10.57,0.02,9,9513,买盘
1217,11:21:22,10.55,-0.02,40,42200,卖盘
1218,11:21:16,10.57,--,1,1057,中性盘
1219,11:21:07,10.57,0.02,142,150094,买盘
1220,11:21:01,10.55,--,61,64355,买盘
1221,11:20:57,10.55,0.03,56,59080,买盘
1222,11:20:52,10.52,--,0,0,卖盘
1223,11:20:46,10.52,-0.02,199,209348,卖盘
1224,11:20:42,10.54,0.01,3,3161,买盘
1225,11:20:37,10.53,--,0,368,买盘
1226,11:20:27,10.53,--,19,20007,买盘
1227,11:20:22,10.53,--,35,36855,买盘
1228,11:20:16,10.53,--,66,70182,卖盘
1229,11:20:12,10.53,--,3,3159,卖盘
1230,11:20:07,10.53,--,78,82502,买盘
1231,11:20:01,10.53,--,15,15794,买盘
1232,11:19:57,10.53,--,54,56862,买盘
1233,11:19:52,10.53,--,5,5265,买盘
1234,11:19:46,10.53,0.01,40,42120,买盘
1235,11:19:42,10.52,-0.01,1,1052,卖盘
1236,11:19:37,10.53,--,13,13689,买盘
1237,11:19:31,10.53,--,20,21060,买盘
1238,11:19:27,10.53,--,150,157950,买盘
1239,11:19:22,10.53,--,19,20007,买盘
1240,11:19:16,10.53,--,10,10530,买盘
1241,11:19:12,10.53,--,153,161109,买盘
1242,11:19:07,10.53,--,8,8424,卖盘
1243,11:19:01,10.53,--,1,1053,买盘
1244,11:18:57,10.53,0.01,47,49491,买盘
1245,11:18:52,10.52,--,162,170424,卖盘
1246,11:18:46,10.52,-0.01,22,23144,卖盘
1247,11:18:42,10.53,0.01,20,21060,买盘
1248,11:18:37,10.52,--,13,13676,卖盘
1249,11:18:31,10.52,--,10,10520,中性盘
1250,11:18:27,10.52,--,47,49444,买盘
1251,11:18:22,10.52,--,12,12624,买盘
1252,11:18:16,10.52,--,7,7364,买盘
1253,11:18:12,10.52,-0.01,197,207244,卖盘
1254,11:18:07,10.53,--,117,123200,买盘
1255,11:17:52,10.53,--,42,44226,买盘
1256,11:17:42,10.53,--,0,0,买盘
1257,11:17:37,10.53,0.01,232,244295,买盘
1258,11:17:31,10.52,--,50,52600,卖盘
1259,11:17:27,10.52,--,5,5260,卖盘
1260,11:17:22,10.52,0.01,15,15780,卖盘
1261,11:17:16,10.51,--,0,0,卖盘
1262,11:17:12,10.51,-0.01,348,365748,卖盘
1263,11:17:07,10.52,--,10,10520,买盘
1264,11:16:57,10.52,0.01,1,1052,买盘
1265,11:16:52,10.51,--,15,15765,卖盘
1266,11:16:46,10.51,--,40,42040,卖盘
1267,11:16:42,10.51,--,18,18918,卖盘
1268,11:16:37,10.51,--,9,9459,卖盘
1269,11:16:31,10.51,--,16,16816,卖盘
1270,11:16:27,10.51,--,20,21020,买盘
1271,11:16:22,10.51,--,54,57699,买盘
1272,11:16:16,10.51,-0.02,38,39938,卖盘
1273,11:16:12,10.53,0.03,103,108459,买盘
1274,11:16:07,10.5,-0.03,6,6300,卖盘
1275,11:16:01,10.53,--,31,32642,买盘
1276,11:15:57,10.53,0.03,8,8424,买盘
1277,11:15:52,10.5,-0.02,1029,1080450,卖盘
1278,11:15:46,10.52,--,41,43132,卖盘
1279,11:15:36,10.52,--,47,49444,卖盘
1280,11:15:31,10.52,-0.01,15,15780,卖盘
1281,11:15:25,10.53,--,3,3159,买盘
1282,11:15:21,10.53,--,10,10530,买盘
1283,11:15:16,10.53,-0.01,132,138996,卖盘
1284,11:15:10,10.54,--,10,10540,买盘
1285,11:15:06,10.54,--,75,79050,卖盘
1286,11:15:01,10.54,-0.01,50,52699,卖盘
1287,11:14:55,10.55,--,11,11605,买盘
1288,11:14:51,10.55,-0.01,161,169855,卖盘
1289,11:14:46,10.56,--,9,9504,卖盘
1290,11:14:40,10.56,-0.01,2,2112,卖盘
1291,11:14:36,10.57,--,10,10570,买盘
1292,11:14:31,10.57,--,101,106757,买盘
1293,11:14:25,10.57,-0.01,114,120498,卖盘
1294,11:14:21,10.58,--,6,6348,买盘
1295,11:14:16,10.58,0.01,119,125902,买盘
1296,11:14:10,10.57,-0.01,128,135296,卖盘
1297,11:14:06,10.58,--,84,88872,买盘
1298,11:14:01,10.58,0.01,9,9522,买盘
1299,11:13:55,10.57,-0.01,15,15855,卖盘
1300,11:13:51,10.58,--,159,168222,卖盘
1301,11:13:46,10.58,--,65,68770,卖盘
1302,11:13:40,10.58,--,31,32798,卖盘
1303,11:13:31,10.58,-0.01,10,10580,卖盘
1304,11:13:25,10.59,--,74,78366,卖盘
1305,11:13:16,10.59,--,14,14826,卖盘
1306,11:13:10,10.59,--,10,10590,卖盘
1307,11:13:06,10.59,--,13,13767,卖盘
1308,11:12:55,10.59,-0.01,4,4236,卖盘
1309,11:12:51,10.6,0.01,52,55120,买盘
1310,11:12:46,10.59,--,41,43419,买盘
1311,11:12:31,10.59,--,25,26475,买盘
1312,11:12:25,10.59,--,18,19062,买盘
1313,11:12:21,10.59,--,2,2118,买盘
1314,11:12:16,10.59,--,23,24357,买盘
1315,11:12:06,10.59,--,67,70953,买盘
1316,11:12:01,10.59,--,5,5295,买盘
1317,11:11:55,10.59,--,1,1059,买盘
1318,11:11:51,10.59,0.01,1,1059,买盘
1319,11:11:40,10.58,-0.01,29,30682,卖盘
1320,11:11:36,10.59,--,15,15885,买盘
1321,11:11:31,10.59,--,30,31770,买盘
1322,11:11:25,10.59,0.01,4,4236,买盘
1323,11:11:21,10.58,-0.01,24,25392,卖盘
1324,11:11:16,10.59,--,6,6354,买盘
1325,11:11:10,10.59,--,10,10590,买盘
1326,11:11:06,10.59,--,7,7413,买盘
1327,11:11:01,10.59,--,9,9531,买盘
1328,11:10:51,10.59,0.01,21,22239,买盘
1329,11:10:46,10.58,--,20,21160,卖盘
1330,11:10:40,10.58,-0.01,73,77234,卖盘
1331,11:10:36,10.59,--,14,14826,买盘
1332,11:10:31,10.59,0.01,3,3177,买盘
1333,11:10:21,10.58,--,7,7406,卖盘
1334,11:10:10,10.58,0.01,53,56074,买盘
1335,11:10:06,10.57,-0.01,31,32767,卖盘
1336,11:10:01,10.58,--,20,21160,买盘
1337,11:09:55,10.58,--,10,10580,买盘
1338,11:09:51,10.58,--,12,12696,卖盘
1339,11:09:46,10.58,-0.01,1,1058,卖盘
1340,11:09:31,10.59,0.01,20,21180,买盘
1341,11:09:25,10.58,--,133,140714,买盘
1342,11:09:21,10.58,--,2,2116,买盘
1343,11:09:16,10.58,--,1,1058,买盘
1344,11:09:10,10.58,--,7,7406,买盘
1345,11:09:06,10.58,--,208,220064,买盘
1346,11:09:01,10.58,--,41,43378,卖盘
1347,11:08:55,10.58,--,0,0,中性盘
1348,11:08:51,10.58,-0.01,1,1058,中性盘
1349,11:08:46,10.59,--,33,34947,买盘
1350,11:08:40,10.59,--,65,68835,买盘
1351,11:08:36,10.59,--,85,90015,买盘
1352,11:08:31,10.59,0.01,17,18003,买盘
1353,11:08:25,10.58,--,15,15870,卖盘
1354,11:08:21,10.58,--,119,125902,买盘
1355,11:08:15,10.58,--,38,40204,买盘
1356,11:08:10,10.58,--,129,136482,买盘
1357,11:08:01,10.58,--,106,112148,买盘
1358,11:07:55,10.58,0.01,3,3174,买盘
1359,11:07:46,10.57,--,21,22197,卖盘
1360,11:07:40,10.57,-0.01,222,234654,卖盘
1361,11:07:34,10.58,0.01,3,3174,买盘
1362,11:07:20,10.57,0.01,104,109928,买盘
1363,11:07:16,10.56,-0.01,81,85536,卖盘
1364,11:07:04,10.57,--,41,43337,买盘
1365,11:06:49,10.57,0.01,12,12684,买盘
1366,11:06:45,10.56,0.01,6,6336,买盘
1367,11:06:40,10.55,-0.01,5,5275,卖盘
1368,11:06:34,10.56,--,73,77088,买盘
1369,11:06:30,10.56,--,10,10560,买盘
1370,11:06:25,10.56,0.01,3,3168,买盘
1371,11:06:15,10.55,--,27,28495,买盘
1372,11:06:04,10.55,-0.01,4,4220,卖盘
1373,11:06:00,10.56,--,11,11616,买盘
1374,11:05:55,10.56,--,23,24288,买盘
1375,11:05:45,10.56,-0.01,6,6336,买盘
1376,11:05:40,10.57,0.01,43,45451,买盘
1377,11:05:30,10.56,--,33,34848,卖盘
1378,11:05:25,10.56,0.03,50,52800,买盘
1379,11:05:19,10.53,-0.03,25,26325,卖盘
1380,11:05:15,10.56,--,0,0,买盘
1381,11:05:10,10.56,0.04,182,192192,买盘
1382,11:05:04,10.52,--,15,15780,卖盘
1383,11:05:00,10.52,--,43,45236,卖盘
1384,11:04:55,10.52,--,0,0,中性盘
1385,11:04:49,10.52,--,6,6312,买盘
1386,11:04:45,10.52,0.01,9,9468,买盘
1387,11:04:40,10.51,--,2,2102,卖盘
1388,11:04:30,10.51,--,78,81978,买盘
1389,11:04:25,10.51,--,199,209149,买盘
1390,11:04:19,10.51,--,13,13663,买盘
1391,11:04:15,10.51,--,276,290076,买盘
1392,11:04:10,10.51,--,37,38887,买盘
1393,11:04:04,10.51,--,61,64111,买盘
1394,11:04:00,10.51,--,260,273260,买盘
1395,11:03:55,10.51,-0.02,89,93539,卖盘
1396,11:03:49,10.53,--,1,1053,买盘
1397,11:03:45,10.53,0.02,116,122147,买盘
1398,11:03:40,10.51,0.01,9,9459,卖盘
1399,11:03:30,10.5,-0.01,852,894600,卖盘
1400,11:03:25,10.51,--,57,60432,买盘
1401,11:03:19,10.51,--,626,657926,买盘
1402,11:03:15,10.51,--,23,24173,买盘
1403,11:03:10,10.51,--,40,42040,买盘
1404,11:03:04,10.51,-0.01,334,351559,卖盘
1405,11:03:00,10.52,--,32,33664,买盘
1406,11:02:55,10.52,--,36,37872,买盘
1407,11:02:49,10.52,-0.01,141,148332,卖盘
1408,11:02:45,10.53,0.02,10,10530,买盘
1409,11:02:40,10.51,-0.01,115,120865,卖盘
1410,11:02:34,10.52,--,6,6312,买盘
1411,11:02:30,10.52,--,19,19988,买盘
1412,11:02:25,10.52,--,10,10520,买盘
1413,11:02:19,10.52,--,11,11572,买盘
1414,11:02:15,10.52,0.01,49,51548,卖盘
1415,11:02:09,10.51,--,69,72519,卖盘
1416,11:02:04,10.51,-0.01,108,113508,卖盘
1417,11:02:00,10.52,--,52,54704,买盘
1418,11:01:55,10.52,0.01,66,69432,买盘
1419,11:01:49,10.51,-0.01,23,24173,卖盘
1420,11:01:45,10.52,--,124,130974,买盘
1421,11:01:40,10.52,--,103,108356,买盘
1422,11:01:30,10.52,--,54,56808,买盘
1423,11:01:25,10.52,0.01,24,25248,买盘
1424,11:01:19,10.51,--,16,16816,卖盘
1425,11:01:15,10.51,-0.02,139,146089,卖盘
1426,11:01:10,10.53,0.01,27,28431,买盘
1427,11:01:04,10.52,--,30,31560,买盘
1428,11:01:00,10.52,-0.02,461,484972,卖盘
1429,11:00:55,10.54,-0.01,190,200259,卖盘
1430,11:00:49,10.55,--,0,0,买盘
1431,11:00:45,10.55,0.01,14,14770,买盘
1432,11:00:40,10.54,--,53,55861,买盘
1433,11:00:34,10.54,0.02,13,13701,中性盘
1434,11:00:30,10.52,-0.02,200,210400,卖盘
1435,11:00:25,10.54,--,0,0,卖盘
1436,11:00:19,10.54,--,42,44268,卖盘
1437,11:00:15,10.54,-0.01,2,2108,卖盘
1438,11:00:10,10.55,--,36,37980,买盘
1439,11:00:04,10.55,-0.01,4,4220,中性盘
1440,11:00:00,10.56,--,2,2112,买盘
1441,10:59:54,10.56,--,499,526944,买盘
1442,10:59:49,10.56,--,60,63360,买盘
1443,10:59:45,10.56,--,32,33792,买盘
1444,10:59:40,10.56,--,10,10560,买盘
1445,10:59:33,10.56,--,7,7392,买盘
1446,10:59:29,10.56,--,77,81312,买盘
1447,10:59:25,10.56,--,15,15840,买盘
1448,10:59:19,10.56,--,9,9504,买盘
1449,10:59:14,10.56,--,18,19008,买盘
1450,10:59:10,10.56,--,15,15840,买盘
1451,10:59:04,10.56,--,74,78144,买盘
1452,10:59:00,10.56,--,3,3168,买盘
1453,10:58:54,10.56,--,2,2112,买盘
1454,10:58:49,10.56,--,45,47520,买盘
1455,10:58:44,10.56,--,29,30624,买盘
1456,10:58:39,10.56,--,14,14784,买盘
1457,10:58:34,10.56,--,4,4224,买盘
1458,10:58:19,10.56,0.01,25,26400,买盘
1459,10:58:14,10.55,-0.01,1,1055,卖盘
1460,10:58:03,10.56,-0.01,64,67584,中性盘
1461,10:57:57,10.57,0.02,30,31710,买盘
1462,10:57:54,10.55,--,70,73850,买盘
1463,10:57:49,10.55,-0.01,14,14770,卖盘
1464,10:57:42,10.56,--,1,1056,买盘
1465,10:57:39,10.56,--,14,14784,买盘
1466,10:57:33,10.56,--,177,186912,买盘
1467,10:57:27,10.56,0.01,114,120384,买盘
1468,10:57:24,10.55,-0.01,121,127655,中性盘
1469,10:57:18,10.56,--,31,32736,买盘
1470,10:57:12,10.56,--,14,14784,买盘
1471,10:57:09,10.56,--,170,179520,卖盘
1472,10:57:04,10.56,--,106,111936,卖盘
1473,10:56:57,10.56,-0.01,1,1056,卖盘
1474,10:56:54,10.57,0.01,13,13741,买盘
1475,10:56:48,10.56,0.01,12,12672,买盘
1476,10:56:42,10.55,--,200,211000,卖盘
1477,10:56:39,10.55,--,50,52750,卖盘
1478,10:56:33,10.55,0.01,40,42200,买盘
1479,10:56:27,10.54,--,40,42160,卖盘
1480,10:56:24,10.54,--,16,16864,卖盘
1481,10:56:18,10.54,-0.01,10,10540,卖盘
1482,10:56:12,10.55,0.01,6,6330,买盘
1483,10:56:09,10.54,0.01,183,192881,买盘
1484,10:56:03,10.53,-0.01,447,470691,卖盘
1485,10:55:57,10.54,--,71,74834,中性盘
1486,10:55:54,10.54,0.01,5,5270,买盘
1487,10:55:48,10.53,0.01,332,349596,买盘
1488,10:55:42,10.52,-0.01,355,373460,卖盘
1489,10:55:39,10.53,--,65,68445,买盘
1490,10:55:33,10.53,--,76,80028,买盘
1491,10:55:27,10.53,--,40,42120,买盘
1492,10:55:24,10.53,-0.01,147,154791,卖盘
1493,10:55:18,10.54,0.02,23,24241,买盘
1494,10:55:09,10.52,-0.02,10,10520,卖盘
1495,10:55:03,10.54,0.03,352,371081,买盘
1496,10:54:57,10.51,--,153,160803,买盘
1497,10:54:54,10.51,--,123,129273,买盘
1498,10:54:48,10.51,-0.01,200,210200,卖盘
1499,10:54:42,10.52,--,38,39976,买盘
1500,10:54:39,10.52,-0.01,476,501435,卖盘
1501,10:54:33,10.53,0.01,107,113039,买盘
1502,10:54:27,10.52,0.02,432,454464,买盘
1503,10:54:24,10.5,--,25,26250,卖盘
1504,10:54:18,10.5,--,44,46200,买盘
1505,10:54:12,10.5,--,183,192150,买盘
1506,10:54:09,10.5,--,118,123900,买盘
1507,10:54:03,10.5,0.02,157,164850,买盘
1508,10:53:57,10.48,--,421,441208,买盘
1509,10:53:54,10.48,--,273,286104,卖盘
1510,10:53:48,10.48,-0.01,506,530288,卖盘
1511,10:53:42,10.49,0.01,11,11539,买盘
1512,10:53:39,10.48,-0.02,70,73360,卖盘
1513,10:53:33,10.5,--,219,229950,买盘
1514,10:53:27,10.5,--,84,88200,买盘
1515,10:53:24,10.5,--,4,4200,买盘
1516,10:53:18,10.5,-0.01,14,14700,买盘
1517,10:53:12,10.51,--,310,325810,卖盘
1518,10:53:09,10.51,0.01,198,208098,买盘
1519,10:53:03,10.5,-0.01,10,10500,卖盘
1520,10:52:57,10.51,0.01,173,181823,买盘
1521,10:52:54,10.5,--,84,88200,买盘
1522,10:52:48,10.5,--,1075,1128750,买盘
1523,10:52:42,10.5,--,85,89250,买盘
1524,10:52:39,10.5,-0.02,2631,2762550,卖盘
1525,10:52:33,10.52,-0.01,202,212504,卖盘
1526,10:52:27,10.53,--,175,184275,买盘
1527,10:52:24,10.53,--,151,159003,买盘
1528,10:52:18,10.53,0.01,6,6318,买盘
1529,10:52:12,10.52,-0.01,850,894200,卖盘
1530,10:52:09,10.53,0.01,101,106353,买盘
1531,10:52:03,10.52,--,762,801624,买盘
1532,10:51:57,10.52,0.01,180,189360,买盘
1533,10:51:53,10.51,-0.01,125,131375,卖盘
1534,10:51:48,10.52,-0.01,145,152540,卖盘
1535,10:51:42,10.53,0.01,149,156897,买盘
1536,10:51:38,10.52,-0.01,39,41028,中性盘
1537,10:51:33,10.53,--,381,401193,买盘
1538,10:51:27,10.53,--,393,413829,买盘
1539,10:51:23,10.53,--,122,128465,买盘
1540,10:51:18,10.53,--,199,209547,买盘
1541,10:51:12,10.53,-0.01,432,454896,卖盘
1542,10:51:08,10.54,0.02,112,118047,买盘
1543,10:51:03,10.52,-0.01,1005,1057260,卖盘
1544,10:50:57,10.53,--,137,144261,买盘
1545,10:50:53,10.53,0.01,500,526500,买盘
1546,10:50:48,10.52,--,131,137812,买盘
1547,10:50:42,10.52,--,456,479712,买盘
1548,10:50:36,10.52,--,582,612264,买盘
1549,10:50:33,10.52,0.01,214,225128,买盘
1550,10:50:27,10.51,--,72,75672,卖盘
1551,10:50:23,10.51,-0.01,39,40989,卖盘
1552,10:50:18,10.52,0.01,322,338744,买盘
1553,10:50:12,10.51,0.01,430,451930,买盘
1554,10:50:08,10.5,-0.01,949,996450,卖盘
1555,10:50:03,10.51,--,38,39938,卖盘
1556,10:49:57,10.51,--,1099,1155049,买盘
1557,10:49:51,10.51,0.01,32,33632,买盘
1558,10:49:48,10.5,--,332,348600,买盘
1559,10:49:42,10.5,--,215,225750,买盘
1560,10:49:36,10.5,--,115,120750,买盘
1561,10:49:33,10.5,0.02,78,81900,买盘
1562,10:49:27,10.48,--,417,437016,买盘
1563,10:49:21,10.48,--,1511,1583528,买盘
1564,10:49:18,10.48,--,1137,1191576,买盘
1565,10:49:12,10.48,0.01,143,149864,买盘
1566,10:49:06,10.47,0.01,56,58632,买盘
1567,10:49:03,10.46,0.02,473,494758,买盘
1568,10:48:57,10.44,-0.01,778,812232,卖盘
1569,10:48:51,10.45,--,185,193325,买盘
1570,10:48:48,10.45,--,801,837045,卖盘
1571,10:48:42,10.45,--,287,299915,卖盘
1572,10:48:36,10.45,--,554,578930,卖盘
1573,10:48:33,10.45,-0.01,192,200640,卖盘
1574,10:48:27,10.46,--,713,745798,买盘
1575,10:48:21,10.46,-0.01,1098,1148508,卖盘
1576,10:48:18,10.47,--,306,320382,卖盘
1577,10:48:12,10.47,--,240,251280,买盘
1578,10:48:06,10.47,-0.01,428,448116,卖盘
1579,10:48:03,10.48,--,124,129952,买盘
1580,10:47:57,10.48,-0.02,1097,1149656,卖盘
1581,10:47:51,10.5,0.01,161,169050,买盘
1582,10:47:48,10.49,-0.01,744,780456,卖盘
1583,10:47:42,10.5,--,4041,4243050,卖盘
1584,10:47:36,10.5,-0.01,726,762300,卖盘
1585,10:47:33,10.51,--,527,553877,买盘
1586,10:47:27,10.51,0.01,434,456134,买盘
1587,10:47:21,10.5,-0.01,70,73500,卖盘
1588,10:47:18,10.51,--,421,442471,买盘
1589,10:47:12,10.51,--,220,231220,买盘
1590,10:47:06,10.51,--,143,150293,买盘
1591,10:47:03,10.51,-0.03,2245,2359495,卖盘
1592,10:46:57,10.54,--,405,426869,买盘
1593,10:46:51,10.54,--,14,14755,买盘
1594,10:46:48,10.54,--,62,65347,买盘
1595,10:46:42,10.54,--,183,192881,买盘
1596,10:46:36,10.54,-0.02,1365,1438710,卖盘
1597,10:46:33,10.56,-0.02,54,57024,卖盘
1598,10:46:27,10.58,--,659,697624,买盘
1599,10:46:21,10.58,--,225,238050,买盘
1600,10:46:18,10.58,--,27,28566,买盘
1601,10:46:12,10.58,--,291,307878,卖盘
1602,10:46:06,10.58,--,335,354430,卖盘
1603,10:46:03,10.58,-0.01,324,342792,卖盘
1604,10:45:57,10.59,0.01,58,61422,买盘
1605,10:45:51,10.58,--,98,103684,买盘
1606,10:45:48,10.58,-0.01,460,486680,卖盘
1607,10:45:42,10.59,--,152,160968,买盘
1608,10:45:36,10.59,--,126,133434,买盘
1609,10:45:33,10.59,--,108,114372,买盘
1610,10:45:27,10.59,0.01,96,101664,买盘
1611,10:45:21,10.58,-0.02,1022,1081276,卖盘
1612,10:45:18,10.6,0.01,163,172780,买盘
1613,10:45:12,10.59,-0.01,79,83661,卖盘
1614,10:45:06,10.6,0.02,64,67840,买盘
1615,10:45:02,10.58,-0.02,40,42320,卖盘
1616,10:44:57,10.6,--,1046,1108760,买盘
1617,10:44:51,10.6,--,56,59360,买盘
1618,10:44:47,10.6,--,85,90100,买盘
1619,10:44:42,10.6,--,565,598900,买盘
1620,10:44:36,10.6,--,17,18020,买盘
1621,10:44:32,10.6,--,5,5300,买盘
1622,10:44:27,10.6,-0.04,7524,7975577,卖盘
1623,10:44:21,10.64,--,45,47880,卖盘
1624,10:44:17,10.64,--,1,1064,卖盘
1625,10:44:12,10.64,-0.01,15,15960,卖盘
1626,10:44:06,10.65,0.01,56,59640,买盘
1627,10:44:02,10.64,--,22,23408,买盘
1628,10:43:57,10.64,--,14,14896,买盘
1629,10:43:51,10.64,--,36,38304,买盘
1630,10:43:47,10.64,--,4,4256,买盘
1631,10:43:42,10.64,--,167,177688,买盘
1632,10:43:36,10.64,0.01,20,21280,买盘
1633,10:43:27,10.63,-0.01,4,4252,卖盘
1634,10:43:21,10.64,0.01,50,53200,买盘
1635,10:43:17,10.63,-0.01,13,13819,卖盘
1636,10:43:12,10.64,--,1,1064,买盘
1637,10:43:06,10.64,--,16,17024,买盘
1638,10:43:02,10.64,--,20,21280,买盘
1639,10:42:57,10.64,--,13,13832,买盘
1640,10:42:51,10.64,--,204,217056,买盘
1641,10:42:42,10.64,--,21,22344,买盘
1642,10:42:36,10.64,0.01,7,7448,买盘
1643,10:42:32,10.63,-0.01,89,94607,卖盘
1644,10:42:27,10.64,--,8,8512,买盘
1645,10:42:21,10.64,--,27,28728,买盘
1646,10:42:17,10.64,--,41,43624,买盘
1647,10:42:12,10.64,--,21,22344,买盘
1648,10:42:06,10.64,--,10,10640,买盘
1649,10:42:01,10.64,--,10,10640,买盘
1650,10:41:57,10.64,--,14,14896,买盘
1651,10:41:51,10.64,--,14,14896,卖盘
1652,10:41:46,10.64,-0.01,8,8512,卖盘
1653,10:41:42,10.65,0.01,22,23430,买盘
1654,10:41:12,10.64,0.02,19,20216,买盘
1655,10:41:06,10.62,-0.02,653,693486,卖盘
1656,10:41:00,10.64,--,11,11704,买盘
1657,10:40:57,10.64,--,32,34048,买盘
1658,10:40:51,10.64,0.01,18,19152,买盘
1659,10:40:45,10.63,-0.01,45,47835,卖盘
1660,10:40:42,10.64,0.01,17,18088,买盘
1661,10:40:36,10.63,-0.01,395,419885,卖盘
1662,10:40:30,10.64,0.01,3,3192,买盘
1663,10:40:21,10.63,-0.01,23,24449,卖盘
1664,10:40:15,10.64,--,13,13832,买盘
1665,10:40:12,10.64,0.01,472,502208,买盘
1666,10:40:00,10.63,-0.01,28,30688,卖盘
1667,10:39:57,10.64,--,82,87248,买盘
1668,10:39:51,10.64,--,2,2128,买盘
1669,10:39:45,10.64,--,7,7448,买盘
1670,10:39:42,10.64,--,13,13832,买盘
1671,10:39:36,10.64,--,132,140448,卖盘
1672,10:39:27,10.64,-0.01,402,427728,卖盘
1673,10:39:21,10.65,--,9,9585,卖盘
1674,10:39:12,10.65,0.01,114,121410,买盘
1675,10:39:06,10.64,-0.01,45,47880,卖盘
1676,10:39:00,10.65,--,12,12780,买盘
1677,10:38:57,10.65,--,25,26625,买盘
1678,10:38:51,10.65,--,2,2130,买盘
1679,10:38:45,10.65,--,35,37275,买盘
1680,10:38:42,10.65,--,7,7455,买盘
1681,10:38:36,10.65,--,1,1065,买盘
1682,10:38:30,10.65,--,24,25560,买盘
1683,10:38:21,10.65,--,43,45795,买盘
1684,10:38:15,10.65,-0.01,443,471795,卖盘
1685,10:38:12,10.66,--,21,22386,买盘
1686,10:38:06,10.66,--,118,125788,买盘
1687,10:38:00,10.66,--,13,13858,买盘
1688,10:37:56,10.66,--,9,9594,买盘
1689,10:37:51,10.66,--,2,2132,买盘
1690,10:37:45,10.66,--,3,3198,买盘
1691,10:37:42,10.66,--,3,3198,买盘
1692,10:37:30,10.66,--,31,33046,买盘
1693,10:37:26,10.66,0.01,2,2132,买盘
1694,10:37:21,10.65,-0.01,22,23430,卖盘
1695,10:37:15,10.66,--,15,15990,买盘
1696,10:37:11,10.66,--,15,15990,买盘
1697,10:37:06,10.66,--,10,10660,买盘
1698,10:37:00,10.66,0.01,157,167362,买盘
1699,10:36:57,10.65,--,1,1065,卖盘
1700,10:36:51,10.65,--,12,12780,卖盘
1701,10:36:45,10.65,-0.01,25,26625,卖盘
1702,10:36:36,10.66,--,51,54366,买盘
1703,10:36:26,10.66,0.01,43,45838,买盘
1704,10:36:21,10.65,--,0,0,卖盘
1705,10:36:15,10.65,-0.02,295,314175,卖盘
1706,10:36:06,10.67,--,17,18139,买盘
1707,10:36:00,10.67,--,86,91762,买盘
1708,10:35:51,10.67,0.01,23,24541,中性盘
1709,10:35:45,10.66,-0.02,20,21320,卖盘
1710,10:35:41,10.68,--,0,0,买盘
1711,10:35:36,10.68,0.02,217,231756,买盘
1712,10:35:30,10.66,-0.02,100,106600,卖盘
1713,10:35:26,10.68,--,0,0,买盘
1714,10:35:21,10.68,0.01,87,92916,买盘
1715,10:35:15,10.67,-0.01,13,13871,卖盘
1716,10:35:06,10.68,--,25,26700,买盘
1717,10:35:00,10.68,--,11,11748,买盘
1718,10:34:56,10.68,--,2,2136,买盘
1719,10:34:51,10.68,--,81,86508,买盘
1720,10:34:45,10.68,--,5,5340,买盘
1721,10:34:36,10.68,--,6,6408,买盘
1722,10:34:30,10.68,--,272,290496,卖盘
1723,10:34:26,10.68,--,44,46992,买盘
1724,10:34:21,10.68,--,11,11748,买盘
1725,10:34:15,10.68,--,30,32040,买盘
1726,10:34:11,10.68,--,6,6408,买盘
1727,10:34:06,10.68,--,69,73692,卖盘
1728,10:34:00,10.68,-0.01,45,48060,卖盘
1729,10:33:56,10.69,0.01,2,2138,买盘
1730,10:33:51,10.68,-0.02,181,193308,卖盘
1731,10:33:45,10.7,--,70,74900,买盘
1732,10:33:41,10.7,--,20,21400,买盘
1733,10:33:36,10.7,0.01,136,145520,买盘
1734,10:33:30,10.69,--,40,42760,卖盘
1735,10:33:26,10.69,-0.01,23,24587,卖盘
1736,10:33:15,10.7,--,49,52430,买盘
1737,10:33:11,10.7,0.01,2,2140,买盘
1738,10:33:06,10.69,-0.01,40,42760,卖盘
1739,10:33:00,10.7,--,29,31029,买盘
1740,10:32:54,10.7,--,11,11770,买盘
1741,10:32:51,10.7,0.01,149,159430,买盘
1742,10:32:45,10.69,--,36,38484,卖盘
1743,10:32:36,10.69,--,5,5345,卖盘
1744,10:32:30,10.69,--,3,3207,卖盘
1745,10:32:21,10.69,0.02,572,611468,买盘
1746,10:32:15,10.67,--,71,75757,买盘
1747,10:32:06,10.67,-0.01,82,87494,卖盘
1748,10:32:00,10.68,--,3,3204,买盘
1749,10:31:54,10.68,0.01,35,37380,买盘
1750,10:31:45,10.67,--,27,28809,卖盘
1751,10:31:39,10.67,--,326,347842,买盘
1752,10:31:30,10.67,--,80,85360,买盘
1753,10:31:24,10.67,0.01,50,53350,买盘
1754,10:31:15,10.66,--,50,53300,卖盘
1755,10:31:09,10.66,-0.01,69,73554,卖盘
1756,10:31:00,10.67,--,22,23474,买盘
1757,10:30:54,10.67,--,30,32010,买盘
1758,10:30:50,10.67,--,140,149380,买盘
1759,10:30:45,10.67,--,45,48015,买盘
1760,10:30:39,10.67,--,13,13871,买盘
1761,10:30:35,10.67,--,95,101365,买盘
1762,10:30:30,10.67,--,22,23474,买盘
1763,10:30:24,10.67,-0.01,117,124839,卖盘
1764,10:30:20,10.68,--,31,33108,买盘
1765,10:30:15,10.68,--,0,0,买盘
1766,10:30:09,10.68,--,1,1068,买盘
1767,10:30:05,10.68,0.02,82,87576,买盘
1768,10:30:00,10.66,-0.01,3,3198,卖盘
1769,10:29:54,10.67,0.01,521,556803,买盘
1770,10:29:45,10.66,--,56,59696,卖盘
1771,10:29:39,10.66,--,22,23452,卖盘
1772,10:29:30,10.66,0.01,28,29848,买盘
1773,10:29:24,10.65,-0.01,192,204480,卖盘
1774,10:29:20,10.66,--,25,26650,买盘
1775,10:29:15,10.66,--,26,27716,买盘
1776,10:29:09,10.66,0.01,29,30914,买盘
1777,10:29:05,10.65,-0.01,27,28755,卖盘
1778,10:29:00,10.66,0.01,150,159900,买盘
1779,10:28:54,10.65,-0.01,61,64965,卖盘
1780,10:28:50,10.66,--,8,8528,买盘
1781,10:28:45,10.66,--,28,29848,买盘
1782,10:28:39,10.66,-0.01,35,37310,卖盘
1783,10:28:35,10.67,--,2,2134,买盘
1784,10:28:30,10.67,--,251,267817,买盘
1785,10:28:24,10.67,--,20,21340,买盘
1786,10:28:15,10.67,0.01,102,108834,买盘
1787,10:28:09,10.66,--,68,72488,卖盘
1788,10:28:05,10.66,-0.01,12,12792,卖盘
1789,10:28:00,10.67,--,29,30943,买盘
1790,10:27:54,10.67,0.01,18,19206,买盘
1791,10:27:50,10.66,--,2,2132,卖盘
1792,10:27:39,10.66,--,105,111930,卖盘
1793,10:27:30,10.66,--,130,138580,买盘
1794,10:27:24,10.66,--,63,67158,买盘
1795,10:27:20,10.66,--,12,12792,买盘
1796,10:27:15,10.66,--,140,149240,买盘
1797,10:27:09,10.66,--,46,49036,买盘
1798,10:27:05,10.66,0.01,51,54366,买盘
1799,10:27:00,10.65,-0.01,63,67095,卖盘
1800,10:26:54,10.66,--,6,6396,买盘
1801,10:26:50,10.66,--,56,59696,买盘
1802,10:26:39,10.66,--,41,43706,买盘
1803,10:26:30,10.66,0.02,1,1066,买盘
1804,10:26:24,10.64,-0.01,29,30856,卖盘
1805,10:26:20,10.65,--,10,10650,买盘
1806,10:26:15,10.65,--,88,93720,买盘
1807,10:26:09,10.65,--,11,11715,买盘
1808,10:26:05,10.65,--,63,67095,买盘
1809,10:26:00,10.65,--,187,199155,买盘
1810,10:25:54,10.65,--,22,23430,买盘
1811,10:25:50,10.65,--,33,35145,买盘
1812,10:25:45,10.65,--,9,9585,买盘
1813,10:25:39,10.65,0.01,43,45795,买盘
1814,10:25:35,10.64,--,10,10640,卖盘
1815,10:25:30,10.64,--,0,0,中性盘
1816,10:25:24,10.64,0.01,24,25536,买盘
1817,10:25:15,10.63,--,1,1063,卖盘
1818,10:25:00,10.63,--,168,178584,买盘
1819,10:24:54,10.63,0.01,21,22323,买盘
1820,10:24:48,10.62,-0.01,12,12743,卖盘
1821,10:24:45,10.63,0.01,58,61654,买盘
1822,10:24:39,10.62,--,171,181602,卖盘
1823,10:24:33,10.62,-0.01,96,101951,卖盘
1824,10:24:29,10.63,--,26,27638,买盘
1825,10:24:24,10.63,0.01,43,45709,买盘
1826,10:24:18,10.62,--,152,161424,卖盘
1827,10:24:14,10.62,-0.01,71,75402,卖盘
1828,10:24:09,10.63,--,41,43583,买盘
1829,10:24:03,10.63,0.01,20,21260,买盘
1830,10:23:59,10.62,-0.01,20,21240,卖盘
1831,10:23:54,10.63,--,138,146694,买盘
1832,10:23:48,10.63,0.01,9,9567,买盘
1833,10:23:44,10.62,-0.01,64,67968,卖盘
1834,10:23:39,10.63,0.02,38,40394,买盘
1835,10:23:33,10.61,-0.01,54,57315,卖盘
1836,10:23:29,10.62,--,31,32922,买盘
1837,10:23:24,10.62,--,554,588348,买盘
1838,10:23:18,10.62,0.01,28,29735,买盘
1839,10:23:14,10.61,-0.01,15,15915,卖盘
1840,10:23:09,10.62,--,70,74340,买盘
1841,10:23:03,10.62,0.01,308,327096,买盘
1842,10:22:59,10.61,-0.01,1044,1108723,卖盘
1843,10:22:54,10.62,--,58,61595,买盘
1844,10:22:48,10.62,--,169,179478,买盘
1845,10:22:44,10.62,--,41,43542,买盘
1846,10:22:39,10.62,--,73,77526,买盘
1847,10:22:33,10.62,0.01,18,19116,买盘
1848,10:22:29,10.61,-0.01,197,209017,卖盘
1849,10:22:24,10.62,--,100,106199,买盘
1850,10:22:18,10.62,0.01,100,106199,买盘
1851,10:22:14,10.61,-0.01,1,1061,卖盘
1852,10:22:09,10.62,--,56,59471,买盘
1853,10:22:03,10.62,-0.01,207,219833,卖盘
1854,10:21:59,10.63,--,9,9567,买盘
1855,10:21:54,10.63,0.01,41,43583,买盘
1856,10:21:48,10.62,--,48,50975,卖盘
1857,10:21:44,10.62,--,21,22302,卖盘
1858,10:21:39,10.62,--,338,358956,卖盘
1859,10:21:33,10.62,-0.01,89,94518,卖盘
1860,10:21:29,10.63,0.01,52,55276,买盘
1861,10:21:24,10.62,-0.01,104,110447,卖盘
1862,10:21:18,10.63,0.01,25,26575,买盘
1863,10:21:14,10.62,--,51,54161,卖盘
1864,10:21:09,10.62,--,108,114717,卖盘
1865,10:21:03,10.62,--,28,29735,卖盘
1866,10:20:59,10.62,-0.01,13,13805,卖盘
1867,10:20:54,10.63,0.01,32,34016,买盘
1868,10:20:48,10.62,--,68,72216,卖盘
1869,10:20:44,10.62,--,20,21240,卖盘
1870,10:20:39,10.62,--,64,67968,卖盘
1871,10:20:33,10.62,0.01,350,371700,买盘
1872,10:20:29,10.61,-0.01,7,7427,卖盘
1873,10:20:24,10.62,-0.01,341,362142,卖盘
1874,10:20:18,10.63,--,17,18071,买盘
1875,10:20:14,10.63,--,1,1063,买盘
1876,10:20:09,10.63,--,258,274785,卖盘
1877,10:20:03,10.63,-0.01,1,1063,卖盘
1878,10:19:59,10.64,--,32,34048,买盘
1879,10:19:54,10.64,0.01,47,50008,买盘
1880,10:19:48,10.63,-0.01,137,145631,卖盘
1881,10:19:44,10.64,--,24,25536,买盘
1882,10:19:39,10.64,-0.01,267,284088,卖盘
1883,10:19:33,10.65,--,130,138450,卖盘
1884,10:19:29,10.65,--,100,106500,卖盘
1885,10:19:24,10.65,--,861,916965,买盘
1886,10:19:18,10.65,--,42,44730,买盘
1887,10:19:14,10.65,--,159,169335,买盘
1888,10:19:09,10.65,--,37,39405,买盘
1889,10:19:03,10.65,--,90,95850,买盘
1890,10:18:59,10.65,--,8,8520,买盘
1891,10:18:54,10.65,--,126,134190,买盘
1892,10:18:48,10.65,--,89,94785,买盘
1893,10:18:44,10.65,--,23,24495,买盘
1894,10:18:39,10.65,0.01,26,27690,买盘
1895,10:18:33,10.64,-0.01,42,44688,卖盘
1896,10:18:29,10.65,0.01,1,1065,买盘
1897,10:18:24,10.64,--,3,3192,卖盘
1898,10:18:18,10.64,--,425,452200,买盘
1899,10:18:14,10.64,0.01,5,5320,买盘
1900,10:18:09,10.63,-0.01,57,61122,卖盘
1901,10:18:03,10.64,0.01,33,35112,买盘
1902,10:17:59,10.63,--,22,23386,卖盘
1903,10:17:54,10.63,--,21,22323,卖盘
1904,10:17:48,10.63,-0.01,41,43583,卖盘
1905,10:17:39,10.64,--,5,5320,买盘
1906,10:17:33,10.64,--,9,9576,买盘
1907,10:17:29,10.64,0.02,31,32984,买盘
1908,10:17:24,10.62,--,10,10620,卖盘
1909,10:17:18,10.62,-0.02,24,25487,中性盘
1910,10:17:14,10.64,0.02,164,174496,买盘
1911,10:17:09,10.62,--,182,193284,买盘
1912,10:17:03,10.62,--,39,41418,买盘
1913,10:16:59,10.62,--,377,400373,买盘
1914,10:16:54,10.62,--,87,92394,买盘
1915,10:16:48,10.62,--,77,81774,买盘
1916,10:16:44,10.62,--,231,245321,买盘
1917,10:16:39,10.62,--,17,18054,买盘
1918,10:16:33,10.62,--,38,40356,买盘
1919,10:16:27,10.62,--,24,25487,买盘
1920,10:16:23,10.62,--,9,9558,买盘
1921,10:16:18,10.62,--,29,30797,买盘
1922,10:16:12,10.62,--,38,40356,买盘
1923,10:16:08,10.62,--,323,343026,卖盘
1924,10:16:03,10.62,-0.03,719,763578,卖盘
1925,10:15:57,10.65,--,163,173595,买盘
1926,10:15:53,10.65,0.01,44,46860,买盘
1927,10:15:48,10.64,-0.01,150,159600,卖盘
1928,10:15:42,10.65,--,26,27690,买盘
1929,10:15:38,10.65,--,147,156555,买盘
1930,10:15:33,10.65,0.01,42,44730,买盘
1931,10:15:27,10.64,-0.01,175,186200,卖盘
1932,10:15:23,10.65,-0.01,87,92655,卖盘
1933,10:15:18,10.66,0.01,25,26650,买盘
1934,10:15:12,10.65,--,59,62835,买盘
1935,10:15:08,10.65,--,15,15975,买盘
1936,10:15:03,10.65,0.01,18,19170,买盘
1937,10:14:57,10.64,0.01,10,10640,买盘
1938,10:14:48,10.63,0.01,18,19134,买盘
1939,10:14:42,10.62,0.01,144,152928,买盘
1940,10:14:38,10.61,--,115,122015,卖盘
1941,10:14:33,10.61,-0.01,188,199468,卖盘
1942,10:14:27,10.62,0.01,116,123191,买盘
1943,10:14:23,10.61,-0.01,32,33952,中性盘
1944,10:14:18,10.62,0.02,35,37170,买盘
1945,10:14:12,10.6,--,22,23320,卖盘
1946,10:14:08,10.6,0.01,233,246980,中性盘
1947,10:14:03,10.59,-0.01,413,437367,卖盘
1948,10:13:57,10.6,--,372,394320,卖盘
1949,10:13:53,10.6,--,56,59360,卖盘
1950,10:13:48,10.6,--,163,172780,卖盘
1951,10:13:42,10.6,0.01,248,263102,买盘
1952,10:13:38,10.59,-0.01,61,64599,中性盘
1953,10:13:33,10.6,0.01,132,139920,买盘
1954,10:13:27,10.59,-0.01,448,474432,中性盘
1955,10:13:23,10.6,0.01,591,626460,买盘
1956,10:13:18,10.59,-0.01,311,329349,卖盘
1957,10:13:12,10.6,--,268,284080,买盘
1958,10:13:08,10.6,--,133,140980,买盘
1959,10:13:03,10.6,--,73,77380,买盘
1960,10:12:57,10.6,--,628,666114,卖盘
1961,10:12:53,10.6,--,79,83740,卖盘
1962,10:12:48,10.6,--,1138,1206788,卖盘
1963,10:12:42,10.6,--,123,130380,卖盘
1964,10:12:38,10.6,-0.03,5018,5319080,卖盘
1965,10:12:33,10.63,-0.01,639,679257,卖盘
1966,10:12:27,10.64,0.01,55,58520,买盘
1967,10:12:23,10.63,--,1,1063,卖盘
1968,10:12:18,10.63,-0.01,323,343349,卖盘
1969,10:12:12,10.64,0.01,83,88312,卖盘
1970,10:12:08,10.63,-0.01,47,49961,卖盘
1971,10:12:03,10.64,--,76,80864,买盘
1972,10:11:57,10.64,--,43,45752,买盘
1973,10:11:53,10.64,0.01,6,6384,买盘
1974,10:11:48,10.63,-0.01,172,182836,卖盘
1975,10:11:42,10.64,-0.01,92,97888,卖盘
1976,10:11:38,10.65,0.01,40,42600,买盘
1977,10:11:33,10.64,-0.01,78,82992,卖盘
1978,10:11:27,10.65,--,178,189570,买盘
1979,10:11:23,10.65,--,40,42600,买盘
1980,10:11:18,10.65,--,1537,1636905,卖盘
1981,10:11:12,10.65,--,55,58575,卖盘
1982,10:11:08,10.65,--,18,19170,卖盘
1983,10:11:03,10.65,0.01,23,24495,中性盘
1984,10:10:57,10.64,-0.01,37,39368,卖盘
1985,10:10:53,10.65,0.01,8,8520,中性盘
1986,10:10:48,10.64,-0.01,73,77672,卖盘
1987,10:10:42,10.65,0.01,140,149217,买盘
1988,10:10:38,10.64,--,476,506464,卖盘
1989,10:10:33,10.64,-0.01,138,146832,卖盘
1990,10:10:27,10.65,--,44,46860,买盘
1991,10:10:23,10.65,--,108,115020,买盘
1992,10:10:18,10.65,--,47,50055,买盘
1993,10:10:12,10.65,-0.01,520,554747,卖盘
1994,10:10:08,10.66,0.01,93,99138,买盘
1995,10:10:03,10.65,--,50,53250,卖盘
1996,10:09:57,10.65,0.01,107,114072,买盘
1997,10:09:53,10.64,--,263,279832,卖盘
1998,10:09:48,10.64,-0.02,65,69968,卖盘
1999,10:09:42,10.66,0.01,272,290207,买盘
2000,10:09:38,10.65,--,290,309659,卖盘
2001,10:09:32,10.65,--,11,11715,卖盘
2002,10:09:27,10.65,--,124,132060,卖盘
2003,10:09:22,10.65,--,91,96915,卖盘
2004,10:09:17,10.65,--,17,18105,卖盘
2005,10:09:12,10.65,--,202,215385,买盘
2006,10:09:08,10.65,--,447,476055,买盘
2007,10:09:03,10.65,--,56,59640,买盘
2008,10:08:57,10.65,--,152,161880,买盘
2009,10:08:52,10.65,-0.02,4851,5167124,卖盘
2010,10:08:47,10.67,-0.01,30,32010,卖盘
2011,10:08:42,10.68,--,113,120684,买盘
2012,10:08:36,10.68,--,51,54468,买盘
2013,10:08:32,10.68,--,58,61944,买盘
2014,10:08:27,10.68,--,140,149520,买盘
2015,10:08:21,10.68,--,108,115344,买盘
2016,10:08:17,10.68,-0.01,22,23496,中性盘
2017,10:08:12,10.69,0.01,51,54519,买盘
2018,10:08:06,10.68,-0.01,1119,1195092,中性盘
2019,10:08:02,10.69,0.01,284,304397,买盘
2020,10:07:57,10.68,--,167,178356,买盘
2021,10:07:51,10.68,0.01,147,156996,中性盘
2022,10:07:47,10.67,-0.02,205,218735,卖盘
2023,10:07:42,10.69,--,62,66278,买盘
2024,10:07:36,10.69,0.01,579,618951,买盘
2025,10:07:32,10.68,--,99,105732,买盘
2026,10:07:27,10.68,--,44,46992,买盘
2027,10:07:21,10.68,-0.01,95,101460,卖盘
2028,10:07:17,10.69,--,526,562294,买盘
2029,10:07:12,10.69,--,36,38484,买盘
2030,10:07:06,10.69,--,30,32070,买盘
2031,10:07:02,10.69,--,6,6414,买盘
2032,10:06:57,10.69,--,50,53450,买盘
2033,10:06:47,10.69,--,2,2138,买盘
2034,10:06:42,10.69,--,31,33139,买盘
2035,10:06:36,10.69,0.01,48,51312,买盘
2036,10:06:32,10.68,--,8,8544,买盘
2037,10:06:27,10.68,-0.01,138,147384,卖盘
2038,10:06:21,10.69,0.01,29,31001,中性盘
2039,10:06:17,10.68,-0.01,30,32040,中性盘
2040,10:06:12,10.69,--,53,56657,买盘
2041,10:06:06,10.69,0.02,957,1023033,买盘
2042,10:06:02,10.67,-0.01,14,14938,卖盘
2043,10:05:57,10.68,--,454,485395,买盘
2044,10:05:51,10.68,--,124,132432,买盘
2045,10:05:47,10.68,-0.01,388,414384,卖盘
2046,10:05:42,10.69,0.01,75,80175,买盘
2047,10:05:36,10.68,0.01,193,206124,中性盘
2048,10:05:32,10.67,-0.01,173,184591,卖盘
2049,10:05:27,10.68,-0.01,285,304380,卖盘
2050,10:05:21,10.69,0.01,103,110107,买盘
2051,10:05:17,10.68,-0.01,42,44856,卖盘
2052,10:05:12,10.69,--,76,81244,卖盘
2053,10:05:06,10.69,0.01,315,336735,买盘
2054,10:05:02,10.68,-0.01,283,302244,卖盘
2055,10:04:57,10.69,--,111,118659,买盘
2056,10:04:51,10.69,-0.01,510,545190,卖盘
2057,10:04:47,10.7,0.01,100,107000,买盘
2058,10:04:42,10.69,-0.01,175,187075,卖盘
2059,10:04:36,10.7,0.01,156,166920,买盘
2060,10:04:32,10.69,-0.01,211,225559,卖盘
2061,10:04:27,10.7,--,103,110209,买盘
2062,10:04:21,10.7,--,535,572450,买盘
2063,10:04:17,10.7,--,117,125189,买盘
2064,10:04:12,10.7,--,62,66340,买盘
2065,10:04:06,10.7,-0.01,218,233259,卖盘
2066,10:04:02,10.71,--,102,109242,卖盘
2067,10:03:57,10.71,--,294,314874,买盘
2068,10:03:51,10.71,0.01,161,172431,买盘
2069,10:03:47,10.7,--,97,103790,卖盘
2070,10:03:41,10.7,-0.01,46,49220,卖盘
2071,10:03:36,10.71,0.01,218,233478,买盘
2072,10:03:32,10.7,--,338,361660,买盘
2073,10:03:26,10.7,--,216,231119,买盘
2074,10:03:21,10.7,-0.01,228,243959,卖盘
2075,10:03:17,10.71,--,257,275247,买盘
2076,10:03:11,10.71,0.01,233,249543,买盘
2077,10:03:06,10.7,--,1192,1275440,卖盘
2078,10:03:02,10.7,-0.01,517,553190,卖盘
2079,10:02:56,10.71,0.01,193,206703,买盘
2080,10:02:51,10.7,-0.01,141,150870,卖盘
2081,10:02:47,10.71,0.01,211,225981,买盘
2082,10:02:41,10.7,--,13,13909,卖盘
2083,10:02:36,10.7,0.01,267,285690,买盘
2084,10:02:32,10.69,-0.01,907,969583,卖盘
2085,10:02:26,10.7,--,71,75970,买盘
2086,10:02:21,10.7,-0.02,1532,1640299,卖盘
2087,10:02:16,10.72,--,4395,4711440,买盘
2088,10:02:11,10.72,--,586,628192,卖盘
2089,10:02:06,10.72,--,4,4288,卖盘
2090,10:02:01,10.72,-0.02,92,98624,卖盘
2091,10:01:56,10.74,0.02,6,6444,卖盘
2092,10:01:51,10.72,-0.02,235,251920,卖盘
2093,10:01:46,10.74,0.02,156,167554,买盘
2094,10:01:41,10.72,--,75,80400,买盘
2095,10:01:36,10.72,--,96,102912,买盘
2096,10:01:31,10.72,-0.02,889,953008,卖盘
2097,10:01:26,10.74,--,17,18258,买盘
2098,10:01:21,10.74,--,918,985932,卖盘
2099,10:01:16,10.74,-0.01,88,94683,卖盘
2100,10:01:11,10.75,--,17,19178,买盘
2101,10:01:06,10.75,-0.01,516,554872,卖盘
2102,10:01:01,10.76,--,16,17216,买盘
2103,10:00:56,10.76,--,44,47344,买盘
2104,10:00:51,10.76,-0.03,43,46268,中性盘
2105,10:00:46,10.79,--,1037,1118923,买盘
2106,10:00:41,10.79,0.01,264,284856,买盘
2107,10:00:36,10.78,--,1,1078,买盘
2108,10:00:31,10.78,-0.01,8,8624,卖盘
2109,10:00:26,10.79,0.03,61,65819,买盘
2110,10:00:21,10.76,-0.03,1013,1089988,卖盘
2111,10:00:15,10.79,--,18,19422,买盘
2112,10:00:11,10.79,--,73,78767,买盘
2113,10:00:06,10.79,0.01,25,26974,买盘
2114,10:00:00,10.78,--,114,122891,卖盘
2115,09:59:45,10.78,0.02,190,204820,买盘
2116,09:59:41,10.76,-0.02,30,32280,卖盘
2117,09:59:36,10.78,--,20,21560,买盘
2118,09:59:30,10.78,--,38,40964,买盘
2119,09:59:26,10.78,--,21,22638,买盘
2120,09:59:21,10.78,-0.01,362,390236,卖盘
2121,09:59:15,10.79,--,15,16184,卖盘
2122,09:59:06,10.79,0.01,97,104662,买盘
2123,09:59:00,10.78,-0.02,67,72226,卖盘
2124,09:58:56,10.8,--,100,108000,买盘
2125,09:58:51,10.8,--,564,609120,买盘
2126,09:58:45,10.8,--,570,615600,买盘
2127,09:58:41,10.8,--,138,149040,买盘
2128,09:58:36,10.8,0.01,620,669600,买盘
2129,09:58:30,10.79,-0.01,682,735878,卖盘
2130,09:58:26,10.8,0.02,23,24840,买盘
2131,09:58:21,10.78,-0.02,322,347116,卖盘
2132,09:58:15,10.8,0.05,104,112320,买盘
2133,09:58:11,10.75,-0.03,911,979325,卖盘
2134,09:58:06,10.78,-0.01,10,10780,卖盘
2135,09:58:00,10.79,0.02,113,121926,买盘
2136,09:57:51,10.77,--,426,458802,卖盘
2137,09:57:45,10.77,0.02,420,453244,买盘
2138,09:57:41,10.75,--,350,376250,买盘
2139,09:57:36,10.75,--,208,223600,买盘
2140,09:57:30,10.75,--,189,203605,卖盘
2141,09:57:26,10.75,--,27,29025,卖盘
2142,09:57:21,10.75,--,179,193070,买盘
2143,09:57:15,10.75,0.01,113,121475,买盘
2144,09:57:11,10.74,-0.01,25,26850,卖盘
2145,09:57:06,10.75,--,5636,6058700,买盘
2146,09:57:00,10.75,0.01,36,38700,买盘
2147,09:56:56,10.74,-0.01,67,71958,卖盘
2148,09:56:51,10.75,0.01,53,56975,买盘
2149,09:56:45,10.74,--,198,212652,买盘
2150,09:56:41,10.74,-0.01,218,234561,卖盘
2151,09:56:36,10.75,--,68,73100,买盘
2152,09:56:30,10.75,--,79,84925,买盘
2153,09:56:26,10.75,--,43,46225,卖盘
2154,09:56:20,10.75,-0.01,67,72025,卖盘
2155,09:56:15,10.76,--,33,35508,买盘
2156,09:56:11,10.76,0.03,54,58749,买盘
2157,09:56:05,10.73,--,70,75110,买盘
2158,09:56:00,10.73,-0.02,2906,3118567,卖盘
2159,09:55:56,10.75,--,595,639625,买盘
2160,09:55:50,10.75,--,26,27950,买盘
2161,09:55:45,10.75,0.01,161,173075,买盘
2162,09:55:40,10.74,-0.01,136,146064,卖盘
2163,09:55:35,10.75,--,52,55900,买盘
2164,09:55:30,10.75,--,41,44075,买盘
2165,09:55:25,10.75,--,148,159100,买盘
2166,09:55:20,10.75,--,24,25800,买盘
2167,09:55:15,10.75,--,115,123625,买盘
2168,09:55:11,10.75,--,135,145125,买盘
2169,09:55:05,10.75,--,21,22575,买盘
2170,09:55:00,10.75,--,115,123625,买盘
2171,09:54:56,10.75,--,924,993300,买盘
2172,09:54:50,10.75,--,73,78475,买盘
2173,09:54:45,10.75,--,367,394525,卖盘
2174,09:54:41,10.75,-0.03,287,308525,卖盘
2175,09:54:35,10.78,0.03,3,3234,买盘
2176,09:54:30,10.75,--,401,431075,买盘
2177,09:54:25,10.75,--,63,67725,买盘
2178,09:54:20,10.75,--,280,301000,卖盘
2179,09:54:15,10.75,--,25,26875,卖盘
2180,09:54:10,10.75,--,113,121475,买盘
2181,09:54:05,10.75,--,30,32250,买盘
2182,09:54:00,10.75,--,868,933100,卖盘
2183,09:53:50,10.75,-0.03,150,161250,卖盘
2184,09:53:45,10.78,0.03,43,46354,买盘
2185,09:53:40,10.75,--,81,87085,买盘
2186,09:53:35,10.75,0.01,14,15050,买盘
2187,09:53:30,10.74,-0.01,71,76254,卖盘
2188,09:53:25,10.75,--,148,159100,买盘
2189,09:53:20,10.75,0.01,151,162325,买盘
2190,09:53:15,10.74,-0.01,182,195468,卖盘
2191,09:53:10,10.75,--,127,136525,买盘
2192,09:53:00,10.75,0.01,59,63425,买盘
2193,09:52:55,10.74,-0.01,34,36516,卖盘
2194,09:52:50,10.75,--,70,75250,买盘
2195,09:52:45,10.75,--,190,204250,买盘
2196,09:52:40,10.75,--,72,77400,买盘
2197,09:52:35,10.75,0.01,70,75250,买盘
2198,09:52:30,10.74,-0.01,146,156804,卖盘
2199,09:52:25,10.75,--,44,47300,买盘
2200,09:52:20,10.75,--,42,45150,买盘
2201,09:52:15,10.75,--,85,91375,买盘
2202,09:52:09,10.75,--,92,98900,买盘
2203,09:52:05,10.75,--,41,44075,买盘
2204,09:52:00,10.75,-0.02,234,251550,卖盘
2205,09:51:54,10.77,0.02,10,10770,买盘
2206,09:51:45,10.75,--,33,35475,卖盘
2207,09:51:39,10.75,0.01,121,130075,买盘
2208,09:51:35,10.74,-0.01,79,84846,卖盘
2209,09:51:30,10.75,--,269,289175,买盘
2210,09:51:24,10.75,--,29,31175,买盘
2211,09:51:20,10.75,0.01,59,63425,买盘
2212,09:51:15,10.74,-0.01,79,84846,卖盘
2213,09:51:09,10.75,0.01,17,18275,买盘
2214,09:51:05,10.74,-0.01,116,124584,卖盘
2215,09:51:00,10.75,0.01,69,74175,买盘
2216,09:50:54,10.74,--,94,100956,卖盘
2217,09:50:50,10.74,-0.01,191,205134,卖盘
2218,09:50:45,10.75,--,221,237575,买盘
2219,09:50:39,10.75,--,324,348300,买盘
2220,09:50:35,10.75,--,22,23650,买盘
2221,09:50:30,10.75,--,95,102125,买盘
2222,09:50:24,10.75,--,189,203175,买盘
2223,09:50:20,10.75,--,30,32250,买盘
2224,09:50:15,10.75,--,173,185975,买盘
2225,09:50:09,10.75,--,280,301000,卖盘
2226,09:50:00,10.75,--,158,169850,买盘
2227,09:49:54,10.75,0.01,63,67725,买盘
2228,09:49:50,10.74,-0.01,34,36516,卖盘
2229,09:49:45,10.75,--,333,357975,买盘
2230,09:49:39,10.75,0.01,86,92450,买盘
2231,09:49:35,10.74,-0.01,305,327570,卖盘
2232,09:49:29,10.75,--,139,149425,买盘
2233,09:49:24,10.75,0.01,86,92450,买盘
2234,09:49:20,10.74,--,337,361938,卖盘
2235,09:49:14,10.74,--,73,78402,卖盘
2236,09:49:09,10.74,-0.01,354,380196,卖盘
2237,09:49:05,10.75,0.01,383,411961,买盘
2238,09:48:59,10.74,-0.01,201,215874,卖盘
2239,09:48:54,10.75,0.01,147,158025,买盘
2240,09:48:50,10.74,-0.01,114,122436,卖盘
2241,09:48:44,10.75,0.01,117,125775,买盘
2242,09:48:39,10.74,--,278,298572,卖盘
2243,09:48:35,10.74,-0.01,1024,1099776,卖盘
2244,09:48:29,10.75,--,20,21500,买盘
2245,09:48:24,10.75,--,90,96750,买盘
2246,09:48:20,10.75,--,29,31175,买盘
2247,09:48:14,10.75,-0.02,476,512538,卖盘
2248,09:48:09,10.77,--,40,43080,买盘
2249,09:48:04,10.77,0.02,12,12924,中性盘
2250,09:47:59,10.75,-0.03,1205,1296149,卖盘
2251,09:47:54,10.78,--,117,126125,买盘
2252,09:47:49,10.78,0.01,3,3234,买盘
2253,09:47:44,10.77,--,54,58158,卖盘
2254,09:47:39,10.77,-0.02,67,72159,卖盘
2255,09:47:34,10.79,--,0,0,买盘
2256,09:47:29,10.79,--,5,5395,买盘
2257,09:47:24,10.79,--,245,264355,买盘
2258,09:47:19,10.79,--,83,89557,买盘
2259,09:47:14,10.79,--,10,10790,买盘
2260,09:47:09,10.79,--,34,36686,买盘
2261,09:47:04,10.79,--,54,58265,卖盘
2262,09:46:59,10.79,--,10,10790,卖盘
2263,09:46:54,10.79,--,10,10790,卖盘
2264,09:46:49,10.79,--,113,121926,卖盘
2265,09:46:39,10.79,0.01,85,91715,买盘
2266,09:46:34,10.78,-0.01,165,177870,卖盘
2267,09:46:29,10.79,--,58,62581,卖盘
2268,09:46:24,10.79,--,17,18343,卖盘
2269,09:46:14,10.79,--,76,82004,卖盘
2270,09:46:09,10.79,--,56,60423,卖盘
2271,09:46:04,10.79,-0.01,27,29132,卖盘
2272,09:45:59,10.8,0.01,21,22680,买盘
2273,09:45:54,10.79,-0.01,76,82004,卖盘
2274,09:45:49,10.8,--,76,82080,买盘
2275,09:45:44,10.8,--,33,35640,买盘
2276,09:45:39,10.8,--,37,40230,卖盘
2277,09:45:34,10.8,--,83,89640,卖盘
2278,09:45:29,10.8,--,25,27000,卖盘
2279,09:45:24,10.8,--,20,21600,卖盘
2280,09:45:19,10.8,0.02,347,375570,买盘
2281,09:45:14,10.78,-0.01,29,31261,卖盘
2282,09:45:09,10.79,--,17,18343,买盘
2283,09:45:04,10.79,--,21,22659,买盘
2284,09:44:59,10.79,--,200,215799,卖盘
2285,09:44:54,10.79,-0.01,102,110057,卖盘
2286,09:44:49,10.8,--,23,24840,买盘
2287,09:44:39,10.8,0.01,238,257040,买盘
2288,09:44:34,10.79,0.01,24,25895,买盘
2289,09:44:29,10.78,--,71,76538,卖盘
2290,09:44:24,10.78,0.01,113,121814,买盘
2291,09:44:18,10.77,--,14,15078,卖盘
2292,09:44:09,10.77,0.02,11,11847,买盘
2293,09:44:03,10.75,--,240,258000,卖盘
2294,09:43:59,10.75,--,0,0,卖盘
2295,09:43:54,10.75,-0.01,104,112337,卖盘
2296,09:43:48,10.76,0.01,288,309888,买盘
2297,09:43:39,10.75,--,73,78475,卖盘
2298,09:43:33,10.75,--,467,502025,买盘
2299,09:43:29,10.75,0.01,93,99975,买盘
2300,09:43:24,10.74,-0.01,328,352272,卖盘
2301,09:43:18,10.75,-0.01,420,451500,卖盘
2302,09:43:14,10.76,0.01,20,21520,买盘
2303,09:43:09,10.75,--,388,417100,卖盘
2304,09:43:03,10.75,--,1649,1772675,买盘
2305,09:42:59,10.75,0.01,45,48375,买盘
2306,09:42:54,10.74,--,499,536248,卖盘
2307,09:42:48,10.74,-0.01,20,21480,卖盘
2308,09:42:44,10.75,0.02,57,61275,买盘
2309,09:42:38,10.73,-0.02,119,127687,卖盘
2310,09:42:33,10.75,0.01,414,445136,买盘
2311,09:42:29,10.74,-0.01,37,39738,卖盘
2312,09:42:23,10.75,--,37,39775,买盘
2313,09:42:18,10.75,0.01,135,145125,卖盘
2314,09:42:14,10.74,-0.02,1721,1848354,卖盘
2315,09:42:08,10.76,--,14,15064,买盘
2316,09:42:03,10.76,--,220,236720,卖盘
2317,09:41:59,10.76,-0.01,250,269000,卖盘
2318,09:41:53,10.77,--,6,6462,买盘
2319,09:41:48,10.77,-0.01,325,350025,卖盘
2320,09:41:43,10.78,--,274,295372,卖盘
2321,09:41:38,10.78,-0.01,51,54978,卖盘
2322,09:41:33,10.79,--,343,370096,卖盘
2323,09:41:29,10.79,--,34,36686,卖盘
2324,09:41:23,10.79,--,13,14026,卖盘
2325,09:41:18,10.79,--,215,231984,卖盘
2326,09:41:13,10.79,-0.01,90,97109,卖盘
2327,09:41:08,10.8,--,23,25110,卖盘
2328,09:41:03,10.8,--,131,142290,买盘
2329,09:40:58,10.8,--,389,420120,买盘
2330,09:40:48,10.8,--,167,180360,买盘
2331,09:40:43,10.8,-0.02,303,327510,卖盘
2332,09:40:38,10.82,0.01,2,2164,买盘
2333,09:40:33,10.81,-0.01,37,39997,卖盘
2334,09:40:28,10.82,0.02,396,428472,买盘
2335,09:40:23,10.8,-0.02,800,864000,卖盘
2336,09:40:18,10.82,-0.01,732,792024,卖盘
2337,09:40:13,10.83,--,173,187359,买盘
2338,09:40:08,10.83,--,1,1083,买盘
2339,09:39:58,10.83,0.03,121,131043,买盘
2340,09:39:53,10.8,-0.03,834,900720,卖盘
2341,09:39:48,10.83,-0.01,31,33573,卖盘
2342,09:39:43,10.84,--,25,27100,买盘
2343,09:39:38,10.84,--,29,31436,买盘
2344,09:39:33,10.84,0.01,148,160432,买盘
2345,09:39:28,10.83,--,17,18411,卖盘
2346,09:39:23,10.83,--,32,34656,卖盘
2347,09:39:18,10.83,--,18,19494,卖盘
2348,09:39:13,10.83,0.01,84,90972,买盘
2349,09:39:03,10.82,0.01,79,85478,中性盘
2350,09:38:58,10.81,-0.02,622,672382,卖盘
2351,09:38:48,10.83,0.02,217,235011,买盘
2352,09:38:43,10.81,-0.01,78,84318,卖盘
2353,09:38:38,10.82,0.01,414,447948,中性盘
2354,09:38:33,10.81,--,114,123234,卖盘
2355,09:38:28,10.81,-0.01,23,24863,卖盘
2356,09:38:23,10.82,--,74,80068,买盘
2357,09:38:18,10.82,0.02,68,73576,买盘
2358,09:38:13,10.8,-0.03,602,650160,卖盘
2359,09:38:08,10.83,0.02,6,6498,买盘
2360,09:38:03,10.81,0.01,59,64589,买盘
2361,09:37:58,10.8,-0.01,444,479790,卖盘
2362,09:37:53,10.81,0.01,30,32430,卖盘
2363,09:37:48,10.8,-0.01,129,139320,卖盘
2364,09:37:43,10.81,0.01,885,957495,买盘
2365,09:37:38,10.8,--,15,16200,卖盘
2366,09:37:33,10.8,--,23,24840,卖盘
2367,09:37:28,10.8,--,672,725760,买盘
2368,09:37:23,10.8,--,65,70200,买盘
2369,09:37:18,10.8,--,163,176040,买盘
2370,09:37:13,10.8,--,176,190080,买盘
2371,09:37:08,10.8,--,128,138240,买盘
2372,09:37:03,10.8,--,423,456840,买盘
2373,09:36:58,10.8,0.01,276,298080,买盘
2374,09:36:53,10.79,-0.02,250,269750,卖盘
2375,09:36:48,10.81,0.01,239,258359,买盘
2376,09:36:42,10.8,--,742,801360,买盘
2377,09:36:37,10.8,--,38,41040,买盘
2378,09:36:33,10.8,--,80,86400,买盘
2379,09:36:27,10.8,--,172,185760,买盘
2380,09:36:22,10.8,--,570,615600,卖盘
2381,09:36:18,10.8,-0.01,85,91800,卖盘
2382,09:36:12,10.81,-0.02,88,95128,卖盘
2383,09:36:07,10.83,-0.01,7,7581,中性盘
2384,09:36:03,10.84,0.02,1340,1452560,买盘
2385,09:35:57,10.82,-0.01,1139,1232398,卖盘
2386,09:35:52,10.83,--,89,96387,卖盘
2387,09:35:37,10.83,-0.01,66,71564,卖盘
2388,09:35:32,10.84,--,10,10840,卖盘
2389,09:35:27,10.84,-0.01,168,182112,卖盘
2390,09:35:22,10.85,--,1,1085,买盘
2391,09:35:17,10.85,--,3,3255,买盘
2392,09:35:12,10.85,--,82,88970,卖盘
2393,09:35:07,10.85,--,341,369985,卖盘
2394,09:35:02,10.85,--,44,47740,卖盘
2395,09:34:57,10.85,-0.01,202,220168,卖盘
2396,09:34:47,10.86,0.01,6,6516,中性盘
2397,09:34:42,10.85,-0.01,332,360220,卖盘
2398,09:34:37,10.86,--,15,16290,买盘
2399,09:34:32,10.86,--,12,13032,买盘
2400,09:34:27,10.86,0.01,133,144438,中性盘
2401,09:34:22,10.85,-0.02,104,112840,卖盘
2402,09:34:17,10.87,--,4,4348,买盘
2403,09:34:12,10.87,0.02,17,18479,买盘
2404,09:34:07,10.85,-0.03,140,152171,卖盘
2405,09:34:02,10.88,0.01,34,37808,买盘
2406,09:33:57,10.87,-0.01,26,28261,中性盘
2407,09:33:52,10.88,0.01,642,698768,买盘
2408,09:33:47,10.87,-0.01,56,60871,卖盘
2409,09:33:42,10.88,0.01,33,35904,中性盘
2410,09:33:37,10.87,--,204,221747,卖盘
2411,09:33:32,10.87,--,230,251031,卖盘
2412,09:33:27,10.87,--,70,76090,卖盘
2413,09:33:22,10.87,--,1,1087,卖盘
2414,09:33:17,10.87,-0.01,66,71742,卖盘
2415,09:33:12,10.88,0.01,271,294848,买盘
2416,09:33:07,10.87,-0.01,225,244574,卖盘
2417,09:33:02,10.88,0.01,93,101184,买盘
2418,09:32:57,10.87,--,50,54349,卖盘
2419,09:32:52,10.87,--,22,23914,卖盘
2420,09:32:47,10.87,0.04,260,283500,买盘
2421,09:32:42,10.83,-0.02,60,64980,卖盘
2422,09:32:37,10.85,--,80,86800,卖盘
2423,09:32:32,10.85,0.03,19,20615,买盘
2424,09:32:27,10.82,--,36,38952,卖盘
2425,09:32:22,10.82,0.02,33,35706,中性盘
2426,09:32:17,10.8,-0.01,429,464378,卖盘
2427,09:32:12,10.81,0.01,109,117829,卖盘
2428,09:32:07,10.8,--,203,219240,买盘
2429,09:32:02,10.8,--,104,112320,买盘
2430,09:31:57,10.8,--,338,365040,买盘
2431,09:31:52,10.8,--,363,392040,买盘
2432,09:31:47,10.8,--,53,57240,买盘
2433,09:31:42,10.8,--,166,179280,买盘
2434,09:31:37,10.8,--,763,824040,买盘
2435,09:31:32,10.8,--,100,108000,买盘
2436,09:31:27,10.8,0.01,317,342360,买盘
2437,09:31:22,10.79,-0.01,516,556764,卖盘
2438,09:31:17,10.8,--,31,33480,买盘
2439,09:31:12,10.8,--,204,220320,买盘
2440,09:31:07,10.8,--,288,311040,买盘
2441,09:31:02,10.8,--,27,29160,买盘
2442,09:30:57,10.8,-0.03,91,98280,卖盘
2443,09:30:52,10.83,0.03,1108,1199964,买盘
2444,09:30:47,10.8,--,30,32400,买盘
2445,09:30:42,10.8,-0.02,804,869065,卖盘
2446,09:30:32,10.82,-0.03,600,649200,卖盘
2447,09:30:27,10.85,--,10,10850,卖盘
2448,09:30:22,10.85,--,11,11935,卖盘
2449,09:30:17,10.85,-0.01,70,75950,买盘
2450,09:30:12,10.86,--,257,279102,买盘
2451,09:30:07,10.86,0.05,909,987890,中性盘
2452,09:30:02,10.81,-0.05,400,432400,卖盘
2453,09:28:55,10.86,--,0,0,卖盘
2454,09:25:04,10.86,10.86,414,450309,买盘
