,time,price,change,volume,amount,type
0,15:00:00,10.34,--,0,0,卖盘
1,15:00:00,10.34,--,0,0,卖盘
2,15:00:00,10.34,-0.01,37,38258,卖盘
3,14:59:58,10.35,0.01,176,182160,买盘
4,14:59:53,10.34,--,64,66176,卖盘
5,14:59:48,10.34,-0.01,169,174746,卖盘
6,14:59:43,10.35,--,30,31050,买盘
7,14:59:38,10.35,--,348,360180,买盘
8,14:59:33,10.35,--,308,318780,买盘
9,14:59:28,10.35,0.01,10,10350,买盘
10,14:59:23,10.34,--,40,41360,买盘
11,14:59:18,10.34,--,18,18612,买盘
12,14:59:13,10.34,-0.01,27,27918,卖盘
13,14:59:08,10.35,--,14,14490,买盘
14,14:59:03,10.35,0.01,893,924255,买盘
15,14:58:58,10.34,--,29,29986,买盘
16,14:58:53,10.34,--,55,56870,买盘
17,14:58:48,10.34,--,3,3102,买盘
18,14:58:43,10.34,0.01,5,5170,买盘
19,14:58:38,10.33,-0.01,145,149785,卖盘
20,14:58:33,10.34,--,8,8272,买盘
21,14:58:23,10.34,--,376,388784,买盘
22,14:58:18,10.34,--,2009,2077936,卖盘
23,14:58:13,10.34,--,170,175780,卖盘
24,14:58:08,10.34,-0.01,190,196460,卖盘
25,14:58:03,10.35,--,84,86940,买盘
26,14:57:58,10.35,--,680,703800,买盘
27,14:57:53,10.35,--,31,32085,买盘
28,14:57:48,10.35,0.01,23,23805,买盘
29,14:57:43,10.34,-0.01,53,54802,卖盘
30,14:57:37,10.35,--,45,46575,买盘
31,14:57:33,10.35,0.01,33,34155,买盘
32,14:57:28,10.34,--,220,227480,卖盘
33,14:57:23,10.34,--,271,280617,买盘
34,14:57:18,10.34,--,168,173712,买盘
35,14:57:13,10.34,--,387,400158,买盘
36,14:57:07,10.34,--,998,1031932,买盘
37,14:57:03,10.34,0.01,1,1034,买盘
38,14:56:52,10.33,-0.01,19,19627,卖盘
39,14:56:48,10.34,--,3,3102,买盘
40,14:56:42,10.34,--,10,10340,买盘
41,14:56:37,10.34,--,19,19646,买盘
42,14:56:33,10.34,--,24,24816,买盘
43,14:56:27,10.34,--,27,27918,买盘
44,14:56:12,10.34,--,218,225412,买盘
45,14:56:07,10.34,--,20,20680,买盘
46,14:56:03,10.34,--,6,6204,买盘
47,14:55:53,10.34,--,2,2068,买盘
48,14:55:48,10.34,0.01,55,56870,买盘
49,14:55:42,10.33,--,10,10330,卖盘
50,14:55:37,10.33,-0.01,36,37188,卖盘
51,14:55:33,10.34,--,17,17578,买盘
52,14:55:27,10.34,0.01,18,18612,买盘
53,14:55:22,10.33,-0.01,18,18594,卖盘
54,14:55:17,10.34,--,240,248160,买盘
55,14:55:12,10.34,--,19,19646,买盘
56,14:55:07,10.34,--,70,72380,买盘
57,14:55:02,10.34,--,2,2068,买盘
58,14:54:57,10.34,--,54,55836,买盘
59,14:54:52,10.34,--,2,2068,买盘
60,14:54:47,10.34,--,6,6204,买盘
61,14:54:37,10.34,--,52,53768,买盘
62,14:54:27,10.34,--,29,29986,买盘
63,14:54:22,10.34,0.01,86,88924,买盘
64,14:54:17,10.33,-0.01,48,49584,买盘
65,14:54:07,10.34,0.01,24,24816,买盘
66,14:53:57,10.33,-0.01,15,15495,卖盘
67,14:53:52,10.34,0.01,33,34122,买盘
68,14:53:47,10.33,-0.01,27,27891,卖盘
69,14:53:37,10.34,0.01,3,3102,买盘
70,14:53:32,10.33,-0.01,25,25825,卖盘
71,14:53:27,10.34,0.01,1,1034,买盘
72,14:53:17,10.33,--,30,30990,卖盘
73,14:53:12,10.33,--,48,49584,买盘
74,14:53:07,10.33,--,6,6198,买盘
75,14:53:02,10.33,-0.01,16,16528,卖盘
76,14:52:52,10.34,--,87,89958,买盘
77,14:52:47,10.34,0.01,903,934446,买盘
78,14:52:37,10.33,--,3,3099,买盘
79,14:52:32,10.33,--,21,21693,买盘
80,14:52:17,10.33,0.01,3,3099,买盘
81,14:52:12,10.32,--,7,7224,卖盘
82,14:52:07,10.32,--,80,82560,卖盘
83,14:51:47,10.32,--,55,56760,卖盘
84,14:51:42,10.32,--,242,249744,卖盘
85,14:51:37,10.32,-0.01,13,13416,卖盘
86,14:51:32,10.33,0.01,24,24792,买盘
87,14:51:22,10.32,-0.01,50,51600,卖盘
88,14:51:17,10.33,--,8,8264,买盘
89,14:51:07,10.33,0.01,1,1033,买盘
90,14:50:57,10.32,-0.01,37,38184,卖盘
91,14:50:47,10.33,0.01,100,103300,卖盘
92,14:50:42,10.32,-0.01,177,182664,卖盘
93,14:50:37,10.33,--,55,56815,买盘
94,14:50:27,10.33,--,15,15495,买盘
95,14:50:22,10.33,-0.01,49,50617,卖盘
96,14:50:17,10.34,0.01,56,57904,买盘
97,14:50:12,10.33,--,1,1033,买盘
98,14:50:07,10.33,0.01,3,3099,买盘
99,14:49:57,10.32,-0.01,15,15480,卖盘
100,14:49:47,10.33,-0.01,10,10330,中性盘
101,14:49:42,10.34,--,327,338118,买盘
102,14:49:37,10.34,0.01,482,498388,买盘
103,14:49:31,10.33,--,262,270646,卖盘
104,14:49:27,10.33,--,11,11363,卖盘
105,14:49:17,10.33,--,51,52683,卖盘
106,14:49:12,10.33,-0.01,420,433860,卖盘
107,14:49:07,10.34,--,5,5170,买盘
108,14:49:01,10.34,0.01,401,414634,买盘
109,14:48:57,10.33,--,13,13429,卖盘
110,14:48:52,10.33,-0.01,261,269613,卖盘
111,14:48:46,10.34,--,48,49632,买盘
112,14:48:36,10.34,--,2,2068,买盘
113,14:48:31,10.34,0.01,94,97196,买盘
114,14:48:27,10.33,-0.01,5,5165,卖盘
115,14:48:16,10.34,0.01,21,21714,买盘
116,14:48:11,10.33,-0.01,288,297504,卖盘
117,14:48:06,10.34,--,2,2068,买盘
118,14:48:01,10.34,0.01,1,1034,买盘
119,14:47:56,10.33,--,11,11363,卖盘
120,14:47:46,10.33,-0.01,5,5165,卖盘
121,14:47:41,10.34,--,78,80652,买盘
122,14:47:36,10.34,0.01,2,2068,买盘
123,14:47:31,10.33,--,11,11363,卖盘
124,14:47:26,10.33,--,37,38221,卖盘
125,14:47:16,10.33,-0.01,256,264448,卖盘
126,14:47:06,10.34,0.01,2,2068,买盘
127,14:47:01,10.33,0.01,130,134290,卖盘
128,14:46:56,10.32,-0.02,2,2064,卖盘
129,14:46:51,10.34,--,3,3102,买盘
130,14:46:46,10.34,--,1,1034,买盘
131,14:46:41,10.34,0.01,190,196460,买盘
132,14:46:36,10.33,--,23,23759,买盘
133,14:46:31,10.33,--,173,178709,买盘
134,14:46:26,10.33,--,2,2066,买盘
135,14:46:20,10.33,--,1,1033,买盘
136,14:46:16,10.33,--,2,2066,买盘
137,14:46:11,10.33,--,74,76442,卖盘
138,14:46:06,10.33,--,58,59914,卖盘
139,14:46:01,10.33,0.01,2,2066,中性盘
140,14:45:56,10.32,-0.02,1,1032,卖盘
141,14:45:51,10.34,--,108,111672,买盘
142,14:45:46,10.34,--,0,0,买盘
143,14:45:40,10.34,0.01,203,209902,买盘
144,14:45:36,10.33,--,19,19627,买盘
145,14:45:31,10.33,--,1,1033,买盘
146,14:45:26,10.33,0.01,108,111564,买盘
147,14:45:16,10.32,-0.01,18,18658,卖盘
148,14:45:06,10.33,--,296,305768,买盘
149,14:45:01,10.33,0.01,127,131191,买盘
150,14:44:56,10.32,--,0,72,卖盘
151,14:44:46,10.32,-0.01,170,175440,卖盘
152,14:44:41,10.33,0.01,2,2066,买盘
153,14:44:35,10.32,-0.01,100,103200,卖盘
154,14:44:31,10.33,--,2,2066,买盘
155,14:44:25,10.33,0.01,54,55782,买盘
156,14:44:21,10.32,-0.01,15,15480,卖盘
157,14:44:16,10.33,0.01,4,4132,买盘
158,14:44:11,10.32,-0.01,50,51600,卖盘
159,14:44:01,10.33,--,120,124600,买盘
160,14:43:55,10.33,--,38,39254,买盘
161,14:43:31,10.33,0.01,1,1033,买盘
162,14:43:26,10.32,-0.01,105,108360,买盘
163,14:43:10,10.33,0.02,3,3099,买盘
164,14:43:06,10.31,-0.02,17,17599,卖盘
165,14:42:50,10.33,--,20,20660,买盘
166,14:42:41,10.33,--,102,105366,买盘
167,14:42:35,10.33,0.01,29,29957,买盘
168,14:42:26,10.32,--,0,0,卖盘
169,14:42:21,10.32,0.01,10,10320,中性盘
170,14:42:11,10.31,--,13,13980,卖盘
171,14:42:06,10.31,-0.02,154,159413,卖盘
172,14:41:56,10.33,--,1,1033,买盘
173,14:41:45,10.33,--,6,6198,买盘
174,14:41:41,10.33,--,39,40287,买盘
175,14:41:35,10.33,--,22,22726,买盘
176,14:41:30,10.33,--,23,23759,买盘
177,14:41:26,10.33,0.01,113,116729,买盘
178,14:41:21,10.32,--,11,11352,买盘
179,14:41:11,10.32,--,12,12384,买盘
180,14:41:06,10.32,--,1,1032,买盘
181,14:41:01,10.32,--,4,4128,卖盘
182,14:40:55,10.32,-0.01,1060,1094095,卖盘
183,14:40:41,10.33,0.01,9,9297,买盘
184,14:40:31,10.32,-0.01,3,3096,卖盘
185,14:40:25,10.33,--,11,11363,买盘
186,14:40:19,10.33,0.01,1,1033,买盘
187,14:40:10,10.32,-0.01,2,2714,卖盘
188,14:40:05,10.33,--,112,115696,买盘
189,14:40:01,10.33,--,37,38221,买盘
190,14:39:55,10.33,0.01,1,1033,买盘
191,14:39:45,10.32,-0.01,17,17544,卖盘
192,14:39:40,10.33,--,1,1033,买盘
193,14:39:35,10.33,0.01,231,238623,买盘
194,14:39:25,10.32,-0.01,70,72240,卖盘
195,14:39:10,10.33,0.01,16,17168,买盘
196,14:39:04,10.32,--,5,5160,卖盘
197,14:39:00,10.32,-0.01,2,2064,卖盘
198,14:38:50,10.33,--,1,1033,买盘
199,14:38:45,10.33,--,186,192138,买盘
200,14:38:40,10.33,--,43,44419,买盘
201,14:38:35,10.33,0.01,101,104333,买盘
202,14:38:25,10.32,-0.01,90,92880,卖盘
203,14:38:20,10.33,0.01,101,104333,买盘
204,14:38:15,10.32,-0.01,1,1032,卖盘
205,14:38:10,10.33,0.01,38,39904,买盘
206,14:38:05,10.32,-0.01,255,263160,卖盘
207,14:38:00,10.33,0.01,50,51650,买盘
208,14:37:55,10.32,--,54,55728,卖盘
209,14:37:50,10.32,-0.01,55,56760,卖盘
210,14:37:40,10.33,--,1,1033,买盘
211,14:37:35,10.33,--,39,40287,买盘
212,14:37:30,10.33,0.01,104,107432,买盘
213,14:37:25,10.32,-0.01,20,20640,卖盘
214,14:37:20,10.33,0.01,150,155590,买盘
215,14:37:15,10.32,--,41,42312,卖盘
216,14:37:10,10.32,-0.01,31,31992,卖盘
217,14:37:04,10.33,0.01,379,391507,买盘
218,14:37:00,10.32,-0.01,4,4128,卖盘
219,14:36:55,10.33,0.01,6,6198,买盘
220,14:36:49,10.32,--,100,103200,卖盘
221,14:36:40,10.32,--,39,40248,卖盘
222,14:36:29,10.32,--,5,5160,卖盘
223,14:36:25,10.32,-0.01,40,41280,卖盘
224,14:36:20,10.33,0.01,78,81224,买盘
225,14:36:15,10.32,-0.01,114,117648,卖盘
226,14:36:04,10.33,0.01,5,5165,买盘
227,14:35:55,10.32,-0.01,50,51600,卖盘
228,14:35:49,10.33,0.01,1,1033,买盘
229,14:35:34,10.32,-0.01,16,16512,卖盘
230,14:35:25,10.33,0.01,76,78508,买盘
231,14:35:19,10.32,--,66,68112,卖盘
232,14:35:15,10.32,-0.01,18,19473,卖盘
233,14:35:10,10.33,-0.01,88,90904,卖盘
234,14:35:04,10.34,0.01,93,96296,买盘
235,14:35:00,10.33,-0.01,176,182706,卖盘
236,14:34:55,10.34,--,101,104434,买盘
237,14:34:49,10.34,0.01,341,352594,买盘
238,14:34:45,10.33,--,159,164247,卖盘
239,14:34:30,10.33,--,100,103300,卖盘
240,14:34:19,10.33,--,27,28541,卖盘
241,14:34:15,10.33,-0.01,2,2066,卖盘
242,14:34:10,10.34,--,37,38258,买盘
243,14:34:05,10.34,--,17,17578,买盘
244,14:34:00,10.34,--,1,1034,买盘
245,14:33:50,10.34,--,297,307098,买盘
246,14:33:45,10.34,0.01,80,82720,买盘
247,14:33:40,10.33,-0.01,115,118795,卖盘
248,14:33:28,10.34,0.01,50,51700,买盘
249,14:33:19,10.33,--,88,91544,卖盘
250,14:33:13,10.33,-0.01,50,51650,卖盘
251,14:33:10,10.34,--,1,1034,买盘
252,14:32:58,10.34,--,41,42394,买盘
253,14:32:50,10.34,--,75,77550,买盘
254,14:32:43,10.34,0.01,1,1034,买盘
255,14:32:39,10.33,-0.01,3,3099,卖盘
256,14:32:34,10.34,0.01,95,98230,买盘
257,14:32:29,10.33,-0.01,20,20660,卖盘
258,14:32:24,10.34,0.01,101,104434,买盘
259,14:32:20,10.33,-0.01,421,435543,卖盘
260,14:32:14,10.34,0.01,37,38258,买盘
261,14:32:04,10.33,-0.01,115,118795,卖盘
262,14:31:59,10.34,0.01,1,1034,买盘
263,14:31:54,10.33,--,10,10330,卖盘
264,14:31:43,10.33,-0.01,32,33056,卖盘
265,14:31:34,10.34,0.01,81,83754,买盘
266,14:31:19,10.33,-0.01,5,5805,卖盘
267,14:31:13,10.34,0.01,94,97196,买盘
268,14:31:09,10.33,--,116,119828,卖盘
269,14:30:58,10.33,-0.01,44,45452,卖盘
270,14:30:49,10.34,--,38,39292,买盘
271,14:30:44,10.34,--,21,21714,买盘
272,14:30:39,10.34,--,110,113740,买盘
273,14:30:34,10.34,0.01,50,51700,买盘
274,14:30:28,10.33,--,6,6848,卖盘
275,14:30:09,10.33,-0.01,30,30990,卖盘
276,14:30:04,10.34,--,770,796180,买盘
277,14:29:58,10.34,--,54,55836,买盘
278,14:29:54,10.34,0.01,101,104434,买盘
279,14:29:49,10.33,--,25,25825,卖盘
280,14:29:43,10.33,-0.01,10,10330,卖盘
281,14:29:34,10.34,0.01,1,1034,买盘
282,14:29:28,10.33,-0.01,22,23376,卖盘
283,14:29:24,10.34,0.01,55,56870,买盘
284,14:29:14,10.33,-0.01,240,247920,卖盘
285,14:29:09,10.34,0.01,11,11374,买盘
286,14:29:04,10.33,-0.01,208,214864,卖盘
287,14:28:59,10.34,0.01,56,57904,买盘
288,14:28:54,10.33,-0.01,10,10330,卖盘
289,14:28:43,10.34,--,1,1034,买盘
290,14:28:39,10.34,--,107,110638,买盘
291,14:28:34,10.34,0.01,103,106502,买盘
292,14:28:28,10.33,--,66,68818,卖盘
293,14:28:24,10.33,--,2,2066,卖盘
294,14:28:19,10.33,--,10,10330,卖盘
295,14:28:13,10.33,--,15,15495,卖盘
296,14:28:04,10.33,--,200,206600,卖盘
297,14:27:58,10.33,-0.01,5,5165,卖盘
298,14:27:49,10.34,0.01,36,37224,买盘
299,14:27:39,10.33,--,92,95036,卖盘
300,14:27:28,10.33,-0.01,1,1683,卖盘
301,14:27:19,10.34,--,123,127182,买盘
302,14:27:14,10.34,0.01,37,38258,买盘
303,14:27:09,10.33,--,195,201941,买盘
304,14:26:44,10.33,--,171,177169,卖盘
305,14:26:34,10.33,--,101,104973,卖盘
306,14:26:28,10.33,--,41,42642,卖盘
307,14:26:19,10.33,-0.01,2,2066,卖盘
308,14:26:13,10.34,0.01,42,43727,买盘
309,14:26:03,10.33,-0.01,151,156292,卖盘
310,14:25:58,10.34,--,1,1034,买盘
311,14:25:52,10.34,--,67,69278,买盘
312,14:25:49,10.34,--,34,35156,买盘
313,14:25:43,10.34,0.01,74,76516,买盘
314,14:25:37,10.33,-0.01,2,2716,卖盘
315,14:25:33,10.34,--,0,0,买盘
316,14:25:28,10.34,0.01,337,348458,买盘
317,14:25:23,10.33,0.01,328,338824,买盘
318,14:25:13,10.32,-0.01,14,14840,卖盘
319,14:25:08,10.33,--,2,2066,买盘
320,14:24:59,10.33,-0.01,298,308712,卖盘
321,14:24:53,10.34,--,111,114774,买盘
322,14:24:48,10.34,0.01,103,106502,买盘
323,14:24:43,10.33,-0.01,66,68178,卖盘
324,14:24:38,10.34,--,41,43035,买盘
325,14:24:33,10.34,--,40,41360,买盘
326,14:24:22,10.34,--,22,22748,买盘
327,14:24:18,10.34,--,1,1034,买盘
328,14:24:07,10.34,0.01,118,122012,买盘
329,14:24:03,10.33,--,28,28924,卖盘
330,14:23:58,10.33,--,2,2066,卖盘
331,14:23:52,10.33,--,63,65079,卖盘
332,14:23:48,10.33,-0.01,4,4132,卖盘
333,14:23:38,10.34,--,42,44079,买盘
334,14:23:28,10.34,--,141,146083,买盘
335,14:23:22,10.34,--,55,56870,买盘
336,14:23:18,10.34,--,80,82720,买盘
337,14:23:13,10.34,0.01,10,10340,买盘
338,14:22:53,10.33,--,655,677255,买盘
339,14:22:43,10.33,--,1231,1271623,卖盘
340,14:22:37,10.33,-0.01,10,10330,卖盘
341,14:22:28,10.34,--,1,1034,买盘
342,14:22:22,10.34,--,102,105468,买盘
343,14:22:17,10.34,--,37,38258,买盘
344,14:22:13,10.34,0.01,154,159236,买盘
345,14:22:07,10.33,-0.01,22,22726,卖盘
346,14:22:02,10.34,--,9,9306,买盘
347,14:21:58,10.34,0.02,1,1034,买盘
348,14:21:47,10.32,--,66,68112,卖盘
349,14:21:43,10.32,-0.01,1,1682,卖盘
350,14:21:37,10.33,--,91,94426,买盘
351,14:21:22,10.33,--,10,10330,买盘
352,14:21:13,10.33,--,7,7231,买盘
353,14:21:07,10.33,--,1,1033,买盘
354,14:21:03,10.33,--,137,141521,买盘
355,14:20:52,10.33,--,106,109498,买盘
356,14:20:43,10.33,--,172,177892,卖盘
357,14:20:37,10.33,--,8,8264,卖盘
358,14:20:18,10.33,--,1,1033,卖盘
359,14:20:13,10.33,-0.01,1,1033,卖盘
360,14:20:07,10.34,--,1,1034,买盘
361,14:20:03,10.34,0.01,2,2068,买盘
362,14:19:52,10.33,-0.01,48,49873,卖盘
363,14:19:48,10.34,0.01,110,113740,买盘
364,14:19:43,10.33,-0.01,2,2716,卖盘
365,14:19:37,10.34,--,37,38258,买盘
366,14:19:28,10.34,--,82,84788,买盘
367,14:19:22,10.34,0.01,55,56870,买盘
368,14:19:13,10.33,--,28,28924,卖盘
369,14:19:07,10.33,--,67,69211,卖盘
370,14:18:58,10.33,--,4,4132,卖盘
371,14:18:46,10.33,--,69,71927,卖盘
372,14:18:43,10.33,-0.01,50,51650,卖盘
373,14:18:28,10.34,--,167,172678,买盘
374,14:18:22,10.34,0.01,37,38258,买盘
375,14:18:16,10.33,--,87,89871,卖盘
376,14:18:13,10.33,-0.01,1,1033,卖盘
377,14:18:07,10.34,--,2,2068,买盘
378,14:18:01,10.34,0.01,78,80652,买盘
379,14:17:52,10.33,-0.01,57,59521,卖盘
380,14:17:43,10.34,--,21,21714,买盘
381,14:17:37,10.34,--,7,7238,买盘
382,14:17:27,10.34,--,13,13442,买盘
383,14:17:22,10.34,-0.01,167,172678,卖盘
384,14:17:16,10.35,--,20,20700,买盘
385,14:17:13,10.35,--,110,113850,买盘
386,14:17:07,10.35,0.01,1,1035,买盘
387,14:17:01,10.34,--,72,74448,卖盘
388,14:16:57,10.34,--,6,6204,卖盘
389,14:16:52,10.34,0.01,100,103400,买盘
390,14:16:46,10.33,--,1,1683,卖盘
391,14:16:43,10.33,-0.01,68,70244,卖盘
392,14:16:31,10.34,0.01,42,43428,买盘
393,14:16:07,10.33,--,77,79541,卖盘
394,14:16:01,10.33,-0.01,79,81607,卖盘
395,14:15:57,10.34,--,206,213004,买盘
396,14:15:52,10.34,-0.01,271,280214,卖盘
397,14:15:46,10.35,0.01,38,39330,买盘
398,14:15:37,10.34,-0.01,1,1034,卖盘
399,14:15:31,10.35,0.01,1,1035,买盘
400,14:15:27,10.34,-0.01,6,6204,中性盘
401,14:15:22,10.35,--,243,251505,买盘
402,14:15:16,10.35,--,37,38295,买盘
403,14:15:12,10.35,--,0,0,买盘
404,14:15:07,10.35,0.03,423,437805,买盘
405,14:15:01,10.32,--,243,250776,卖盘
406,14:14:52,10.32,--,0,0,卖盘
407,14:14:46,10.32,--,67,69144,卖盘
408,14:14:42,10.32,-0.02,47,48504,卖盘
409,14:14:31,10.34,--,136,140624,买盘
410,14:14:22,10.34,--,91,94094,买盘
411,14:14:07,10.34,0.01,38,39292,买盘
412,14:14:01,10.33,--,7,7613,卖盘
413,14:13:57,10.33,-0.01,5,5165,卖盘
414,14:13:46,10.34,0.01,22,22748,买盘
415,14:13:37,10.33,-0.01,3,3099,卖盘
416,14:13:31,10.34,0.02,8,8272,买盘
417,14:13:27,10.32,-0.01,1,1032,卖盘
418,14:13:22,10.33,--,63,65079,买盘
419,14:13:16,10.33,-0.01,3,3099,买盘
420,14:13:12,10.34,--,1,1034,买盘
421,14:13:07,10.34,--,217,225287,卖盘
422,14:13:01,10.34,0.01,370,382704,买盘
423,14:12:57,10.33,--,1,1033,买盘
424,14:12:52,10.33,--,49,50699,卖盘
425,14:12:46,10.33,--,63,65079,卖盘
426,14:12:42,10.33,--,1,1033,卖盘
427,14:12:31,10.33,--,5,6115,买盘
428,14:12:22,10.33,--,177,182841,买盘
429,14:12:16,10.33,--,120,124042,卖盘
430,14:12:07,10.33,--,40,41960,卖盘
431,14:12:01,10.33,--,87,89871,卖盘
432,14:11:57,10.33,-0.01,1,1033,卖盘
433,14:11:52,10.34,0.01,181,187154,买盘
434,14:11:46,10.33,--,158,163616,卖盘
435,14:11:42,10.33,--,58,59914,卖盘
436,14:11:07,10.33,--,78,80574,卖盘
437,14:11:01,10.33,-0.01,2,2716,卖盘
438,14:10:55,10.34,0.01,1,1034,买盘
439,14:10:51,10.33,--,237,245234,卖盘
440,14:10:46,10.33,--,118,122720,卖盘
441,14:10:40,10.33,--,127,131191,卖盘
442,14:10:37,10.33,-0.01,82,84706,卖盘
443,14:10:31,10.34,--,20,20680,买盘
444,14:10:25,10.34,--,37,38258,买盘
445,14:10:22,10.34,0.01,221,228514,买盘
446,14:10:16,10.33,--,139,143587,卖盘
447,14:10:07,10.33,--,78,80574,卖盘
448,14:10:01,10.33,-0.01,96,99818,卖盘
449,14:09:55,10.34,--,42,43428,买盘
450,14:09:51,10.34,0.01,579,598686,买盘
451,14:09:46,10.33,--,61,63013,卖盘
452,14:09:40,10.33,-0.01,17,17561,卖盘
453,14:09:25,10.34,--,37,38258,买盘
454,14:09:21,10.34,--,22,22748,买盘
455,14:09:16,10.34,--,11,11374,买盘
456,14:09:06,10.34,0.01,105,108880,买盘
457,14:08:55,10.33,--,1,1033,卖盘
458,14:08:51,10.33,--,105,108465,卖盘
459,14:08:40,10.33,--,95,98135,卖盘
460,14:08:31,10.33,-0.01,15,15495,卖盘
461,14:08:25,10.34,0.01,63,65142,买盘
462,14:08:16,10.33,--,11,11363,卖盘
463,14:08:10,10.33,--,82,84706,卖盘
464,14:08:06,10.33,--,1,1033,卖盘
465,14:08:01,10.33,-0.01,6,6848,卖盘
466,14:07:55,10.34,--,104,107536,买盘
467,14:07:51,10.34,0.01,102,105468,买盘
468,14:07:46,10.33,--,47,48551,卖盘
469,14:07:40,10.33,-0.01,10,10330,卖盘
470,14:07:36,10.34,--,1,1034,买盘
471,14:07:25,10.34,0.01,5,5170,买盘
472,14:07:21,10.33,--,15,15495,卖盘
473,14:07:10,10.33,--,81,83673,卖盘
474,14:07:06,10.33,--,2,2706,卖盘
475,14:06:54,10.33,--,49,50617,卖盘
476,14:06:51,10.33,--,67,69211,卖盘
477,14:06:40,10.33,-0.01,28,28924,卖盘
478,14:06:31,10.34,--,154,159236,买盘
479,14:06:25,10.34,--,33,34122,买盘
480,14:06:21,10.34,-0.01,30,31020,买盘
481,14:06:16,10.35,0.01,81,83835,买盘
482,14:06:10,10.34,--,139,144377,卖盘
483,14:06:06,10.34,--,38,39292,买盘
484,14:06:01,10.34,--,28,28952,买盘
485,14:05:55,10.34,--,101,104434,买盘
486,14:05:51,10.34,--,79,81686,买盘
487,14:05:45,10.34,--,100,103400,买盘
488,14:05:40,10.34,--,21,21714,买盘
489,14:05:36,10.34,--,15,15510,买盘
490,14:05:31,10.34,--,123,127182,卖盘
491,14:05:25,10.34,--,2,2068,买盘
492,14:05:21,10.34,-0.01,119,123046,买盘
493,14:05:15,10.35,0.02,270,279450,买盘
494,14:05:10,10.33,-0.01,83,86379,卖盘
495,14:05:06,10.34,0.01,34,35156,买盘
496,14:05:01,10.33,-0.01,99,102267,卖盘
497,14:04:55,10.34,0.01,17,17578,买盘
498,14:04:51,10.33,--,67,69211,卖盘
499,14:04:45,10.33,-0.01,12,12396,卖盘
500,14:04:40,10.34,--,281,290554,买盘
501,14:04:36,10.34,--,18,18612,买盘
502,14:04:30,10.34,0.01,7,7238,买盘
503,14:04:24,10.33,-0.01,13,13429,卖盘
504,14:04:21,10.34,--,22,22748,买盘
505,14:04:15,10.34,--,38,39292,买盘
506,14:04:10,10.34,--,114,118527,买盘
507,14:04:04,10.34,--,102,105468,买盘
508,14:03:54,10.34,--,7,7238,买盘
509,14:03:48,10.34,--,17,17578,买盘
510,14:03:45,10.34,0.01,38,39292,买盘
511,14:03:40,10.33,-0.01,20,21073,卖盘
512,14:03:30,10.34,--,20,20680,买盘
513,14:03:25,10.34,--,23,23782,买盘
514,14:03:19,10.34,--,27,27918,买盘
515,14:03:15,10.34,0.01,837,865458,买盘
516,14:03:10,10.33,-0.01,3,3739,卖盘
517,14:03:04,10.34,0.01,1,1034,买盘
518,14:02:55,10.33,-0.01,7,7231,卖盘
519,14:02:49,10.34,--,247,255398,买盘
520,14:02:45,10.34,0.01,1,1034,买盘
521,14:02:40,10.33,--,52,53716,卖盘
522,14:02:33,10.33,0.01,5,5165,中性盘
523,14:02:31,10.32,-0.01,50,51600,卖盘
524,14:02:25,10.33,0.01,6,6198,买盘
525,14:02:18,10.32,-0.02,4,4128,卖盘
526,14:02:15,10.34,0.02,309,320157,买盘
527,14:02:10,10.32,-0.01,128,132096,卖盘
528,14:02:04,10.33,0.01,80,82640,买盘
529,14:01:55,10.32,--,454,468528,卖盘
530,14:01:49,10.32,-0.01,67,69144,卖盘
531,14:01:45,10.33,0.01,1,1033,买盘
532,14:01:39,10.32,-0.01,19,19608,卖盘
533,14:01:33,10.33,--,101,104333,买盘
534,14:01:30,10.33,0.01,372,384276,买盘
535,14:01:25,10.32,-0.01,3,3096,卖盘
536,14:01:19,10.33,0.01,1,1033,买盘
537,14:01:15,10.32,--,2,2703,卖盘
538,14:01:04,10.32,--,125,129000,卖盘
539,14:01:00,10.32,-0.01,611,630964,卖盘
540,14:00:55,10.33,0.01,8,8264,买盘
541,14:00:49,10.32,-0.01,167,172344,卖盘
542,14:00:45,10.33,0.01,37,38221,买盘
543,14:00:40,10.32,--,109,112488,卖盘
544,14:00:34,10.32,--,86,88752,卖盘
545,14:00:30,10.32,--,8,8256,卖盘
546,14:00:24,10.32,-0.01,4,4128,卖盘
547,14:00:19,10.33,0.02,259,268197,买盘
548,14:00:10,10.31,-0.01,7,7217,卖盘
549,14:00:04,10.32,-0.01,4956,5114592,卖盘
550,14:00:00,10.33,--,315,325395,买盘
551,13:59:55,10.33,--,3,3099,买盘
552,13:59:49,10.33,0.01,228,235524,买盘
553,13:59:40,10.32,-0.01,68,70176,卖盘
554,13:59:34,10.33,--,30,30990,买盘
555,13:59:25,10.33,--,1,1033,买盘
556,13:59:19,10.33,0.01,1,1033,买盘
557,13:59:10,10.32,-0.01,6,6192,卖盘
558,13:59:03,10.33,0.01,109,112597,买盘
559,13:59:00,10.32,-0.01,378,390096,卖盘
560,13:58:55,10.33,--,37,38221,买盘
561,13:58:45,10.33,0.01,50,51650,买盘
562,13:58:40,10.32,--,157,162024,卖盘
563,13:58:24,10.32,-0.01,26,26832,卖盘
564,13:58:19,10.33,0.01,226,233458,买盘
565,13:58:10,10.32,-0.01,5,5160,买盘
566,13:58:04,10.33,0.01,14,14462,买盘
567,13:58:00,10.32,-0.01,260,268320,卖盘
568,13:57:49,10.33,--,111,114663,买盘
569,13:57:45,10.33,0.02,68,70244,买盘
570,13:57:39,10.31,--,92,94852,卖盘
571,13:57:34,10.31,--,312,321672,卖盘
572,13:57:30,10.31,-0.01,12,12372,卖盘
573,13:57:24,10.32,--,1,1032,买盘
574,13:57:18,10.32,--,1,1032,买盘
575,13:57:15,10.32,--,3,3096,买盘
576,13:57:09,10.32,--,22,22704,买盘
577,13:57:03,10.32,--,1,1032,买盘
578,13:56:54,10.32,--,890,918480,卖盘
579,13:56:49,10.32,--,67,69144,卖盘
580,13:56:43,10.32,-0.01,150,154800,卖盘
581,13:56:39,10.33,--,6,6198,买盘
582,13:56:34,10.33,0.01,146,150818,买盘
583,13:56:28,10.32,--,4,4128,卖盘
584,13:56:24,10.32,--,5,5160,卖盘
585,13:56:19,10.32,--,267,275544,买盘
586,13:56:09,10.32,--,61,62952,买盘
587,13:56:04,10.32,--,31,31992,买盘
588,13:55:49,10.32,--,2,2064,买盘
589,13:55:39,10.32,0.01,78,80496,买盘
590,13:55:34,10.31,--,0,0,买盘
591,13:55:27,10.31,-0.01,162,167908,卖盘
592,13:55:24,10.32,--,6,6192,买盘
593,13:55:18,10.32,0.01,115,118680,买盘
594,13:55:09,10.31,-0.01,606,624930,卖盘
595,13:54:54,10.32,--,83,85656,买盘
596,13:54:39,10.32,--,1,1032,买盘
597,13:54:34,10.32,--,25,25800,买盘
598,13:54:24,10.32,--,1,1032,买盘
599,13:54:09,10.32,-0.01,32,33374,卖盘
600,13:54:04,10.33,0.01,18,18594,买盘
601,13:53:54,10.32,--,165,170280,卖盘
602,13:53:48,10.32,0.01,44,46089,买盘
603,13:53:43,10.31,--,25,25775,卖盘
604,13:53:39,10.31,0.01,86,88666,买盘
605,13:53:34,10.3,--,60,61800,卖盘
606,13:53:24,10.3,-0.01,86,88580,卖盘
607,13:53:18,10.31,--,10,10310,买盘
608,13:53:13,10.31,--,10,10310,买盘
609,13:53:09,10.31,-0.02,70,72170,卖盘
610,13:53:04,10.33,0.01,61,63013,买盘
611,13:52:43,10.32,-0.01,1,1032,中性盘
612,13:52:39,10.33,0.01,113,116729,买盘
613,13:52:27,10.32,--,14,14448,买盘
614,13:52:19,10.32,--,1,1032,买盘
615,13:52:12,10.32,0.01,6,6192,买盘
616,13:52:09,10.31,-0.01,78,80418,买盘
617,13:52:04,10.32,-0.01,340,350880,买盘
618,13:51:49,10.33,0.02,16,16528,买盘
619,13:51:43,10.31,-0.02,200,206200,卖盘
620,13:51:39,10.33,0.02,8,8264,买盘
621,13:51:34,10.31,-0.02,24,24744,卖盘
622,13:51:18,10.33,0.01,107,110531,买盘
623,13:51:13,10.32,--,1,1032,买盘
624,13:51:09,10.32,0.01,1,1032,买盘
625,13:51:03,10.31,-0.01,848,874978,卖盘
626,13:50:58,10.32,0.01,1,1032,买盘
627,13:50:54,10.31,-0.01,56,57736,卖盘
628,13:50:39,10.32,0.01,30,30960,买盘
629,13:50:28,10.31,-0.02,246,253626,卖盘
630,13:50:24,10.33,--,0,0,买盘
631,13:50:09,10.33,0.01,22,22726,买盘
632,13:50:04,10.32,--,131,135192,卖盘
633,13:49:57,10.32,0.01,38,39535,买盘
634,13:49:54,10.31,-0.01,103,106193,卖盘
635,13:49:43,10.32,0.01,55,56760,买盘
636,13:49:38,10.31,-0.01,2,2062,卖盘
637,13:49:33,10.32,--,1,1032,买盘
638,13:49:27,10.32,0.01,52,53664,买盘
639,13:49:24,10.31,--,66,68066,卖盘
640,13:49:19,10.31,--,18,18558,卖盘
641,13:49:12,10.31,-0.01,89,91759,卖盘
642,13:48:58,10.32,-0.01,116,120031,卖盘
643,13:48:48,10.33,0.01,21,21693,买盘
644,13:48:43,10.32,--,183,189568,卖盘
645,13:48:33,10.32,0.01,92,94944,买盘
646,13:48:27,10.31,--,5,5155,卖盘
647,13:48:21,10.31,-0.01,221,227851,卖盘
648,13:48:18,10.32,--,4,4128,卖盘
649,13:48:13,10.32,--,41,42312,买盘
650,13:48:07,10.32,0.01,2,2064,买盘
651,13:48:03,10.31,--,55,56705,卖盘
652,13:47:58,10.31,-0.01,123,126813,卖盘
653,13:47:52,10.32,--,1,1032,买盘
654,13:47:43,10.32,--,4,4128,买盘
655,13:47:37,10.32,-0.01,6,6192,买盘
656,13:47:33,10.33,--,0,0,买盘
657,13:47:28,10.33,0.01,101,104333,买盘
658,13:47:22,10.32,0.01,40,41280,买盘
659,13:47:18,10.31,--,1050,1082550,卖盘
660,13:47:03,10.31,-0.01,73,75263,卖盘
661,13:46:58,10.32,0.01,107,110424,买盘
662,13:46:52,10.31,-0.01,1,1031,卖盘
663,13:46:43,10.32,--,66,68112,买盘
664,13:46:37,10.32,--,30,30960,买盘
665,13:46:33,10.32,--,75,77400,买盘
666,13:46:13,10.32,-0.01,110,113520,中性盘
667,13:46:03,10.33,0.02,1239,1280444,买盘
668,13:45:57,10.31,--,0,0,卖盘
669,13:45:48,10.31,-0.01,50,51550,卖盘
670,13:45:42,10.32,0.01,22,22704,买盘
671,13:45:37,10.31,--,24,24744,卖盘
672,13:45:28,10.31,--,227,234037,卖盘
673,13:45:22,10.31,-0.01,29,29899,卖盘
674,13:45:18,10.32,--,16,16512,买盘
675,13:45:03,10.32,--,814,840048,买盘
676,13:44:58,10.32,--,68,70176,买盘
677,13:44:52,10.32,-0.01,23,23736,卖盘
678,13:44:48,10.33,0.01,129,133257,买盘
679,13:44:42,10.32,0.01,110,113520,买盘
680,13:44:33,10.31,--,23,23713,卖盘
681,13:44:27,10.31,-0.01,91,93821,卖盘
682,13:44:18,10.32,--,50,51600,买盘
683,13:44:12,10.32,0.01,9,9288,买盘
684,13:44:07,10.31,--,120,123720,卖盘
685,13:44:03,10.31,--,102,105162,卖盘
686,13:43:57,10.31,-0.01,1,1031,卖盘
687,13:43:52,10.32,0.01,3,3096,买盘
688,13:43:48,10.31,--,72,74232,卖盘
689,13:43:43,10.31,--,90,92790,卖盘
690,13:43:37,10.31,-0.01,117,120627,卖盘
691,13:43:33,10.32,--,66,68112,卖盘
692,13:43:28,10.32,--,15,15480,买盘
693,13:43:18,10.32,0.01,15,15480,买盘
694,13:43:12,10.31,-0.01,46,47426,卖盘
695,13:43:07,10.32,--,56,57792,卖盘
696,13:42:57,10.32,--,8,8256,买盘
697,13:42:52,10.32,-0.01,1,1032,中性盘
698,13:42:42,10.33,--,10,10330,买盘
699,13:42:36,10.33,0.02,12,12396,买盘
700,13:42:27,10.31,-0.02,60,61860,卖盘
701,13:42:22,10.33,0.01,125,129765,买盘
702,13:42:12,10.32,0.01,170,175440,买盘
703,13:42:06,10.31,-0.01,82,84542,卖盘
704,13:42:03,10.32,--,106,109392,买盘
705,13:41:57,10.32,--,3,3096,买盘
706,13:41:52,10.32,--,1,1032,买盘
707,13:41:48,10.32,--,5,5160,买盘
708,13:41:43,10.32,-0.01,222,229104,卖盘
709,13:41:22,10.33,--,1,1033,买盘
710,13:41:07,10.33,0.01,177,182841,买盘
711,13:41:03,10.32,-0.01,19,19608,卖盘
712,13:40:57,10.33,0.01,87,89871,买盘
713,13:40:51,10.32,0.01,80,82560,买盘
714,13:40:37,10.31,-0.01,6,6186,卖盘
715,13:40:21,10.32,0.01,41,42312,买盘
716,13:40:17,10.31,-0.01,30,30930,卖盘
717,13:39:57,10.32,--,15,15480,买盘
718,13:39:46,10.32,0.01,1,1032,买盘
719,13:39:42,10.31,-0.01,21,21651,卖盘
720,13:39:36,10.32,0.01,119,122808,买盘
721,13:39:30,10.31,-0.01,20,20620,卖盘
722,13:39:27,10.32,--,20,20640,买盘
723,13:39:06,10.32,--,41,42312,买盘
724,13:38:57,10.32,--,1,1032,买盘
725,13:38:51,10.32,0.01,40,41280,买盘
726,13:38:42,10.31,--,30,30930,卖盘
727,13:38:27,10.31,--,0,0,卖盘
728,13:38:21,10.31,-0.03,19,19589,卖盘
729,13:38:12,10.34,0.03,106,109604,买盘
730,13:38:06,10.31,--,57,58767,卖盘
731,13:38:00,10.31,--,0,0,卖盘
732,13:37:51,10.31,--,86,88666,卖盘
733,13:37:36,10.31,-0.02,221,227851,卖盘
734,13:37:30,10.33,0.01,222,229326,买盘
735,13:37:27,10.32,--,36,37152,买盘
736,13:37:15,10.32,0.01,14,14448,买盘
737,13:37:12,10.31,-0.01,58,59798,卖盘
738,13:36:57,10.32,-0.01,112,115584,中性盘
739,13:36:46,10.33,0.02,31,32023,买盘
740,13:36:36,10.31,-0.01,7,7217,卖盘
741,13:36:30,10.32,--,0,0,中性盘
742,13:36:27,10.32,0.01,1,1032,卖盘
743,13:36:21,10.31,--,0,0,卖盘
744,13:36:16,10.31,--,7,8083,卖盘
745,13:36:12,10.31,-0.01,66,68046,卖盘
746,13:36:06,10.32,0.01,139,143448,买盘
747,13:35:57,10.31,-0.01,126,129906,卖盘
748,13:35:45,10.32,-0.01,288,297216,卖盘
749,13:35:42,10.33,0.01,102,105366,买盘
750,13:35:36,10.32,0.01,2,2064,买盘
751,13:35:30,10.31,-0.01,50,51550,卖盘
752,13:35:27,10.32,--,51,52632,卖盘
753,13:35:21,10.32,--,77,79464,买盘
754,13:35:12,10.32,--,22,22704,卖盘
755,13:35:07,10.32,--,72,74304,卖盘
756,13:35:01,10.32,-0.01,32,33024,卖盘
757,13:34:51,10.33,0.01,1,1033,买盘
758,13:34:45,10.32,--,50,51600,卖盘
759,13:34:42,10.32,--,67,69144,卖盘
760,13:34:36,10.32,0.01,105,108360,中性盘
761,13:34:30,10.31,-0.02,53,54643,卖盘
762,13:34:22,10.33,0.02,107,110531,买盘
763,13:34:15,10.31,0.01,30,30930,卖盘
764,13:34:06,10.3,--,56,57680,卖盘
765,13:34:00,10.3,--,30,30900,卖盘
766,13:33:51,10.3,-0.04,30,30900,卖盘
767,13:33:46,10.34,--,0,0,买盘
768,13:33:42,10.34,--,64,66176,买盘
769,13:33:36,10.34,0.03,1566,1619244,买盘
770,13:33:30,10.31,--,85,88459,卖盘
771,13:33:26,10.31,--,251,258781,卖盘
772,13:33:15,10.31,-0.01,126,129906,卖盘
773,13:33:06,10.32,--,123,126936,买盘
774,13:33:00,10.32,0.01,4,4128,买盘
775,13:32:56,10.31,-0.01,156,160836,卖盘
776,13:32:45,10.32,0.01,22,22704,买盘
777,13:32:36,10.31,--,7,7217,卖盘
778,13:32:30,10.31,-0.01,48,49488,卖盘
779,13:32:25,10.32,0.01,23,23736,买盘
780,13:32:21,10.31,--,30,30930,卖盘
781,13:32:15,10.31,-0.01,58,59798,卖盘
782,13:32:00,10.32,0.01,76,78432,买盘
783,13:31:51,10.31,--,189,194859,卖盘
784,13:31:41,10.31,--,7,7217,卖盘
785,13:31:30,10.31,--,48,49488,卖盘
786,13:31:26,10.31,-0.02,14,14434,卖盘
787,13:31:21,10.33,0.02,1,1033,买盘
788,13:31:06,10.31,--,82,84542,卖盘
789,13:31:00,10.31,--,10,10310,卖盘
790,13:30:51,10.31,--,66,68046,卖盘
791,13:30:45,10.31,--,74,76294,卖盘
792,13:30:39,10.31,--,72,74232,卖盘
793,13:30:36,10.31,-0.02,144,148670,卖盘
794,13:30:30,10.33,0.03,155,160115,买盘
795,13:30:24,10.3,--,239,246170,卖盘
796,13:30:21,10.3,--,7,7210,卖盘
797,13:30:06,10.3,--,685,705550,卖盘
798,13:30:00,10.3,-0.01,60,61800,卖盘
799,13:29:54,10.31,-0.02,54,55674,卖盘
800,13:29:51,10.33,0.02,46,47518,买盘
801,13:29:45,10.31,-0.02,28,28868,卖盘
802,13:29:36,10.33,0.03,173,178709,买盘
803,13:29:30,10.3,--,48,49440,卖盘
804,13:29:21,10.3,--,65,66950,卖盘
805,13:29:15,10.3,-0.02,87,89610,卖盘
806,13:29:09,10.32,--,101,104232,买盘
807,13:29:00,10.32,--,10,10320,卖盘
808,13:28:54,10.32,0.02,90,92880,买盘
809,13:28:51,10.3,-0.01,16,16480,卖盘
810,13:28:45,10.31,0.01,59,60829,卖盘
811,13:28:36,10.3,--,0,0,卖盘
812,13:28:30,10.3,-0.03,16,16480,卖盘
813,13:28:21,10.33,--,0,0,买盘
814,13:28:15,10.33,0.02,68,70244,买盘
815,13:28:09,10.31,--,1,1031,买盘
816,13:28:06,10.31,--,83,86315,卖盘
817,13:27:54,10.31,-0.01,7,7505,卖盘
818,13:27:51,10.32,--,145,149640,买盘
819,13:27:45,10.32,--,2,2064,买盘
820,13:27:39,10.32,0.01,255,263903,买盘
821,13:27:30,10.31,--,48,49488,卖盘
822,13:27:15,10.31,-0.01,249,256719,卖盘
823,13:27:09,10.32,--,2,2064,买盘
824,13:27:06,10.32,--,1,1032,买盘
825,13:27:00,10.32,0.01,3,3096,买盘
826,13:26:51,10.31,--,25,25775,卖盘
827,13:26:39,10.31,-0.01,63,64953,卖盘
828,13:26:36,10.32,--,106,109392,买盘
829,13:26:30,10.32,0.01,1,1032,买盘
830,13:26:24,10.31,-0.01,6,6186,卖盘
831,13:26:00,10.32,0.01,19,19608,买盘
832,13:25:50,10.31,--,6,6186,卖盘
833,13:25:36,10.31,-0.01,31,31961,卖盘
834,13:25:30,10.32,--,65,67080,买盘
835,13:25:20,10.32,--,114,117648,买盘
836,13:25:15,10.32,--,38,39216,买盘
837,13:25:09,10.32,--,65,67080,买盘
838,13:24:54,10.32,--,31,31992,买盘
839,13:24:50,10.32,0.01,1,1032,买盘
840,13:24:45,10.31,--,365,376315,卖盘
841,13:24:39,10.31,-0.01,13,14104,卖盘
842,13:24:35,10.32,0.01,199,205368,买盘
843,13:24:30,10.31,-0.01,66,68046,卖盘
844,13:24:24,10.32,--,34,35088,买盘
845,13:24:20,10.32,0.01,1,1032,买盘
846,13:24:09,10.31,-0.01,111,114441,卖盘
847,13:24:05,10.32,0.01,100,103200,买盘
848,13:24:00,10.31,-0.01,58,59798,卖盘
849,13:23:54,10.32,--,101,104232,买盘
850,13:23:50,10.32,0.01,21,21672,买盘
851,13:23:45,10.31,-0.01,282,290742,卖盘
852,13:23:39,10.32,0.01,9,9288,买盘
853,13:23:30,10.31,--,74,76294,卖盘
854,13:23:24,10.31,-0.01,59,60829,卖盘
855,13:23:09,10.32,0.01,59,60888,买盘
856,13:23:05,10.31,--,54,55674,卖盘
857,13:23:00,10.31,-0.01,81,83511,卖盘
858,13:22:54,10.32,--,1,1032,买盘
859,13:22:45,10.32,--,140,144480,买盘
860,13:22:39,10.32,--,205,211560,买盘
861,13:22:33,10.32,0.01,2,2064,买盘
862,13:22:24,10.31,--,18,18558,卖盘
863,13:22:15,10.31,--,149,153619,卖盘
864,13:22:09,10.31,-0.01,60,61860,卖盘
865,13:22:00,10.32,0.01,142,146544,买盘
866,13:21:54,10.31,--,110,113410,卖盘
867,13:21:45,10.31,-0.01,130,134030,卖盘
868,13:21:39,10.32,0.01,59,60888,买盘
869,13:21:30,10.31,-0.01,59,60829,卖盘
870,13:21:24,10.32,--,110,113520,买盘
871,13:21:18,10.32,--,20,20640,买盘
872,13:21:15,10.32,--,362,373584,买盘
873,13:21:09,10.32,--,1,1032,买盘
874,13:21:03,10.32,--,1,1032,买盘
875,13:20:54,10.32,--,111,114552,买盘
876,13:20:48,10.32,--,2,2064,买盘
877,13:20:45,10.32,--,616,635712,买盘
878,13:20:24,10.32,0.01,100,103200,买盘
879,13:20:18,10.31,--,0,618,卖盘
880,13:20:15,10.31,--,25,25775,卖盘
881,13:20:09,10.31,-0.01,9,9279,卖盘
882,13:20:03,10.32,--,116,119712,买盘
883,13:20:00,10.32,0.01,1,1032,买盘
884,13:19:54,10.31,-0.01,130,134030,卖盘
885,13:19:39,10.32,0.01,2,2064,买盘
886,13:19:30,10.31,--,128,131968,买盘
887,13:19:24,10.31,-0.01,93,95883,卖盘
888,13:19:09,10.32,--,2,2064,买盘
889,13:18:54,10.32,0.02,19,19608,买盘
890,13:18:44,10.3,--,0,0,卖盘
891,13:18:39,10.3,-0.01,132,135960,卖盘
892,13:18:33,10.31,--,95,97945,买盘
893,13:18:30,10.31,0.02,1,1031,买盘
894,13:18:18,10.29,-0.01,69,71001,卖盘
895,13:18:15,10.3,--,100,103000,买盘
896,13:18:09,10.3,-0.01,72,74160,卖盘
897,13:18:03,10.31,--,2,2062,买盘
898,13:18:00,10.31,--,4,4124,买盘
899,13:17:54,10.31,0.01,2,2062,买盘
900,13:17:45,10.3,-0.01,176,181280,卖盘
901,13:17:33,10.31,--,131,135494,卖盘
902,13:17:29,10.31,-0.01,18,18558,卖盘
903,13:17:24,10.32,--,2,2064,买盘
904,13:17:18,10.32,--,102,105264,买盘
905,13:17:14,10.32,0.01,1,1032,买盘
906,13:17:09,10.31,-0.01,114,117534,卖盘
907,13:17:03,10.32,0.01,55,56760,买盘
908,13:16:59,10.31,--,1,1628,买盘
909,13:16:54,10.31,-0.01,69,71572,卖盘
910,13:16:48,10.32,0.01,6,6192,买盘
911,13:16:44,10.31,--,4,4124,卖盘
912,13:16:38,10.31,-0.01,99,102666,卖盘
913,13:16:33,10.32,--,19,19608,买盘
914,13:16:29,10.32,--,3,3096,买盘
915,13:16:24,10.32,0.01,20,20640,买盘
916,13:16:18,10.31,--,20,20620,买盘
917,13:16:14,10.31,--,1,1031,买盘
918,13:16:09,10.31,--,25,25775,卖盘
919,13:16:03,10.31,--,182,187642,买盘
920,13:15:59,10.31,-0.01,115,118565,卖盘
921,13:15:54,10.32,0.01,30,30960,买盘
922,13:15:44,10.31,-0.01,100,103100,卖盘
923,13:15:39,10.32,0.02,2,2064,买盘
924,13:15:33,10.3,-0.01,122,125660,卖盘
925,13:15:24,10.31,--,0,0,买盘
926,13:15:18,10.31,0.02,99,102069,卖盘
927,13:15:13,10.29,--,0,0,卖盘
928,13:15:09,10.29,-0.03,172,176987,卖盘
929,13:15:03,10.32,0.03,432,445824,买盘
930,13:14:48,10.29,-0.03,48,49391,卖盘
931,13:14:44,10.32,0.01,101,104232,买盘
932,13:14:39,10.31,-0.01,117,120627,买盘
933,13:14:33,10.32,0.01,271,279672,买盘
934,13:14:18,10.31,0.02,10,10310,卖盘
935,13:14:09,10.29,-0.01,128,132535,卖盘
936,13:14:03,10.3,--,116,119480,买盘
937,13:13:57,10.3,0.01,1,1030,买盘
938,13:13:53,10.29,-0.01,112,115247,卖盘
939,13:13:48,10.3,--,271,279130,买盘
940,13:13:39,10.3,--,1,1030,买盘
941,13:13:27,10.3,--,102,105060,买盘
942,13:13:23,10.3,--,2,2060,买盘
943,13:13:17,10.3,--,1,1030,买盘
944,13:13:09,10.3,--,21,21630,买盘
945,13:13:03,10.3,-0.02,42,43260,卖盘
946,13:12:48,10.32,0.03,7,7224,买盘
947,13:12:39,10.29,--,221,227408,卖盘
948,13:12:26,10.29,--,1,1234,卖盘
949,13:12:24,10.29,-0.01,71,73882,卖盘
950,13:12:17,10.3,-0.02,228,234840,中性盘
951,13:12:12,10.32,--,103,106296,买盘
952,13:12:09,10.32,0.03,326,336432,买盘
953,13:12:03,10.29,--,143,147147,卖盘
954,13:11:53,10.29,--,111,114218,卖盘
955,13:11:48,10.29,--,16,16464,卖盘
956,13:11:38,10.29,--,166,170814,卖盘
957,13:11:32,10.29,-0.01,11,11318,卖盘
958,13:11:23,10.3,-0.02,15,15450,卖盘
959,13:11:18,10.32,--,0,0,买盘
960,13:11:03,10.32,--,2,2064,买盘
961,13:10:53,10.32,0.03,231,239217,买盘
962,13:10:48,10.29,--,1,1029,卖盘
963,13:10:42,10.29,--,221,227408,卖盘
964,13:10:33,10.29,-0.01,23,23666,卖盘
965,13:10:27,10.3,--,1,1030,买盘
966,13:10:23,10.3,-0.01,2,2060,卖盘
967,13:10:08,10.31,--,0,0,买盘
968,13:10:03,10.31,--,0,0,中性盘
969,13:09:53,10.31,--,93,95883,买盘
970,13:09:38,10.31,0.03,102,105162,买盘
971,13:09:33,10.28,-0.01,104,106912,卖盘
972,13:09:23,10.29,-0.01,116,120238,卖盘
973,13:09:18,10.3,0.01,2,2060,买盘
974,13:09:12,10.29,--,26,26753,卖盘
975,13:09:08,10.29,--,62,63797,卖盘
976,13:09:02,10.29,--,55,56594,卖盘
977,13:08:53,10.29,-0.01,0,617,卖盘
978,13:08:47,10.3,--,1,1030,买盘
979,13:08:42,10.3,--,20,20600,买盘
980,13:08:27,10.3,0.01,125,128750,买盘
981,13:08:23,10.29,-0.01,246,253133,卖盘
982,13:08:18,10.3,--,100,103000,买盘
983,13:08:12,10.3,0.01,2,2060,买盘
984,13:08:08,10.29,--,55,56594,卖盘
985,13:08:03,10.29,--,117,120392,卖盘
986,13:07:57,10.29,--,111,114218,卖盘
987,13:07:53,10.29,-0.01,61,62768,卖盘
988,13:07:42,10.3,--,1,1030,买盘
989,13:07:33,10.3,0.01,2,2060,买盘
990,13:07:27,10.29,--,533,548992,卖盘
991,13:07:23,10.29,--,5,5145,卖盘
992,13:07:18,10.29,-0.01,23,23666,卖盘
993,13:07:12,10.3,--,108,111240,买盘
994,13:07:03,10.3,--,2,2060,买盘
995,13:06:53,10.3,--,21,21630,买盘
996,13:06:48,10.3,--,1,1030,买盘
997,13:06:33,10.3,--,90,92700,买盘
998,13:06:27,10.3,--,2,2060,买盘
999,13:06:18,10.3,0.01,123,126690,买盘
1000,13:06:12,10.29,--,18,18522,卖盘
1001,13:06:07,10.29,--,57,58652,卖盘
1002,13:06:03,10.29,--,134,137886,卖盘
1003,13:05:57,10.29,-0.01,114,117305,卖盘
1004,13:05:53,10.3,--,113,116390,买盘
1005,13:05:47,10.3,--,56,57680,买盘
1006,13:05:42,10.3,0.01,1,1030,买盘
1007,13:05:33,10.29,--,27,27782,卖盘
1008,13:05:27,10.29,-0.01,142,146118,卖盘
1009,13:05:18,10.3,0.01,2,2060,买盘
1010,13:05:11,10.29,-0.01,99,102704,卖盘
1011,13:05:03,10.3,0.01,63,64890,买盘
1012,13:04:57,10.29,--,111,114218,卖盘
1013,13:04:51,10.29,-0.01,62,63797,卖盘
1014,13:04:42,10.3,--,1,1030,买盘
1015,13:04:32,10.3,--,226,233274,卖盘
1016,13:04:27,10.3,-0.01,27,27810,卖盘
1017,13:04:06,10.31,--,2,2062,买盘
1018,13:03:47,10.31,-0.01,21,21651,卖盘
1019,13:03:32,10.32,--,3,3096,买盘
1020,13:03:27,10.32,--,0,0,买盘
1021,13:03:12,10.32,0.02,157,162024,买盘
1022,13:03:06,10.3,-0.01,55,56650,卖盘
1023,13:03:02,10.31,--,8,8248,买盘
1024,13:02:57,10.31,--,1,1031,买盘
1025,13:02:42,10.31,--,20,20620,买盘
1026,13:02:36,10.31,-0.01,38,39178,卖盘
1027,13:02:32,10.32,0.01,22,22704,买盘
1028,13:02:26,10.31,--,62,63922,卖盘
1029,13:02:21,10.31,0.01,2,2062,卖盘
1030,13:02:12,10.3,--,0,0,卖盘
1031,13:02:06,10.3,-0.02,111,114330,卖盘
1032,13:02:02,10.32,0.02,1,1032,买盘
1033,13:01:57,10.3,-0.02,118,121540,卖盘
1034,13:01:47,10.32,--,2,2064,买盘
1035,13:01:32,10.32,0.02,28,28896,买盘
1036,13:01:21,10.3,-0.02,0,535,卖盘
1037,13:01:17,10.32,--,84,86688,买盘
1038,13:01:12,10.32,0.02,89,91848,买盘
1039,13:01:06,10.3,--,111,114330,卖盘
1040,13:00:57,10.3,--,55,56650,卖盘
1041,13:00:51,10.3,--,14,14420,卖盘
1042,13:00:47,10.3,-0.02,18,18540,卖盘
1043,13:00:36,10.32,--,116,119712,买盘
1044,13:00:16,10.32,0.01,6,6192,买盘
1045,13:00:12,10.31,0.01,21,21651,中性盘
1046,13:00:06,10.3,-0.02,496,510880,卖盘
1047,11:30:00,10.32,--,0,0,买盘
1048,11:30:00,10.32,--,0,0,买盘
1049,11:29:58,10.32,--,1,1032,买盘
1050,11:29:49,10.32,--,21,21672,买盘
1051,11:29:43,10.32,--,1,1032,买盘
1052,11:29:34,10.32,0.02,1,1032,买盘
1053,11:29:28,10.3,-0.02,223,229690,卖盘
1054,11:29:22,10.32,0.02,2,2064,买盘
1055,11:29:19,10.3,-0.01,52,53560,卖盘
1056,11:29:12,10.31,--,103,106193,买盘
1057,11:29:07,10.31,--,82,84542,卖盘
1058,11:29:03,10.31,--,30,30930,卖盘
1059,11:28:42,10.31,--,68,70108,卖盘
1060,11:28:28,10.31,--,8,8248,买盘
1061,11:28:22,10.31,--,20,20620,买盘
1062,11:27:58,10.31,-0.01,185,190735,卖盘
1063,11:27:51,10.32,--,10,10320,买盘
1064,11:27:48,10.32,--,1,1032,买盘
1065,11:27:21,10.32,0.01,1,1032,买盘
1066,11:26:57,10.31,0.01,5,5155,买盘
1067,11:26:48,10.3,--,221,227630,卖盘
1068,11:26:42,10.3,-0.02,13,13390,卖盘
1069,11:26:37,10.32,--,0,0,买盘
1070,11:26:22,10.32,0.01,100,103200,买盘
1071,11:26:18,10.31,0.01,15,15465,买盘
1072,11:26:13,10.3,0.01,86,88580,中性盘
1073,11:26:06,10.29,-0.02,24,24695,卖盘
1074,11:26:03,10.31,0.01,1,1031,买盘
1075,11:25:58,10.3,--,10,10300,卖盘
1076,11:25:48,10.3,--,0,0,中性盘
1077,11:25:43,10.3,-0.01,56,57680,卖盘
1078,11:25:37,10.31,--,1,1031,买盘
1079,11:25:33,10.31,-0.01,20,20620,买盘
1080,11:25:27,10.32,--,0,0,买盘
1081,11:25:12,10.32,--,134,138288,买盘
1082,11:25:06,10.32,0.02,584,602688,买盘
1083,11:24:57,10.3,--,89,91670,卖盘
1084,11:24:36,10.3,-0.01,142,146260,卖盘
1085,11:24:12,10.31,--,54,55674,买盘
1086,11:23:51,10.31,--,130,134030,买盘
1087,11:23:42,10.31,--,1,1031,买盘
1088,11:23:37,10.31,0.01,1,1031,买盘
1089,11:23:12,10.3,-0.01,22,22660,卖盘
1090,11:22:57,10.31,0.01,20,20620,买盘
1091,11:22:52,10.3,-0.01,231,237930,卖盘
1092,11:22:37,10.31,0.02,5,5155,买盘
1093,11:22:31,10.29,--,0,0,卖盘
1094,11:22:27,10.29,-0.02,399,410570,卖盘
1095,11:22:12,10.31,0.01,173,178363,买盘
1096,11:22:07,10.3,--,10,10300,买盘
1097,11:21:57,10.3,--,93,95790,买盘
1098,11:21:45,10.3,--,5,5150,买盘
1099,11:21:42,10.3,--,5,5150,买盘
1100,11:21:36,10.3,--,19,19570,卖盘
1101,11:21:31,10.3,-0.01,9,9270,卖盘
1102,11:21:27,10.31,--,2,2062,买盘
1103,11:21:12,10.31,0.01,106,109286,买盘
1104,11:21:00,10.3,--,20,20600,买盘
1105,11:20:57,10.3,--,182,187460,买盘
1106,11:20:52,10.3,--,23,23690,买盘
1107,11:20:37,10.3,--,10,10300,买盘
1108,11:20:22,10.3,-0.02,249,256665,卖盘
1109,11:20:15,10.32,--,1,1032,买盘
1110,11:20:01,10.32,0.02,49,50568,买盘
1111,11:19:52,10.3,-0.01,13,13390,卖盘
1112,11:19:45,10.31,0.01,12,12372,买盘
1113,11:19:42,10.3,-0.01,50,51500,卖盘
1114,11:19:37,10.31,0.01,218,224758,买盘
1115,11:19:27,10.3,-0.01,335,345884,卖盘
1116,11:19:15,10.31,--,51,52581,买盘
1117,11:19:12,10.31,--,26,26806,买盘
1118,11:19:07,10.31,0.01,51,52581,买盘
1119,11:19:01,10.3,-0.01,31,31930,买盘
1120,11:18:52,10.31,--,1,1031,买盘
1121,11:18:46,10.31,0.02,11,11341,买盘
1122,11:18:42,10.29,-0.01,15,15434,卖盘
1123,11:18:37,10.3,-0.01,10,10300,卖盘
1124,11:18:30,10.31,--,82,84542,买盘
1125,11:18:16,10.31,0.02,101,104131,买盘
1126,11:18:07,10.29,-0.01,9,9261,卖盘
1127,11:17:57,10.3,--,4,4120,卖盘
1128,11:17:52,10.3,--,269,277070,买盘
1129,11:17:46,10.3,0.01,80,82400,买盘
1130,11:17:42,10.29,-0.01,86,88493,卖盘
1131,11:17:31,10.3,-0.01,60,61800,卖盘
1132,11:17:22,10.31,0.01,171,176301,买盘
1133,11:17:15,10.3,0.01,296,305106,买盘
1134,11:17:12,10.29,-0.01,5,5145,卖盘
1135,11:17:06,10.3,--,221,227630,买盘
1136,11:17:01,10.3,--,130,133900,买盘
1137,11:16:51,10.3,--,8,8240,买盘
1138,11:16:36,10.3,--,1,1030,买盘
1139,11:16:31,10.3,0.01,21,21630,买盘
1140,11:16:24,10.29,--,10,10290,卖盘
1141,11:16:06,10.29,-0.01,94,96725,卖盘
1142,11:15:55,10.3,0.01,30,30900,买盘
1143,11:15:51,10.29,--,60,61739,卖盘
1144,11:15:46,10.29,--,163,167727,卖盘
1145,11:15:36,10.29,-0.01,67,68943,卖盘
1146,11:15:31,10.3,0.01,1,1030,买盘
1147,11:15:24,10.29,-0.01,31,31898,卖盘
1148,11:15:21,10.3,--,75,78053,卖盘
1149,11:15:16,10.3,--,265,272950,卖盘
1150,11:15:10,10.3,--,78,80350,卖盘
1151,11:15:06,10.3,--,119,122570,卖盘
1152,11:15:00,10.3,--,176,181280,卖盘
1153,11:14:55,10.3,--,135,139050,卖盘
1154,11:14:51,10.3,--,538,554315,卖盘
1155,11:14:46,10.3,--,36,37080,卖盘
1156,11:14:40,10.3,-0.01,79,81370,卖盘
1157,11:14:36,10.31,0.01,33,34023,中性盘
1158,11:14:31,10.3,--,118,121540,卖盘
1159,11:14:25,10.3,-0.03,18,18540,卖盘
1160,11:14:21,10.33,0.03,74,76442,买盘
1161,11:14:16,10.3,-0.01,18,18540,卖盘
1162,11:14:01,10.31,--,38,39178,卖盘
1163,11:13:55,10.31,--,20,20620,卖盘
1164,11:13:51,10.31,--,8,8248,卖盘
1165,11:13:46,10.31,0.01,115,118565,买盘
1166,11:13:39,10.3,-0.01,7,7210,卖盘
1167,11:13:36,10.31,--,649,669119,买盘
1168,11:13:30,10.31,0.01,2,2062,买盘
1169,11:13:24,10.3,-0.01,15,15450,卖盘
1170,11:13:21,10.31,--,2,2062,买盘
1171,11:13:15,10.31,--,108,111348,买盘
1172,11:13:06,10.31,0.01,10,10310,买盘
1173,11:12:51,10.3,-0.01,13,14090,卖盘
1174,11:12:45,10.31,--,6,6186,买盘
1175,11:12:30,10.31,--,5,5155,买盘
1176,11:12:21,10.31,--,58,59798,买盘
1177,11:12:10,10.31,--,21,21651,买盘
1178,11:12:00,10.31,0.01,43,44333,买盘
1179,11:11:55,10.3,--,105,108150,卖盘
1180,11:11:51,10.3,-0.01,106,109180,卖盘
1181,11:11:45,10.31,0.01,158,162898,买盘
1182,11:11:40,10.3,-0.01,5,5850,卖盘
1183,11:11:31,10.31,0.01,290,298990,买盘
1184,11:11:21,10.3,-0.01,5,5150,卖盘
1185,11:11:15,10.31,0.01,26,26806,买盘
1186,11:11:10,10.3,-0.01,1,1030,卖盘
1187,11:11:06,10.31,--,1,1031,买盘
1188,11:11:00,10.31,--,100,103100,买盘
1189,11:10:54,10.31,--,1,1031,买盘
1190,11:10:39,10.31,--,153,157743,买盘
1191,11:10:36,10.31,--,1,1031,买盘
1192,11:10:31,10.31,--,71,73201,买盘
1193,11:10:09,10.31,--,259,267029,买盘
1194,11:10:06,10.31,--,315,324765,买盘
1195,11:09:54,10.31,0.01,202,208262,买盘
1196,11:09:51,10.3,--,1,1030,卖盘
1197,11:09:40,10.3,-0.01,16,16480,卖盘
1198,11:09:25,10.31,0.01,114,117534,买盘
1199,11:09:21,10.3,--,1,1030,卖盘
1200,11:09:09,10.3,-0.01,4,4120,卖盘
1201,11:09:00,10.31,--,1,1031,买盘
1202,11:08:39,10.31,--,20,20620,买盘
1203,11:08:33,10.31,0.01,5,5155,买盘
1204,11:08:25,10.3,--,114,117420,卖盘
1205,11:08:15,10.3,-0.01,21,22330,卖盘
1206,11:08:09,10.31,--,20,20620,买盘
1207,11:08:00,10.31,--,107,110317,买盘
1208,11:07:54,10.31,--,17,17527,买盘
1209,11:07:48,10.31,--,78,80418,卖盘
1210,11:07:40,10.31,-0.01,10,10310,卖盘
1211,11:07:33,10.32,0.01,56,57792,买盘
1212,11:07:30,10.31,--,95,97945,卖盘
1213,11:07:24,10.31,--,4424,4561144,买盘
1214,11:07:15,10.31,--,7,7217,买盘
1215,11:07:09,10.31,--,5,5155,买盘
1216,11:06:54,10.31,--,229,236099,买盘
1217,11:06:45,10.31,--,113,116503,买盘
1218,11:06:39,10.31,--,622,641282,买盘
1219,11:06:34,10.31,--,6,6186,买盘
1220,11:06:24,10.31,--,1,1031,买盘
1221,11:06:19,10.31,--,4,4124,买盘
1222,11:06:15,10.31,--,1,1031,买盘
1223,11:06:10,10.31,--,93,95883,买盘
1224,11:06:04,10.31,--,23,23713,买盘
1225,11:06:00,10.31,-0.01,285,294206,卖盘
1226,11:05:54,10.32,--,54,55728,买盘
1227,11:05:45,10.32,0.01,24,24768,买盘
1228,11:05:39,10.31,--,91,94480,买盘
1229,11:05:30,10.31,--,2,2062,买盘
1230,11:05:25,10.31,--,132,136092,买盘
1231,11:05:15,10.31,--,22,22682,买盘
1232,11:04:55,10.31,-0.01,57,59179,卖盘
1233,11:04:45,10.32,--,5,5160,买盘
1234,11:04:40,10.32,--,20,20640,买盘
1235,11:04:33,10.32,--,1,1032,买盘
1236,11:04:30,10.32,--,2266,2338512,买盘
1237,11:04:25,10.32,0.01,42,43344,买盘
1238,11:04:15,10.31,-0.01,9,9279,卖盘
1239,11:04:09,10.32,--,1,1032,买盘
1240,11:04:00,10.32,--,1,1032,买盘
1241,11:03:55,10.32,--,108,111456,买盘
1242,11:03:45,10.32,0.01,38,39216,买盘
1243,11:03:39,10.31,-0.01,5,5155,卖盘
1244,11:03:34,10.32,-0.02,280,288960,卖盘
1245,11:03:24,10.34,0.02,17,17578,买盘
1246,11:03:18,10.32,-0.02,9,9288,卖盘
1247,11:03:09,10.34,0.02,2,2068,买盘
1248,11:03:03,10.32,-0.02,61,62952,卖盘
1249,11:03:00,10.34,--,5,5170,买盘
1250,11:02:55,10.34,--,1,1034,买盘
1251,11:02:48,10.34,--,8,8272,买盘
1252,11:02:39,10.34,--,148,153032,买盘
1253,11:02:33,10.34,0.02,101,104434,买盘
1254,11:02:30,10.32,-0.02,741,764712,卖盘
1255,11:02:24,10.34,0.01,5,5170,买盘
1256,11:02:18,10.33,--,1,1033,买盘
1257,11:02:15,10.33,-0.01,40,41320,买盘
1258,11:02:03,10.34,--,0,0,买盘
1259,11:01:55,10.34,--,4,4136,买盘
1260,11:01:48,10.34,0.02,4,4136,买盘
1261,11:01:44,10.32,-0.02,29,29928,卖盘
1262,11:01:39,10.34,--,2,2068,买盘
1263,11:01:34,10.34,0.02,3,3102,买盘
1264,11:01:29,10.32,-0.02,292,301344,卖盘
1265,11:01:24,10.34,--,0,0,买盘
1266,11:01:18,10.34,0.02,117,120978,买盘
1267,11:01:09,10.32,-0.01,87,89784,卖盘
1268,11:00:54,10.33,--,30,30990,买盘
1269,11:00:48,10.33,--,22,23552,买盘
1270,11:00:39,10.33,0.01,1,1033,买盘
1271,11:00:30,10.32,-0.01,1,1032,卖盘
1272,11:00:24,10.33,--,21,21693,买盘
1273,11:00:18,10.33,--,22,22726,买盘
1274,11:00:14,10.33,0.01,4,4132,买盘
1275,11:00:10,10.32,--,6,6192,卖盘
1276,11:00:03,10.32,--,12,12384,卖盘
1277,11:00:00,10.32,-0.01,101,104232,卖盘
1278,10:59:54,10.33,0.01,1,1033,买盘
1279,10:59:48,10.32,-0.01,20,20640,卖盘
1280,10:59:42,10.33,0.01,5,5165,买盘
1281,10:59:39,10.32,--,35,36584,买盘
1282,10:59:33,10.32,--,1087,1121784,买盘
1283,10:59:24,10.32,--,267,275544,买盘
1284,10:59:18,10.32,--,301,310632,买盘
1285,10:59:13,10.32,--,5,5160,买盘
1286,10:59:09,10.32,--,301,310632,买盘
1287,10:59:03,10.32,--,27,27864,买盘
1288,10:58:58,10.32,--,10,10320,买盘
1289,10:58:54,10.32,0.01,24,24768,买盘
1290,10:58:48,10.31,-0.01,165,170115,卖盘
1291,10:58:39,10.32,--,114,117648,买盘
1292,10:58:33,10.32,--,40,41280,买盘
1293,10:58:13,10.32,--,100,103200,买盘
1294,10:58:09,10.32,0.01,17,17544,买盘
1295,10:58:03,10.31,--,15,15465,卖盘
1296,10:57:57,10.31,-0.01,20,20620,卖盘
1297,10:57:54,10.32,--,74,76368,买盘
1298,10:57:48,10.32,--,379,391128,买盘
1299,10:57:42,10.32,--,5,5160,买盘
1300,10:57:39,10.32,0.01,1001,1033032,买盘
1301,10:57:33,10.31,-0.01,124,127844,卖盘
1302,10:57:24,10.32,0.01,113,116616,买盘
1303,10:57:18,10.31,--,5,5361,卖盘
1304,10:57:12,10.31,-0.01,184,189704,卖盘
1305,10:57:09,10.32,0.01,104,107328,买盘
1306,10:56:57,10.31,-0.01,1,1031,卖盘
1307,10:56:54,10.32,0.01,1156,1192992,买盘
1308,10:56:42,10.31,-0.01,2,2062,卖盘
1309,10:56:39,10.32,--,16,16512,买盘
1310,10:56:33,10.32,0.01,298,307536,买盘
1311,10:56:27,10.31,--,150,154650,卖盘
1312,10:56:18,10.31,-0.01,101,104131,卖盘
1313,10:56:09,10.32,0.01,105,108360,买盘
1314,10:56:03,10.31,-0.01,446,459826,卖盘
1315,10:55:57,10.32,0.01,1,1032,买盘
1316,10:55:48,10.31,-0.01,5,5155,卖盘
1317,10:55:39,10.32,--,5,5160,买盘
1318,10:55:33,10.32,--,11,11352,买盘
1319,10:55:24,10.32,--,115,118680,买盘
1320,10:55:18,10.32,0.01,24,24768,买盘
1321,10:55:12,10.31,-0.01,12,12372,卖盘
1322,10:55:09,10.32,--,260,268320,买盘
1323,10:55:03,10.32,-0.01,244,251808,中性盘
1324,10:54:57,10.33,--,186,192138,买盘
1325,10:54:54,10.33,0.01,102,105366,买盘
1326,10:54:48,10.32,-0.01,4050,4179600,卖盘
1327,10:54:42,10.33,--,98,101234,买盘
1328,10:54:39,10.33,0.01,45,46485,买盘
1329,10:54:33,10.32,--,30,30960,卖盘
1330,10:54:27,10.32,-0.01,1,1032,卖盘
1331,10:54:24,10.33,0.01,4,4132,买盘
1332,10:54:18,10.32,-0.01,14,14448,卖盘
1333,10:54:12,10.33,--,51,52683,买盘
1334,10:54:09,10.33,--,1,1033,买盘
1335,10:54:03,10.33,0.01,199,205567,买盘
1336,10:53:54,10.32,-0.01,10,10320,卖盘
1337,10:53:48,10.33,0.01,115,118795,买盘
1338,10:53:42,10.32,-0.01,9,9288,卖盘
1339,10:53:39,10.33,0.01,102,105366,买盘
1340,10:53:27,10.32,--,132,136224,卖盘
1341,10:53:23,10.32,-0.01,12,12384,卖盘
1342,10:53:18,10.33,0.01,20,20660,买盘
1343,10:53:12,10.32,--,87,89784,卖盘
1344,10:53:03,10.32,-0.01,16,16512,卖盘
1345,10:52:57,10.33,0.01,4,4132,买盘
1346,10:52:48,10.32,-0.01,356,368258,卖盘
1347,10:52:42,10.33,-0.01,2100,2169300,卖盘
1348,10:52:38,10.34,0.01,1,1034,买盘
1349,10:52:33,10.33,-0.01,119,122927,卖盘
1350,10:52:27,10.34,0.01,94,97196,买盘
1351,10:52:23,10.33,-0.01,18,18594,卖盘
1352,10:52:18,10.34,0.01,113,116842,买盘
1353,10:52:12,10.33,--,40,41320,卖盘
1354,10:51:57,10.33,--,55,56815,卖盘
1355,10:51:53,10.33,--,32,33056,卖盘
1356,10:51:48,10.33,--,7,7231,卖盘
1357,10:51:42,10.33,-0.01,7,7231,卖盘
1358,10:51:36,10.34,--,2,3050,卖盘
1359,10:51:27,10.34,-0.01,22,22748,卖盘
1360,10:51:21,10.35,0.01,4,4140,买盘
1361,10:51:12,10.34,--,96,99264,卖盘
1362,10:51:03,10.34,-0.01,50,51700,卖盘
1363,10:50:57,10.35,--,113,116955,买盘
1364,10:50:51,10.35,--,5,5175,买盘
1365,10:50:48,10.35,0.01,1,1035,买盘
1366,10:50:42,10.34,--,291,300894,卖盘
1367,10:50:33,10.34,--,200,206800,卖盘
1368,10:50:21,10.34,--,7,7238,卖盘
1369,10:50:12,10.34,--,28,28952,卖盘
1370,10:50:03,10.34,--,87,89958,卖盘
1371,10:49:57,10.34,-0.01,77,79618,卖盘
1372,10:49:51,10.35,--,4,4140,买盘
1373,10:49:48,10.35,0.01,212,219420,买盘
1374,10:49:42,10.34,-0.01,200,206800,卖盘
1375,10:49:36,10.35,--,21,21735,买盘
1376,10:49:33,10.35,--,1,1035,买盘
1377,10:49:21,10.35,0.01,4,4140,买盘
1378,10:49:12,10.34,--,7,7238,卖盘
1379,10:49:03,10.34,--,162,167559,买盘
1380,10:48:57,10.34,--,4,4136,买盘
1381,10:48:48,10.34,--,512,530390,卖盘
1382,10:48:42,10.34,-0.01,67,69278,卖盘
1383,10:48:33,10.35,--,10,10350,买盘
1384,10:48:27,10.35,--,140,144900,买盘
1385,10:48:18,10.35,--,16,16560,买盘
1386,10:47:48,10.35,0.01,4,4140,买盘
1387,10:47:42,10.34,-0.01,610,630740,卖盘
1388,10:47:36,10.35,--,1,1035,买盘
1389,10:47:18,10.35,--,5,5175,买盘
1390,10:47:06,10.35,0.01,3,3105,买盘
1391,10:46:57,10.34,-0.01,62,64108,卖盘
1392,10:46:51,10.35,--,169,174915,买盘
1393,10:46:48,10.35,--,4,4140,买盘
1394,10:46:42,10.35,--,30,31050,买盘
1395,10:46:36,10.35,--,1,1035,买盘
1396,10:46:27,10.35,--,20,20700,买盘
1397,10:46:12,10.35,-0.01,17,17595,买盘
1398,10:46:06,10.36,0.01,21,21756,买盘
1399,10:46:02,10.35,--,308,318780,买盘
1400,10:45:57,10.35,--,10,10350,买盘
1401,10:45:47,10.35,0.01,20,20700,买盘
1402,10:45:42,10.34,-0.01,24,24816,卖盘
1403,10:45:32,10.35,--,1,1035,买盘
1404,10:45:27,10.35,--,113,116955,买盘
1405,10:45:18,10.35,0.01,110,113850,买盘
1406,10:45:02,10.34,-0.01,86,88924,卖盘
1407,10:44:57,10.35,--,24,24840,买盘
1408,10:44:42,10.35,--,30,31050,买盘
1409,10:44:31,10.35,--,8,8280,买盘
1410,10:44:21,10.35,--,69,71415,买盘
1411,10:44:17,10.35,0.01,21,21735,中性盘
1412,10:44:12,10.34,-0.02,65,67210,卖盘
1413,10:44:06,10.36,--,108,111888,买盘
1414,10:44:02,10.36,0.01,117,121212,买盘
1415,10:43:57,10.35,--,616,637560,买盘
1416,10:43:36,10.35,0.01,1,1035,买盘
1417,10:43:31,10.34,-0.01,10,10340,卖盘
1418,10:43:21,10.35,0.01,153,158406,买盘
1419,10:43:00,10.34,-0.01,88,90992,卖盘
1420,10:42:51,10.35,--,211,218385,买盘
1421,10:42:45,10.35,0.01,102,105570,买盘
1422,10:42:42,10.34,-0.01,1749,1808466,卖盘
1423,10:42:36,10.35,--,1,1035,买盘
1424,10:42:30,10.35,--,408,422280,买盘
1425,10:42:12,10.35,--,89,92115,买盘
1426,10:42:06,10.35,--,24,24840,买盘
1427,10:42:00,10.35,--,2,2070,买盘
1428,10:41:45,10.35,0.01,23,23805,买盘
1429,10:41:41,10.34,-0.01,10,10340,卖盘
1430,10:41:27,10.35,0.01,120,124200,买盘
1431,10:41:21,10.34,-0.01,147,151998,卖盘
1432,10:41:06,10.35,--,27,27945,买盘
1433,10:40:57,10.35,--,0,0,买盘
1434,10:40:51,10.35,0.02,20,20700,买盘
1435,10:40:42,10.33,-0.01,501,517533,卖盘
1436,10:40:36,10.34,-0.01,26,27711,卖盘
1437,10:40:30,10.35,--,482,498870,卖盘
1438,10:40:27,10.35,--,7,7452,卖盘
1439,10:40:21,10.35,--,100,103500,卖盘
1440,10:40:12,10.35,-0.01,229,237015,卖盘
1441,10:40:06,10.36,0.01,736,762496,买盘
1442,10:40:00,10.35,0.01,102,105570,买盘
1443,10:39:56,10.34,--,6,6204,卖盘
1444,10:39:51,10.34,--,206,213004,买盘
1445,10:39:30,10.34,-0.01,20,20680,买盘
1446,10:39:27,10.35,0.02,11,11385,买盘
1447,10:39:21,10.33,-0.02,35,36155,卖盘
1448,10:39:15,10.35,0.01,1,1035,买盘
1449,10:39:12,10.34,0.01,8,8437,卖盘
1450,10:39:06,10.33,-0.02,18,18594,卖盘
1451,10:38:57,10.35,0.01,23,23805,买盘
1452,10:38:51,10.34,-0.01,258,266772,卖盘
1453,10:38:41,10.35,0.01,115,119025,买盘
1454,10:38:36,10.34,-0.01,13,13442,卖盘
1455,10:38:15,10.35,--,69,71415,买盘
1456,10:38:11,10.35,--,1,1035,买盘
1457,10:38:06,10.35,--,23,23805,买盘
1458,10:38:00,10.35,--,38,39330,买盘
1459,10:37:56,10.35,--,0,0,买盘
1460,10:37:45,10.35,--,189,195615,买盘
1461,10:37:41,10.35,0.01,5,5175,买盘
1462,10:37:36,10.34,--,88,90992,卖盘
1463,10:37:26,10.34,-0.01,297,307098,卖盘
1464,10:37:21,10.35,--,209,216315,买盘
1465,10:37:15,10.35,0.01,131,135585,买盘
1466,10:37:11,10.34,--,100,103400,买盘
1467,10:37:00,10.34,--,18,18612,买盘
1468,10:36:56,10.34,--,17,17578,买盘
1469,10:36:51,10.34,--,25,25850,买盘
1470,10:36:45,10.34,--,1,1034,买盘
1471,10:36:36,10.34,--,144,148896,卖盘
1472,10:36:29,10.34,--,15,15510,卖盘
1473,10:36:20,10.34,--,10,10546,卖盘
1474,10:36:15,10.34,--,48,49632,卖盘
1475,10:36:06,10.34,--,277,286418,卖盘
1476,10:36:00,10.34,--,403,416702,卖盘
1477,10:35:56,10.34,--,104,107536,卖盘
1478,10:35:51,10.34,--,12,12408,卖盘
1479,10:35:36,10.34,--,35,36190,卖盘
1480,10:35:30,10.34,-0.02,18,18612,卖盘
1481,10:35:21,10.36,0.02,79,81844,买盘
1482,10:35:11,10.34,-0.01,18,18612,卖盘
1483,10:35:06,10.35,0.01,1,1035,中性盘
1484,10:35:00,10.34,--,245,253330,卖盘
1485,10:34:51,10.34,-0.01,36,37224,卖盘
1486,10:34:45,10.35,--,101,104535,买盘
1487,10:34:36,10.35,--,1,1035,买盘
1488,10:34:24,10.35,0.01,1,1035,买盘
1489,10:34:09,10.34,--,26,26884,卖盘
1490,10:34:06,10.34,-0.01,100,103400,卖盘
1491,10:33:54,10.35,0.01,23,23805,买盘
1492,10:33:50,10.34,--,0,0,卖盘
1493,10:33:39,10.34,-0.01,60,62040,卖盘
1494,10:33:36,10.35,0.01,7,7245,卖盘
1495,10:33:30,10.34,-0.01,174,179916,卖盘
1496,10:33:24,10.35,--,1596,1651860,卖盘
1497,10:33:20,10.35,--,104,107640,卖盘
1498,10:33:05,10.35,--,66,68310,卖盘
1499,10:32:54,10.35,--,61,63135,卖盘
1500,10:32:50,10.35,--,23,23805,卖盘
1501,10:32:45,10.35,--,71,73485,卖盘
1502,10:32:39,10.35,--,60,62100,卖盘
1503,10:32:35,10.35,--,60,62100,卖盘
1504,10:32:29,10.35,--,47,48645,卖盘
1505,10:32:24,10.35,-0.01,18,18630,卖盘
1506,10:32:20,10.36,--,20,20720,买盘
1507,10:32:15,10.36,--,33,34188,买盘
1508,10:32:09,10.36,0.01,101,104636,买盘
1509,10:32:05,10.35,-0.01,30,31050,卖盘
1510,10:32:00,10.36,--,23,23828,买盘
1511,10:31:50,10.36,0.01,125,129500,买盘
1512,10:31:45,10.35,-0.01,1,1035,卖盘
1513,10:31:39,10.36,--,1,1036,买盘
1514,10:31:35,10.36,0.01,221,228956,买盘
1515,10:31:24,10.35,-0.01,14,14490,卖盘
1516,10:31:20,10.36,0.01,24,24864,买盘
1517,10:31:09,10.35,--,9,9315,卖盘
1518,10:31:05,10.35,--,18,18630,卖盘
1519,10:31:00,10.35,-0.01,18,18630,卖盘
1520,10:30:54,10.36,--,132,136752,买盘
1521,10:30:50,10.36,--,94,97384,买盘
1522,10:30:45,10.36,0.01,6,6216,买盘
1523,10:30:35,10.35,--,3,3105,卖盘
1524,10:30:30,10.35,--,75,77625,卖盘
1525,10:30:20,10.35,-0.01,60,62100,卖盘
1526,10:30:15,10.36,--,17,17612,买盘
1527,10:30:09,10.36,--,12,12432,买盘
1528,10:30:05,10.36,--,7,7252,买盘
1529,10:30:00,10.36,0.01,62,64232,买盘
1530,10:29:54,10.35,-0.01,10,10350,卖盘
1531,10:29:50,10.36,--,30,31080,买盘
1532,10:29:45,10.36,--,18,18648,买盘
1533,10:29:39,10.36,--,108,111888,买盘
1534,10:29:30,10.36,--,123,127428,买盘
1535,10:29:24,10.36,--,142,147112,买盘
1536,10:29:09,10.36,--,2,2072,买盘
1537,10:29:05,10.36,--,20,20720,买盘
1538,10:29:00,10.36,0.01,29,30044,买盘
1539,10:28:54,10.35,--,45,46575,卖盘
1540,10:28:50,10.35,--,20,20700,卖盘
1541,10:28:45,10.35,--,315,326025,卖盘
1542,10:28:39,10.35,-0.01,13,13455,卖盘
1543,10:28:35,10.36,0.01,1,1036,买盘
1544,10:28:30,10.35,-0.01,10,10350,卖盘
1545,10:28:24,10.36,--,30,31080,买盘
1546,10:28:20,10.36,0.01,114,118104,买盘
1547,10:28:15,10.35,-0.01,18,18630,卖盘
1548,10:28:09,10.36,--,4,4144,买盘
1549,10:28:00,10.36,0.01,5,5180,买盘
1550,10:27:54,10.35,-0.01,86,89010,卖盘
1551,10:27:45,10.36,0.01,1,1036,买盘
1552,10:27:34,10.35,-0.01,10,10350,卖盘
1553,10:27:30,10.36,0.01,9,9324,买盘
1554,10:27:24,10.35,-0.01,2,2070,卖盘
1555,10:27:19,10.36,0.01,1,1036,买盘
1556,10:27:15,10.35,-0.01,24,24840,卖盘
1557,10:27:09,10.36,--,4,4144,买盘
1558,10:27:04,10.36,0.01,127,131572,买盘
1559,10:27:00,10.35,--,10,10350,卖盘
1560,10:26:54,10.35,--,20,20700,卖盘
1561,10:26:45,10.35,-0.01,74,76590,卖盘
1562,10:26:33,10.36,0.01,61,63196,买盘
1563,10:26:30,10.35,--,16,16560,卖盘
1564,10:26:24,10.35,-0.01,3,3105,卖盘
1565,10:26:15,10.36,--,2,2072,买盘
1566,10:26:09,10.36,0.01,1,1036,买盘
1567,10:25:59,10.35,--,6,6210,卖盘
1568,10:25:54,10.35,-0.01,18,18630,卖盘
1569,10:25:48,10.36,--,1,1036,买盘
1570,10:25:44,10.36,0.01,123,127428,买盘
1571,10:25:33,10.35,--,218,225630,买盘
1572,10:25:14,10.35,-0.01,18,18630,卖盘
1573,10:25:09,10.36,--,524,542864,买盘
1574,10:25:03,10.36,0.01,164,169904,买盘
1575,10:24:59,10.35,--,37,38295,卖盘
1576,10:24:39,10.35,--,49,50715,买盘
1577,10:24:32,10.35,-0.01,1,1035,买盘
1578,10:24:29,10.36,0.01,101,104636,买盘
1579,10:24:24,10.35,--,116,121012,卖盘
1580,10:24:18,10.35,--,13,13455,卖盘
1581,10:24:14,10.35,--,22,22770,卖盘
1582,10:24:09,10.35,--,219,226665,卖盘
1583,10:23:54,10.35,--,101,104535,卖盘
1584,10:23:48,10.35,--,139,143865,卖盘
1585,10:23:44,10.35,--,6,6210,卖盘
1586,10:23:39,10.35,--,39,40365,卖盘
1587,10:23:29,10.35,0.01,12,12502,买盘
1588,10:23:24,10.34,--,221,228514,卖盘
1589,10:23:18,10.34,-0.01,60,62040,卖盘
1590,10:23:14,10.35,0.01,129,133515,买盘
1591,10:23:09,10.34,--,120,124080,卖盘
1592,10:23:03,10.34,-0.01,60,62040,卖盘
1593,10:22:59,10.35,--,10,10350,买盘
1594,10:22:54,10.35,--,231,240037,卖盘
1595,10:22:48,10.35,--,70,72450,卖盘
1596,10:22:44,10.35,-0.01,24,24840,卖盘
1597,10:22:39,10.36,0.01,1,1036,买盘
1598,10:22:33,10.35,--,101,104535,卖盘
1599,10:22:29,10.35,--,25,25875,卖盘
1600,10:22:24,10.35,-0.01,22,22770,卖盘
1601,10:22:14,10.36,0.01,70,72934,买盘
1602,10:22:09,10.35,--,31,32085,卖盘
1603,10:21:59,10.35,--,188,194580,卖盘
1604,10:21:54,10.35,--,12,12420,卖盘
1605,10:21:48,10.35,--,159,165268,买盘
1606,10:21:44,10.35,--,1,1366,卖盘
1607,10:21:39,10.35,--,101,105238,买盘
1608,10:21:33,10.35,0.01,189,195615,买盘
1609,10:21:24,10.34,-0.01,221,228514,卖盘
1610,10:21:18,10.35,--,13,13455,买盘
1611,10:21:14,10.35,--,1,1035,买盘
1612,10:21:09,10.35,--,1,1035,买盘
1613,10:21:03,10.35,--,38,40075,卖盘
1614,10:20:59,10.35,--,46,47610,卖盘
1615,10:20:54,10.35,--,535,554014,买盘
1616,10:20:48,10.35,--,6,6210,买盘
1617,10:20:44,10.35,--,112,115920,买盘
1618,10:20:39,10.35,--,157,162495,买盘
1619,10:20:32,10.35,0.01,60,62100,买盘
1620,10:20:29,10.34,--,325,336050,卖盘
1621,10:20:24,10.34,-0.01,1,1034,卖盘
1622,10:20:18,10.35,--,21,21735,买盘
1623,10:20:14,10.35,0.01,921,953235,买盘
1624,10:19:59,10.34,-0.01,21,21714,卖盘
1625,10:19:54,10.35,0.01,67,69345,买盘
1626,10:19:43,10.34,-0.01,29,29986,卖盘
1627,10:19:33,10.35,0.01,2,2070,买盘
1628,10:19:28,10.34,-0.01,25,25850,卖盘
1629,10:19:24,10.35,0.01,190,196650,买盘
1630,10:19:18,10.34,-0.01,87,89958,卖盘
1631,10:18:58,10.35,0.01,77,79695,买盘
1632,10:18:54,10.34,-0.01,167,172678,卖盘
1633,10:18:48,10.35,0.01,1,1035,买盘
1634,10:18:43,10.34,-0.01,23,23782,卖盘
1635,10:18:39,10.35,0.01,10,10350,买盘
1636,10:18:24,10.34,-0.02,137,142402,卖盘
1637,10:18:18,10.36,0.01,32,33152,买盘
1638,10:18:14,10.35,-0.01,19,19665,卖盘
1639,10:18:02,10.36,--,200,207200,买盘
1640,10:17:57,10.36,--,33,34188,买盘
1641,10:17:53,10.36,--,1,1036,买盘
1642,10:17:48,10.36,0.01,62,64232,买盘
1643,10:17:42,10.35,--,32,33120,卖盘
1644,10:17:38,10.35,--,77,79695,卖盘
1645,10:17:27,10.35,--,2,2070,卖盘
1646,10:17:23,10.35,--,168,173962,卖盘
1647,10:17:18,10.35,--,39,40365,卖盘
1648,10:17:12,10.35,--,36,37260,卖盘
1649,10:17:03,10.35,--,108,111780,卖盘
1650,10:16:53,10.35,-0.01,107,110745,卖盘
1651,10:16:47,10.36,--,108,111888,买盘
1652,10:16:42,10.36,--,27,27972,买盘
1653,10:16:38,10.36,0.01,26,26936,买盘
1654,10:16:33,10.35,--,34,35397,买盘
1655,10:16:23,10.35,--,53,54855,买盘
1656,10:16:18,10.35,--,8,8280,买盘
1657,10:16:12,10.35,--,134,138690,买盘
1658,10:16:08,10.35,--,38,39330,买盘
1659,10:16:03,10.35,--,20,20700,买盘
1660,10:15:48,10.35,--,146,151110,买盘
1661,10:15:38,10.35,--,347,359145,买盘
1662,10:15:27,10.35,0.01,102,105570,买盘
1663,10:15:18,10.34,--,1,1034,卖盘
1664,10:15:08,10.34,-0.01,45,46530,卖盘
1665,10:15:03,10.35,--,40,41400,买盘
1666,10:14:53,10.35,--,32,33120,买盘
1667,10:14:48,10.35,--,6,6210,买盘
1668,10:14:42,10.35,--,2,2070,买盘
1669,10:14:38,10.35,--,82,84870,买盘
1670,10:14:33,10.35,--,136,140760,买盘
1671,10:14:27,10.35,0.01,7,7245,买盘
1672,10:14:23,10.34,-0.01,20,20680,卖盘
1673,10:14:18,10.35,--,106,109917,买盘
1674,10:14:08,10.35,--,103,106605,买盘
1675,10:14:03,10.35,--,429,444015,买盘
1676,10:13:57,10.35,0.01,35,36225,买盘
1677,10:13:53,10.34,--,47,48598,卖盘
1678,10:13:48,10.34,-0.01,16,16544,卖盘
1679,10:13:42,10.35,--,1,1035,买盘
1680,10:13:33,10.35,--,48,49680,买盘
1681,10:13:27,10.35,0.01,127,131445,买盘
1682,10:13:23,10.34,--,10,10340,卖盘
1683,10:13:18,10.34,--,7,7238,卖盘
1684,10:13:08,10.34,-0.01,30,31020,卖盘
1685,10:13:03,10.35,--,629,651015,买盘
1686,10:12:57,10.35,0.01,849,878715,买盘
1687,10:12:53,10.34,-0.01,30,31020,卖盘
1688,10:12:48,10.35,--,1,1035,买盘
1689,10:12:42,10.35,--,115,119025,买盘
1690,10:12:38,10.35,--,4,4140,买盘
1691,10:12:33,10.35,--,347,359145,买盘
1692,10:12:27,10.35,0.01,61,63135,买盘
1693,10:12:23,10.34,-0.01,147,151998,卖盘
1694,10:12:18,10.35,0.01,78,80730,买盘
1695,10:12:12,10.34,-0.01,162,167508,卖盘
1696,10:12:08,10.35,--,19,19665,买盘
1697,10:12:03,10.35,--,19,19665,买盘
1698,10:11:57,10.35,--,73,75555,买盘
1699,10:11:47,10.35,0.01,94,97290,买盘
1700,10:11:42,10.34,-0.01,35,36190,卖盘
1701,10:11:38,10.35,--,224,231840,买盘
1702,10:11:32,10.35,--,15,15525,买盘
1703,10:11:27,10.35,--,18,18630,买盘
1704,10:11:23,10.35,--,55,56925,买盘
1705,10:11:17,10.35,0.01,150,155250,买盘
1706,10:11:12,10.34,-0.01,13,13442,卖盘
1707,10:11:07,10.35,--,362,374670,买盘
1708,10:11:02,10.35,--,9,9315,买盘
1709,10:10:57,10.35,--,12,12420,买盘
1710,10:10:52,10.35,--,27,27945,买盘
1711,10:10:48,10.35,--,37,38295,买盘
1712,10:10:42,10.35,--,119,123165,买盘
1713,10:10:33,10.35,--,12,12420,买盘
1714,10:10:27,10.35,0.01,6,6210,买盘
1715,10:10:23,10.34,-0.01,6,6204,卖盘
1716,10:10:17,10.35,--,260,269100,卖盘
1717,10:10:12,10.35,--,465,481275,买盘
1718,10:10:06,10.35,--,879,909765,买盘
1719,10:10:02,10.35,0.01,867,897345,买盘
1720,10:09:57,10.34,-0.01,10,10340,卖盘
1721,10:09:47,10.35,--,72,74520,买盘
1722,10:09:41,10.35,--,33,34155,买盘
1723,10:09:32,10.35,--,130,134550,买盘
1724,10:09:27,10.35,--,70,72470,卖盘
1725,10:09:21,10.35,--,57,60009,买盘
1726,10:09:17,10.35,--,151,156285,买盘
1727,10:09:12,10.35,--,82,84870,买盘
1728,10:09:06,10.35,--,197,203915,卖盘
1729,10:09:02,10.35,--,126,130410,卖盘
1730,10:08:57,10.35,--,169,174915,卖盘
1731,10:08:42,10.35,-0.01,193,200376,卖盘
1732,10:08:36,10.36,0.01,38,39368,买盘
1733,10:08:27,10.35,-0.01,30,31050,卖盘
1734,10:08:17,10.36,0.01,70,72520,买盘
1735,10:08:12,10.35,--,32,33120,卖盘
1736,10:08:05,10.35,-0.01,90,93150,卖盘
1737,10:08:02,10.36,0.01,2,2072,买盘
1738,10:07:57,10.35,--,52,53820,卖盘
1739,10:07:51,10.35,--,160,165600,卖盘
1740,10:07:47,10.35,-0.01,25,25875,卖盘
1741,10:07:41,10.36,0.01,102,105672,买盘
1742,10:07:36,10.35,-0.01,103,106605,卖盘
1743,10:07:32,10.36,0.01,523,541828,买盘
1744,10:07:27,10.35,--,40,41400,卖盘
1745,10:07:17,10.35,-0.01,26,26910,卖盘
1746,10:07:12,10.36,0.01,1,1036,买盘
1747,10:07:06,10.35,--,48,49680,卖盘
1748,10:07:02,10.35,-0.01,56,57960,卖盘
1749,10:06:57,10.36,0.01,87,90132,买盘
1750,10:06:50,10.35,-0.01,165,170775,卖盘
1751,10:06:42,10.36,0.01,492,509712,买盘
1752,10:06:35,10.35,-0.01,10,10350,卖盘
1753,10:06:32,10.36,--,1,1036,买盘
1754,10:06:27,10.36,--,101,104636,买盘
1755,10:06:21,10.36,--,140,145040,买盘
1756,10:06:17,10.36,0.01,739,765604,买盘
1757,10:06:12,10.35,--,21,21735,卖盘
1758,10:06:06,10.35,--,44,45540,卖盘
1759,10:05:51,10.35,--,18,18630,卖盘
1760,10:05:47,10.35,--,7,7245,卖盘
1761,10:05:42,10.35,--,70,72450,卖盘
1762,10:05:36,10.35,--,39,40365,卖盘
1763,10:05:32,10.35,--,12,12420,卖盘
1764,10:05:27,10.35,0.01,1134,1174083,买盘
1765,10:05:16,10.34,--,142,147655,卖盘
1766,10:05:12,10.34,--,151,156134,卖盘
1767,10:05:06,10.34,--,33,34122,卖盘
1768,10:05:02,10.34,--,20,20680,卖盘
1769,10:04:56,10.34,--,39,40326,卖盘
1770,10:04:51,10.34,--,235,242990,买盘
1771,10:04:46,10.34,0.01,9,9306,买盘
1772,10:04:41,10.33,--,131,135323,卖盘
1773,10:04:36,10.33,-0.01,176,181808,卖盘
1774,10:04:32,10.34,--,20,20680,买盘
1775,10:04:26,10.34,0.01,12,12408,买盘
1776,10:04:17,10.33,-0.01,36,37188,卖盘
1777,10:04:11,10.34,0.01,800,827200,买盘
1778,10:04:06,10.33,--,17,17561,卖盘
1779,10:04:01,10.33,-0.01,18,18594,卖盘
1780,10:03:56,10.34,--,219,226963,卖盘
1781,10:03:51,10.34,--,409,422906,卖盘
1782,10:03:46,10.34,--,18,18612,卖盘
1783,10:03:41,10.34,--,199,206283,卖盘
1784,10:03:36,10.34,--,122,126148,卖盘
1785,10:03:31,10.34,--,7,7238,卖盘
1786,10:03:26,10.34,-0.01,252,260878,卖盘
1787,10:03:21,10.35,-0.01,681,705269,卖盘
1788,10:03:11,10.36,0.01,37,38332,买盘
1789,10:03:06,10.35,-0.01,136,140760,卖盘
1790,10:03:01,10.36,0.01,9,9324,买盘
1791,10:02:56,10.35,--,48,49680,卖盘
1792,10:02:51,10.35,-0.01,124,128340,卖盘
1793,10:02:46,10.36,--,26,26936,买盘
1794,10:02:41,10.36,0.01,158,163688,买盘
1795,10:02:36,10.35,-0.01,106,109730,卖盘
1796,10:02:31,10.36,--,100,103600,买盘
1797,10:02:21,10.36,--,6,6216,买盘
1798,10:02:11,10.36,--,64,66304,买盘
1799,10:02:06,10.36,--,88,91168,买盘
1800,10:01:56,10.36,--,452,468272,买盘
1801,10:01:51,10.36,--,72,74592,买盘
1802,10:01:36,10.36,--,2,2072,买盘
1803,10:01:30,10.36,0.01,2,2072,买盘
1804,10:01:26,10.35,-0.01,36,37260,卖盘
1805,10:01:20,10.36,0.01,109,112924,买盘
1806,10:01:15,10.35,-0.01,1115,1154025,卖盘
1807,10:01:11,10.36,--,63,65268,买盘
1808,10:01:00,10.36,0.01,20,20720,买盘
1809,10:00:56,10.35,--,19,19665,卖盘
1810,10:00:51,10.35,-0.01,80,83628,卖盘
1811,10:00:45,10.36,0.01,21,21756,买盘
1812,10:00:41,10.35,-0.01,20,20700,卖盘
1813,10:00:36,10.36,0.01,18,18648,买盘
1814,10:00:29,10.35,--,18,18630,卖盘
1815,10:00:21,10.35,--,19,19665,卖盘
1816,10:00:15,10.35,-0.01,6,6210,卖盘
1817,10:00:11,10.36,-0.01,669,693508,卖盘
1818,10:00:06,10.37,--,1000,1036999,买盘
1819,10:00:00,10.37,0.01,109,113032,买盘
1820,09:59:56,10.36,-0.01,31,32116,卖盘
1821,09:59:51,10.37,0.01,71,73627,买盘
1822,09:59:44,10.36,--,5,5180,卖盘
1823,09:59:41,10.36,--,55,57363,卖盘
1824,09:59:36,10.36,--,19,19684,卖盘
1825,09:59:29,10.36,--,12,12432,卖盘
1826,09:59:26,10.36,--,380,393680,买盘
1827,09:59:21,10.36,--,58,60088,买盘
1828,09:59:11,10.36,0.01,542,561512,买盘
1829,09:59:06,10.35,--,510,527850,卖盘
1830,09:59:00,10.35,-0.01,18,18630,卖盘
1831,09:58:56,10.36,--,32,33152,买盘
1832,09:58:51,10.36,--,5,5180,买盘
1833,09:58:41,10.36,-0.01,118,122248,中性盘
1834,09:58:36,10.37,0.01,1187,1231136,买盘
1835,09:58:30,10.36,--,86,89096,卖盘
1836,09:58:26,10.36,--,2371,2456356,卖盘
1837,09:58:21,10.36,--,61,63196,卖盘
1838,09:58:15,10.36,--,18,18648,卖盘
1839,09:58:11,10.36,--,308,319088,卖盘
1840,09:58:06,10.36,--,237,245532,买盘
1841,09:58:00,10.36,--,1,1036,买盘
1842,09:57:56,10.36,--,20,20720,买盘
1843,09:57:50,10.36,--,151,156436,买盘
1844,09:57:41,10.36,-0.01,10,10360,买盘
1845,09:57:35,10.37,--,74,76738,买盘
1846,09:57:30,10.37,0.01,217,225028,买盘
1847,09:57:26,10.36,0.01,43,44548,买盘
1848,09:57:20,10.35,-0.01,13,13662,卖盘
1849,09:57:15,10.36,--,280,290080,买盘
1850,09:57:00,10.36,--,241,249676,买盘
1851,09:56:45,10.36,0.01,111,114996,买盘
1852,09:56:41,10.35,--,116,120060,卖盘
1853,09:56:35,10.35,-0.01,21,21735,卖盘
1854,09:56:30,10.36,0.01,4,4144,买盘
1855,09:56:26,10.35,-0.01,3,3105,卖盘
1856,09:56:20,10.36,0.01,19,19684,买盘
1857,09:56:15,10.35,-0.01,126,130410,卖盘
1858,09:56:10,10.36,--,15,15540,买盘
1859,09:56:05,10.36,--,747,773892,买盘
1860,09:56:00,10.36,--,110,113960,买盘
1861,09:55:50,10.36,--,35,36260,买盘
1862,09:55:45,10.36,--,172,178192,买盘
1863,09:55:40,10.36,--,70,72520,买盘
1864,09:55:35,10.36,0.01,98,101528,买盘
1865,09:55:29,10.35,-0.01,69,71415,卖盘
1866,09:55:20,10.36,--,31,32116,买盘
1867,09:55:14,10.36,-0.01,286,296296,卖盘
1868,09:55:10,10.37,0.01,510,528870,买盘
1869,09:55:05,10.36,--,231,239316,买盘
1870,09:54:59,10.36,--,160,165760,买盘
1871,09:54:50,10.36,--,30,31080,买盘
1872,09:54:40,10.36,--,60,62160,买盘
1873,09:54:35,10.36,-0.01,340,352240,卖盘
1874,09:54:30,10.37,0.01,480,497759,买盘
1875,09:54:25,10.36,--,520,538720,卖盘
1876,09:54:20,10.36,-0.01,60,62160,卖盘
1877,09:54:15,10.37,0.01,630,653310,买盘
1878,09:54:10,10.36,--,162,167832,卖盘
1879,09:54:05,10.36,0.01,528,547008,买盘
1880,09:54:00,10.35,-0.01,225,232875,卖盘
1881,09:53:54,10.36,--,32,33152,买盘
1882,09:53:50,10.36,--,29,30044,买盘
1883,09:53:45,10.36,0.01,341,353276,买盘
1884,09:53:39,10.35,--,65,67275,卖盘
1885,09:53:35,10.35,--,26,26910,卖盘
1886,09:53:30,10.35,0.01,1829,1893294,买盘
1887,09:53:20,10.34,--,9,9306,卖盘
1888,09:53:15,10.34,--,86,88924,卖盘
1889,09:53:09,10.34,--,92,95128,买盘
1890,09:53:05,10.34,--,75,77550,买盘
1891,09:52:50,10.34,--,7,7238,中性盘
1892,09:52:45,10.34,--,81,83754,卖盘
1893,09:52:35,10.34,0.01,103,106502,买盘
1894,09:52:30,10.33,--,124,128092,卖盘
1895,09:52:20,10.33,--,56,57848,卖盘
1896,09:52:15,10.33,-0.01,60,61980,卖盘
1897,09:52:05,10.34,0.01,31,32054,买盘
1898,09:52:00,10.33,-0.01,86,89323,卖盘
1899,09:51:50,10.34,--,5,5170,买盘
1900,09:51:45,10.34,--,101,104434,买盘
1901,09:51:35,10.34,--,795,822464,卖盘
1902,09:51:30,10.34,--,60,62040,卖盘
1903,09:51:20,10.34,0.01,1331,1376853,买盘
1904,09:51:15,10.33,-0.01,218,225948,卖盘
1905,09:51:09,10.34,0.01,5,5170,买盘
1906,09:51:05,10.33,--,150,154950,卖盘
1907,09:50:50,10.33,--,109,112669,卖盘
1908,09:50:44,10.33,-0.01,10,10330,卖盘
1909,09:50:35,10.34,0.01,20,20680,买盘
1910,09:50:29,10.33,--,20,20660,卖盘
1911,09:50:14,10.33,--,82,84706,卖盘
1912,09:50:09,10.33,--,22,22726,卖盘
1913,09:50:05,10.33,-0.01,66,68384,卖盘
1914,09:49:59,10.34,--,1,1034,买盘
1915,09:49:50,10.34,--,617,637978,买盘
1916,09:49:44,10.34,0.01,22,22748,买盘
1917,09:49:29,10.33,-0.01,48,49584,卖盘
1918,09:49:24,10.34,--,149,154066,买盘
1919,09:49:14,10.34,--,24,24816,买盘
1920,09:49:09,10.34,--,87,89958,买盘
1921,09:48:59,10.34,-0.01,23,23782,中性盘
1922,09:48:54,10.35,0.01,336,347760,买盘
1923,09:48:49,10.34,-0.01,200,206800,卖盘
1924,09:48:44,10.35,--,113,116955,买盘
1925,09:48:39,10.35,--,35,36225,买盘
1926,09:48:34,10.35,0.01,2,2070,买盘
1927,09:48:29,10.34,-0.01,245,253330,卖盘
1928,09:48:24,10.35,--,80,82800,买盘
1929,09:48:19,10.35,0.01,7,7245,买盘
1930,09:48:14,10.34,--,71,73414,卖盘
1931,09:48:09,10.34,-0.01,103,106502,卖盘
1932,09:48:04,10.35,0.01,20,20700,买盘
1933,09:47:59,10.34,-0.01,356,368104,卖盘
1934,09:47:54,10.35,--,0,0,买盘
1935,09:47:49,10.35,0.02,582,602370,买盘
1936,09:47:44,10.33,--,183,189039,卖盘
1937,09:47:39,10.33,-0.01,209,215897,卖盘
1938,09:47:33,10.34,0.01,169,174746,买盘
1939,09:47:24,10.33,-0.01,1,1033,卖盘
1940,09:47:18,10.34,0.02,81,83754,买盘
1941,09:47:14,10.32,--,284,293088,卖盘
1942,09:47:09,10.32,-0.01,80,82560,卖盘
1943,09:47:04,10.33,--,195,201435,买盘
1944,09:46:54,10.33,--,223,230359,买盘
1945,09:46:44,10.33,0.01,34,35122,买盘
1946,09:46:39,10.32,--,1221,1260072,卖盘
1947,09:46:34,10.32,--,5,5160,卖盘
1948,09:46:29,10.32,--,172,178350,买盘
1949,09:46:24,10.32,--,26,26832,买盘
1950,09:46:19,10.32,--,181,186792,买盘
1951,09:46:14,10.32,--,275,283800,买盘
1952,09:46:03,10.32,0.01,1,1032,买盘
1953,09:45:59,10.31,--,30,31342,卖盘
1954,09:45:54,10.31,--,60,61860,卖盘
1955,09:45:48,10.31,-0.01,113,116503,卖盘
1956,09:45:39,10.32,0.01,30,30960,买盘
1957,09:45:33,10.31,--,20,20620,卖盘
1958,09:45:28,10.31,-0.01,72,74232,卖盘
1959,09:45:18,10.32,--,10,10320,买盘
1960,09:45:13,10.32,--,117,120744,买盘
1961,09:45:09,10.32,0.02,100,103200,买盘
1962,09:45:03,10.3,-0.02,12,12360,卖盘
1963,09:44:59,10.32,--,0,0,买盘
1964,09:44:53,10.32,--,83,85656,买盘
1965,09:44:47,10.32,--,20,20640,买盘
1966,09:44:43,10.32,--,13,13416,买盘
1967,09:44:39,10.32,--,73,75336,买盘
1968,09:44:33,10.32,0.03,103,106296,买盘
1969,09:44:28,10.29,--,246,253133,卖盘
1970,09:44:24,10.29,--,234,241578,买盘
1971,09:44:18,10.29,0.01,2,2058,买盘
1972,09:44:14,10.28,-0.01,1007,1036121,卖盘
1973,09:44:09,10.29,--,223,229466,买盘
1974,09:44:03,10.29,-0.01,693,713096,卖盘
1975,09:43:58,10.3,0.01,381,392430,买盘
1976,09:43:53,10.29,-0.01,1,1029,卖盘
1977,09:43:48,10.3,--,20,20600,买盘
1978,09:43:44,10.3,0.01,10,10300,买盘
1979,09:43:33,10.29,-0.01,25,25724,卖盘
1980,09:43:28,10.3,--,72,74160,卖盘
1981,09:43:23,10.3,-0.01,1115,1148697,卖盘
1982,09:43:18,10.31,--,0,0,买盘
1983,09:43:13,10.31,0.01,554,571668,买盘
1984,09:43:08,10.3,--,273,281663,买盘
1985,09:42:58,10.3,--,83,85490,买盘
1986,09:42:53,10.3,--,42,43260,买盘
1987,09:42:48,10.3,--,31,31930,买盘
1988,09:42:44,10.3,-0.01,1138,1172696,卖盘
1989,09:42:38,10.31,--,92,95779,买盘
1990,09:42:28,10.31,--,1,1031,买盘
1991,09:42:23,10.31,--,212,219355,卖盘
1992,09:42:08,10.31,-0.01,322,332229,卖盘
1993,09:42:03,10.32,0.01,20,20640,买盘
1994,09:41:59,10.31,-0.01,107,110317,卖盘
1995,09:41:53,10.32,0.01,1,1032,买盘
1996,09:41:48,10.31,--,3,3093,卖盘
1997,09:41:38,10.31,-0.01,24,24744,卖盘
1998,09:41:33,10.32,0.01,485,500520,买盘
1999,09:41:28,10.31,--,2,2062,卖盘
2000,09:41:18,10.31,-0.01,40,41240,卖盘
2001,09:41:13,10.32,0.01,8,8256,买盘
2002,09:41:03,10.31,--,320,329920,卖盘
2003,09:40:58,10.31,--,15,15465,卖盘
2004,09:40:48,10.31,--,30,30930,卖盘
2005,09:40:43,10.31,--,144,148464,卖盘
2006,09:40:38,10.31,--,46,47426,卖盘
2007,09:40:32,10.31,-0.01,6,6186,卖盘
2008,09:40:28,10.32,--,0,0,买盘
2009,09:40:18,10.32,--,274,282768,买盘
2010,09:40:13,10.32,--,0,0,买盘
2011,09:40:08,10.32,0.01,1068,1102176,买盘
2012,09:40:03,10.31,--,163,168053,买盘
2013,09:39:58,10.31,--,63,64953,买盘
2014,09:39:38,10.31,0.01,45,46395,买盘
2015,09:39:33,10.3,-0.01,9,9270,卖盘
2016,09:39:28,10.31,0.01,120,123720,买盘
2017,09:39:23,10.3,--,41,42230,卖盘
2018,09:39:18,10.3,--,135,139050,卖盘
2019,09:39:13,10.3,--,663,683466,卖盘
2020,09:39:08,10.3,-0.01,25,25750,卖盘
2021,09:39:03,10.31,--,151,155681,买盘
2022,09:38:58,10.31,--,40,41693,卖盘
2023,09:38:53,10.31,--,17,17527,卖盘
2024,09:38:48,10.31,--,10,10310,卖盘
2025,09:38:43,10.31,--,100,103677,卖盘
2026,09:38:38,10.31,0.01,82,84542,中性盘
2027,09:38:33,10.3,--,18,18540,卖盘
2028,09:38:23,10.3,-0.01,144,148320,卖盘
2029,09:38:18,10.31,-0.01,481,495911,卖盘
2030,09:38:12,10.32,--,101,104232,买盘
2031,09:38:03,10.32,0.01,45,46440,买盘
2032,09:37:48,10.31,-0.01,62,63922,卖盘
2033,09:37:42,10.32,--,32,33024,买盘
2034,09:37:37,10.32,--,40,41280,买盘
2035,09:37:32,10.32,0.02,365,376680,买盘
2036,09:37:27,10.3,--,6,6180,卖盘
2037,09:37:22,10.3,--,13,13390,买盘
2038,09:37:18,10.3,0.01,45,46350,买盘
2039,09:37:12,10.29,-0.01,69,71001,卖盘
2040,09:37:07,10.3,--,256,263680,买盘
2041,09:37:02,10.3,--,84,86520,买盘
2042,09:36:57,10.3,--,136,140080,买盘
2043,09:36:52,10.3,--,43,44290,买盘
2044,09:36:47,10.3,--,164,168920,买盘
2045,09:36:42,10.3,0.01,20,20600,买盘
2046,09:36:32,10.29,--,39,40131,卖盘
2047,09:36:27,10.29,-0.01,1,1029,卖盘
2048,09:36:17,10.3,--,43,44290,买盘
2049,09:36:11,10.3,--,172,177160,买盘
2050,09:36:02,10.3,0.01,33,33990,买盘
2051,09:35:52,10.29,-0.01,217,223292,卖盘
2052,09:35:47,10.3,0.01,130,133900,买盘
2053,09:35:42,10.29,-0.01,654,672966,卖盘
2054,09:35:37,10.3,--,5,5150,买盘
2055,09:35:32,10.3,--,101,104030,买盘
2056,09:35:27,10.3,-0.01,152,156560,卖盘
2057,09:35:22,10.31,0.01,60,61860,买盘
2058,09:35:17,10.3,-0.01,30,30900,卖盘
2059,09:35:07,10.31,0.01,341,351571,买盘
2060,09:35:01,10.3,--,156,160680,买盘
2061,09:34:52,10.3,0.01,60,61800,买盘
2062,09:34:37,10.29,--,100,102899,卖盘
2063,09:34:32,10.29,--,797,820112,买盘
2064,09:34:27,10.29,--,100,102899,买盘
2065,09:34:22,10.29,--,20,20580,买盘
2066,09:34:17,10.29,--,5,5145,买盘
2067,09:34:12,10.29,--,18,18522,买盘
2068,09:34:02,10.29,0.01,170,174930,买盘
2069,09:33:57,10.28,-0.01,52,53456,卖盘
2070,09:33:52,10.29,--,15,15434,买盘
2071,09:33:46,10.29,--,47,48362,买盘
2072,09:33:41,10.29,--,68,69972,买盘
2073,09:33:37,10.29,--,58,59681,买盘
2074,09:33:32,10.29,-0.01,913,939476,卖盘
2075,09:33:27,10.3,0.01,472,486160,买盘
2076,09:33:22,10.29,--,40,41160,买盘
2077,09:33:16,10.29,--,206,211973,卖盘
2078,09:33:12,10.29,-0.01,162,166698,卖盘
2079,09:33:02,10.3,0.01,41,42230,买盘
2080,09:32:57,10.29,--,91,93638,买盘
2081,09:32:46,10.29,-0.01,89,91580,卖盘
2082,09:32:42,10.3,0.02,540,556200,买盘
2083,09:32:37,10.28,-0.01,25,25700,卖盘
2084,09:32:32,10.29,0.01,182,187277,买盘
2085,09:32:27,10.28,-0.01,434,446152,卖盘
2086,09:32:21,10.29,--,40,41160,买盘
2087,09:32:16,10.29,--,100,102899,买盘
2088,09:32:12,10.29,-0.01,974,1002245,卖盘
2089,09:32:07,10.3,--,44,45320,买盘
2090,09:32:01,10.3,0.01,530,546806,买盘
2091,09:31:57,10.29,-0.01,64,65856,卖盘
2092,09:31:52,10.3,0.01,18,18540,买盘
2093,09:31:47,10.29,--,107,110102,卖盘
2094,09:31:42,10.29,--,192,197691,买盘
2095,09:31:37,10.29,--,162,166698,买盘
2096,09:31:31,10.29,--,135,138915,买盘
2097,09:31:27,10.29,-0.01,438,450701,中性盘
2098,09:31:22,10.3,0.01,271,279130,买盘
2099,09:31:17,10.29,--,261,268569,买盘
2100,09:31:12,10.29,--,292,300468,买盘
2101,09:31:07,10.29,--,260,267540,买盘
2102,09:31:01,10.29,--,193,198596,买盘
2103,09:30:57,10.29,--,135,138915,买盘
2104,09:30:52,10.29,--,33,33957,买盘
2105,09:30:46,10.29,0.01,44,45275,买盘
2106,09:30:41,10.28,-0.01,6,6168,卖盘
2107,09:30:36,10.29,--,284,292236,买盘
2108,09:30:32,10.29,--,76,78204,卖盘
2109,09:30:25,10.29,--,64,65856,卖盘
2110,09:30:21,10.29,-0.01,31,31898,卖盘
2111,09:30:16,10.3,0.01,8,8240,买盘
2112,09:30:11,10.29,0.01,247,254162,买盘
2113,09:30:06,10.28,--,819,841932,卖盘
2114,09:30:02,10.28,--,310,318680,卖盘
2115,09:28:55,10.28,--,0,0,卖盘
2116,09:25:07,10.28,10.28,1121,1152388,买盘
