,time,price,change,volume,amount,type
0,15:00:00,5.43,--,0,0,买盘
1,15:00:00,5.43,--,477,259011,买盘
2,14:59:53,5.43,--,129,70047,买盘
3,14:59:48,5.43,--,55,29865,买盘
4,14:59:38,5.43,--,152,82536,买盘
5,14:59:33,5.43,--,8,4344,买盘
6,14:59:29,5.43,--,41,22263,买盘
7,14:59:23,5.43,--,20,10860,买盘
8,14:59:18,5.43,--,53,28779,买盘
9,14:59:08,5.43,--,1003,544629,买盘
10,14:59:03,5.43,0.01,47,25521,买盘
11,14:58:58,5.42,-0.01,200,108400,卖盘
12,14:58:53,5.43,--,862,468066,买盘
13,14:58:48,5.43,--,198,107514,买盘
14,14:58:43,5.43,--,60,32580,买盘
15,14:58:28,5.43,--,1,543,买盘
16,14:58:23,5.43,--,29,15747,买盘
17,14:58:18,5.43,--,48,26064,买盘
18,14:58:08,5.43,0.01,189,102627,买盘
19,14:58:03,5.42,-0.01,346,187532,卖盘
20,14:57:48,5.43,--,218,118374,买盘
21,14:57:38,5.43,0.01,10,5430,买盘
22,14:57:33,5.42,-0.01,18,9756,卖盘
23,14:57:23,5.43,0.01,141,76563,买盘
24,14:57:18,5.42,-0.01,80,43360,卖盘
25,14:57:13,5.43,0.01,9,4887,买盘
26,14:57:03,5.42,-0.01,92,49864,卖盘
27,14:56:53,5.43,--,19,10317,买盘
28,14:56:48,5.43,--,50,27150,买盘
29,14:56:38,5.43,0.01,23,12489,买盘
30,14:56:33,5.42,-0.01,13,7046,卖盘
31,14:56:28,5.43,--,614,333402,买盘
32,14:56:23,5.43,0.01,10,5430,买盘
33,14:56:18,5.42,--,6,3252,卖盘
34,14:56:08,5.42,--,296,160432,卖盘
35,14:56:03,5.42,--,16,8672,卖盘
36,14:55:53,5.42,--,77,41734,卖盘
37,14:55:48,5.42,--,405,219510,卖盘
38,14:55:43,5.42,-0.01,34,18699,卖盘
39,14:55:37,5.43,--,289,156927,买盘
40,14:55:33,5.43,0.01,719,390417,买盘
41,14:55:28,5.42,--,93,50406,卖盘
42,14:55:22,5.42,-0.01,13,7046,卖盘
43,14:55:18,5.43,0.01,186,100998,买盘
44,14:55:12,5.42,--,168,91056,卖盘
45,14:55:08,5.42,--,37,20054,卖盘
46,14:55:03,5.42,--,31,16802,卖盘
47,14:54:57,5.42,--,9,4878,卖盘
48,14:54:52,5.42,--,4,2168,卖盘
49,14:54:48,5.42,--,10,5420,卖盘
50,14:54:42,5.42,--,208,112736,卖盘
51,14:54:33,5.42,-0.01,9,4878,卖盘
52,14:54:27,5.43,0.01,3201,1738143,买盘
53,14:54:22,5.42,-0.01,9,4878,卖盘
54,14:54:18,5.43,0.01,90,48870,买盘
55,14:54:12,5.42,--,113,61246,卖盘
56,14:54:07,5.42,--,10,5420,卖盘
57,14:54:02,5.42,--,6108,3310536,卖盘
58,14:53:57,5.42,--,115,62330,卖盘
59,14:53:53,5.42,--,90,48780,卖盘
60,14:53:47,5.42,--,30,16260,卖盘
61,14:53:42,5.42,--,26,14092,卖盘
62,14:53:37,5.42,-0.01,34,18428,卖盘
63,14:53:32,5.43,0.01,53,28779,买盘
64,14:53:27,5.42,-0.01,7,3794,卖盘
65,14:53:23,5.43,0.01,73,39639,买盘
66,14:53:17,5.42,--,2000,1084000,卖盘
67,14:53:12,5.42,--,8,4336,卖盘
68,14:53:07,5.42,--,35,18970,卖盘
69,14:53:02,5.42,-0.01,7,3794,卖盘
70,14:52:57,5.43,0.01,47,25521,买盘
71,14:52:52,5.42,--,100,54200,卖盘
72,14:52:47,5.42,-0.01,158,85636,卖盘
73,14:52:42,5.43,0.01,8,4344,买盘
74,14:52:37,5.42,--,8,4336,卖盘
75,14:52:32,5.42,--,13,7046,卖盘
76,14:52:27,5.42,--,17,9214,卖盘
77,14:52:22,5.42,--,8,4336,卖盘
78,14:52:17,5.42,--,63,34146,卖盘
79,14:52:12,5.42,--,45,24390,卖盘
80,14:52:07,5.42,--,1,542,卖盘
81,14:52:02,5.42,--,50,27100,卖盘
82,14:51:57,5.42,--,10,5420,卖盘
83,14:51:52,5.42,--,8,4336,卖盘
84,14:51:47,5.42,-0.01,21,11382,卖盘
85,14:51:42,5.43,0.01,1,543,买盘
86,14:51:37,5.42,--,16,8672,卖盘
87,14:51:32,5.42,--,20,10840,卖盘
88,14:51:27,5.42,--,206,111652,卖盘
89,14:51:17,5.42,--,9,4878,卖盘
90,14:51:12,5.42,--,115,62330,卖盘
91,14:51:07,5.42,-0.01,23,12466,卖盘
92,14:51:02,5.43,0.01,6,3258,买盘
93,14:50:57,5.42,--,189,102438,卖盘
94,14:50:52,5.42,--,40,21680,卖盘
95,14:50:47,5.42,-0.01,159,86178,卖盘
96,14:50:42,5.43,0.01,1142,620106,买盘
97,14:50:37,5.42,--,9,4878,卖盘
98,14:50:32,5.42,-0.01,9,4878,卖盘
99,14:50:27,5.43,--,20,10860,买盘
100,14:50:17,5.43,--,1398,759124,卖盘
101,14:50:12,5.43,-0.01,92,49956,卖盘
102,14:50:07,5.44,0.01,23,12512,买盘
103,14:50:02,5.43,--,97,52671,卖盘
104,14:49:57,5.43,--,119,64617,卖盘
105,14:49:52,5.43,--,18,9774,卖盘
106,14:49:47,5.43,-0.01,84,45612,卖盘
107,14:49:42,5.44,0.02,513,279605,买盘
108,14:49:37,5.42,-0.01,1032,559344,卖盘
109,14:49:32,5.43,--,119,64617,买盘
110,14:49:27,5.43,0.01,474,257382,买盘
111,14:49:22,5.42,--,41,22222,卖盘
112,14:49:17,5.42,--,486,263412,卖盘
113,14:49:12,5.42,--,45,24390,卖盘
114,14:49:07,5.42,--,7,3794,卖盘
115,14:49:02,5.42,--,1586,859612,卖盘
116,14:48:57,5.42,--,20,10840,卖盘
117,14:48:52,5.42,--,763,413546,卖盘
118,14:48:47,5.42,-0.01,208,112736,卖盘
119,14:48:42,5.43,--,51,27693,买盘
120,14:48:37,5.43,--,27,14661,买盘
121,14:48:32,5.43,0.01,277,150411,买盘
122,14:48:27,5.42,--,48,26016,卖盘
123,14:48:22,5.42,--,147,79674,卖盘
124,14:48:17,5.42,--,149,80758,卖盘
125,14:48:12,5.42,--,27,14634,卖盘
126,14:48:01,5.42,-0.01,32,17344,卖盘
127,14:47:57,5.43,0.01,465,252495,买盘
128,14:47:52,5.42,-0.01,19,10298,卖盘
129,14:47:46,5.43,--,701,380643,买盘
130,14:47:42,5.43,0.01,401,217743,买盘
131,14:47:37,5.42,-0.01,379,205418,卖盘
132,14:47:31,5.43,--,60,32580,买盘
133,14:47:21,5.43,--,24,13032,买盘
134,14:47:16,5.43,0.01,731,396933,买盘
135,14:47:11,5.42,--,58,31436,卖盘
136,14:47:07,5.42,--,1086,588612,卖盘
137,14:46:57,5.42,--,10,5420,卖盘
138,14:46:51,5.42,--,47,25474,卖盘
139,14:46:46,5.42,--,10,5420,卖盘
140,14:46:41,5.42,--,773,419226,卖盘
141,14:46:36,5.42,--,17,9214,卖盘
142,14:46:31,5.42,--,5,2710,卖盘
143,14:46:26,5.42,-0.01,11,5962,卖盘
144,14:46:21,5.43,0.01,15,8145,买盘
145,14:46:16,5.42,-0.01,5,2710,卖盘
146,14:46:11,5.43,--,11,5973,买盘
147,14:46:06,5.43,--,62,33666,买盘
148,14:46:01,5.43,--,115,62445,买盘
149,14:45:56,5.43,0.01,26,14118,买盘
150,14:45:51,5.42,--,8,4336,卖盘
151,14:45:41,5.42,-0.01,11,5962,卖盘
152,14:45:36,5.43,0.01,20,10860,买盘
153,14:45:31,5.42,-0.01,2,1084,卖盘
154,14:45:26,5.43,--,59,32037,买盘
155,14:45:21,5.43,0.01,38,20634,买盘
156,14:45:16,5.42,--,14,7588,卖盘
157,14:45:11,5.42,-0.01,12,6504,卖盘
158,14:45:06,5.43,--,1042,565806,买盘
159,14:45:01,5.43,0.01,1,543,买盘
160,14:44:56,5.42,--,25,13550,卖盘
161,14:44:51,5.42,--,156,84552,卖盘
162,14:44:46,5.42,--,786,426012,卖盘
163,14:44:41,5.42,--,61,33062,卖盘
164,14:44:36,5.42,-0.01,96,52032,卖盘
165,14:44:26,5.43,--,206,111858,买盘
166,14:44:16,5.43,--,102,55386,买盘
167,14:44:11,5.43,--,28,15204,买盘
168,14:44:01,5.43,0.01,1001,543543,买盘
169,14:43:56,5.42,-0.01,9,4878,卖盘
170,14:43:41,5.43,--,115,62445,买盘
171,14:43:36,5.43,--,176,95568,买盘
172,14:43:26,5.43,0.01,8,4344,买盘
173,14:43:21,5.42,--,65,35230,卖盘
174,14:43:16,5.42,-0.01,5,2710,卖盘
175,14:43:11,5.43,0.01,68,36924,买盘
176,14:43:06,5.42,-0.01,525,284550,卖盘
177,14:42:56,5.43,0.01,10,5430,买盘
178,14:42:51,5.42,-0.01,184,99728,卖盘
179,14:42:41,5.43,0.01,1,543,买盘
180,14:42:36,5.42,--,121,65582,卖盘
181,14:42:26,5.42,--,20,10840,卖盘
182,14:42:21,5.42,--,20,10840,卖盘
183,14:42:16,5.42,--,108,58536,卖盘
184,14:42:06,5.42,-0.01,756,409752,卖盘
185,14:42:01,5.43,0.01,6,3258,买盘
186,14:41:56,5.42,-0.01,59,31978,卖盘
187,14:41:51,5.43,0.01,142,77106,买盘
188,14:41:41,5.42,-0.01,15,8130,卖盘
189,14:41:36,5.43,0.01,1,543,买盘
190,14:41:31,5.42,-0.01,6,3252,卖盘
191,14:41:26,5.43,0.01,119,64617,买盘
192,14:41:21,5.42,--,226,122492,卖盘
193,14:41:16,5.42,-0.01,11,5962,卖盘
194,14:41:11,5.43,--,871,472963,卖盘
195,14:41:06,5.43,--,164,89052,卖盘
196,14:41:01,5.43,-0.01,61,33123,卖盘
197,14:40:56,5.44,0.01,87,47328,买盘
198,14:40:51,5.43,-0.01,148,80364,卖盘
199,14:40:41,5.44,0.01,36,19584,买盘
200,14:40:36,5.43,-0.01,44,23892,卖盘
201,14:40:26,5.44,0.01,490,266560,买盘
202,14:40:21,5.43,--,150,81450,卖盘
203,14:40:16,5.43,--,2,1086,卖盘
204,14:40:11,5.43,--,14,7602,卖盘
205,14:40:01,5.43,-0.01,9,4887,卖盘
206,14:39:56,5.44,0.01,70,38080,买盘
207,14:39:51,5.43,-0.01,105,57015,卖盘
208,14:39:46,5.44,0.01,275,149600,买盘
209,14:39:40,5.43,-0.01,107,58101,卖盘
210,14:39:36,5.44,--,16,8704,买盘
211,14:39:31,5.44,0.01,53,28832,买盘
212,14:39:25,5.43,--,21,11403,卖盘
213,14:39:21,5.43,--,14,7602,卖盘
214,14:39:16,5.43,--,14,7602,卖盘
215,14:39:11,5.43,-0.01,132,71676,卖盘
216,14:39:05,5.44,0.01,19,10336,买盘
217,14:39:01,5.43,--,36,19548,卖盘
218,14:38:55,5.43,--,21,11728,卖盘
219,14:38:50,5.43,--,101,54843,卖盘
220,14:38:45,5.43,--,224,121632,卖盘
221,14:38:40,5.43,--,15,8145,卖盘
222,14:38:35,5.43,--,746,405284,买盘
223,14:38:31,5.43,--,44,23892,买盘
224,14:38:25,5.43,0.01,158,85794,买盘
225,14:38:20,5.42,--,31,16802,卖盘
226,14:38:15,5.42,--,516,279672,卖盘
227,14:38:10,5.42,--,50,27100,卖盘
228,14:38:05,5.42,-0.01,4,2168,卖盘
229,14:38:00,5.43,0.01,124,67332,买盘
230,14:37:50,5.42,--,399,216258,卖盘
231,14:37:45,5.42,-0.01,1,542,卖盘
232,14:37:40,5.43,0.01,3,1629,买盘
233,14:37:35,5.42,--,13,7046,卖盘
234,14:37:30,5.42,--,10,5420,卖盘
235,14:37:25,5.42,--,9,4878,卖盘
236,14:37:15,5.42,-0.01,15,8130,卖盘
237,14:37:10,5.43,0.01,1,543,买盘
238,14:37:05,5.42,-0.01,94,50948,卖盘
239,14:37:00,5.43,--,91,49413,买盘
240,14:36:50,5.43,--,164,89052,买盘
241,14:36:45,5.43,--,500,271836,卖盘
242,14:36:40,5.43,-0.01,1,543,卖盘
243,14:36:35,5.44,0.01,209,113696,买盘
244,14:36:30,5.43,--,96,52128,卖盘
245,14:36:25,5.43,--,15,8145,卖盘
246,14:36:20,5.43,--,314,170502,卖盘
247,14:36:15,5.43,--,350,190050,卖盘
248,14:36:10,5.43,--,98,53214,卖盘
249,14:36:05,5.43,--,408,221544,卖盘
250,14:36:00,5.43,--,344,186792,卖盘
251,14:35:55,5.43,--,59,32037,卖盘
252,14:35:50,5.43,--,346,187878,卖盘
253,14:35:45,5.43,--,49,26607,卖盘
254,14:35:40,5.43,-0.01,5,2715,卖盘
255,14:35:35,5.44,0.01,171,93024,买盘
256,14:35:30,5.43,--,431,234033,卖盘
257,14:35:25,5.43,--,289,156927,卖盘
258,14:35:20,5.43,--,26,14118,卖盘
259,14:35:15,5.43,--,188,102084,卖盘
260,14:35:10,5.43,--,233,126519,卖盘
261,14:35:05,5.43,--,259,140637,卖盘
262,14:35:00,5.43,--,249,135207,卖盘
263,14:34:50,5.43,--,176,95568,卖盘
264,14:34:45,5.43,--,53,28779,卖盘
265,14:34:40,5.43,-0.01,14,7602,卖盘
266,14:34:35,5.44,0.01,6,3264,买盘
267,14:34:30,5.43,-0.01,2015,1094145,卖盘
268,14:34:25,5.44,0.01,125,68000,买盘
269,14:34:20,5.43,--,13,7059,卖盘
270,14:34:15,5.43,-0.01,621,337203,卖盘
271,14:34:05,5.44,0.01,23,12512,买盘
272,14:34:00,5.43,--,36,19548,卖盘
273,14:33:55,5.43,-0.01,20,10860,卖盘
274,14:33:50,5.44,0.01,73,39712,买盘
275,14:33:45,5.43,--,25,13575,卖盘
276,14:33:40,5.43,-0.01,7,3801,卖盘
277,14:33:35,5.44,0.01,21,11424,买盘
278,14:33:30,5.43,--,43,23349,卖盘
279,14:33:25,5.43,--,114,61902,卖盘
280,14:33:20,5.43,-0.01,12,6516,卖盘
281,14:33:15,5.44,0.01,115,62560,买盘
282,14:33:10,5.43,-0.01,8,4344,卖盘
283,14:33:05,5.44,0.01,413,224672,买盘
284,14:33:00,5.43,--,16,8688,卖盘
285,14:32:55,5.43,--,8,4344,卖盘
286,14:32:50,5.43,--,8,4344,卖盘
287,14:32:44,5.43,--,3026,1643118,卖盘
288,14:32:40,5.43,-0.01,7,3801,卖盘
289,14:32:35,5.44,--,62,33728,买盘
290,14:32:30,5.44,0.01,22,11968,买盘
291,14:32:25,5.43,--,7,3801,卖盘
292,14:32:20,5.43,--,111,60273,卖盘
293,14:32:14,5.43,--,15,8145,卖盘
294,14:32:10,5.43,-0.01,9,4887,卖盘
295,14:32:05,5.44,--,15,8160,买盘
296,14:31:59,5.44,0.01,140,76160,买盘
297,14:31:55,5.43,--,7,3801,卖盘
298,14:31:50,5.43,-0.01,5,2715,卖盘
299,14:31:44,5.44,0.01,1,544,买盘
300,14:31:40,5.43,--,1,543,卖盘
301,14:31:35,5.43,--,68,36924,卖盘
302,14:31:29,5.43,-0.01,66,35838,卖盘
303,14:31:20,5.44,--,128,69632,买盘
304,14:31:14,5.44,--,427,232288,买盘
305,14:31:04,5.44,0.01,28,15232,买盘
306,14:30:59,5.43,-0.01,18,9774,卖盘
307,14:30:54,5.44,0.01,1,544,买盘
308,14:30:50,5.43,-0.01,220,119460,卖盘
309,14:30:44,5.44,0.01,2,1088,买盘
310,14:30:40,5.43,-0.01,296,160728,卖盘
311,14:30:34,5.44,--,30,16320,买盘
312,14:30:29,5.44,--,19,10336,买盘
313,14:30:24,5.44,--,10,5440,买盘
314,14:30:14,5.44,0.01,22,11968,买盘
315,14:30:09,5.43,-0.01,108,58644,卖盘
316,14:30:04,5.44,--,1037,564128,买盘
317,14:29:59,5.44,0.01,71,38624,买盘
318,14:29:44,5.43,--,28,15204,卖盘
319,14:29:39,5.43,-0.01,117,63889,卖盘
320,14:29:29,5.44,0.01,20,10880,买盘
321,14:29:24,5.43,--,78,42354,卖盘
322,14:29:14,5.43,--,18,9774,卖盘
323,14:29:09,5.43,--,249,135207,卖盘
324,14:29:04,5.43,-0.01,721,391503,卖盘
325,14:28:59,5.44,0.01,42,22848,买盘
326,14:28:49,5.43,--,73,39639,卖盘
327,14:28:39,5.43,-0.01,3,1629,卖盘
328,14:28:34,5.44,--,1,544,买盘
329,14:28:29,5.44,0.01,113,61472,买盘
330,14:28:19,5.43,-0.01,10,5430,卖盘
331,14:28:09,5.44,--,11,5984,买盘
332,14:28:04,5.44,0.01,1,544,买盘
333,14:27:59,5.43,--,91,49413,卖盘
334,14:27:54,5.43,-0.01,1528,829704,卖盘
335,14:27:49,5.44,--,1,544,买盘
336,14:27:44,5.44,--,31,16864,买盘
337,14:27:39,5.44,--,5,2720,买盘
338,14:27:29,5.44,0.01,2,1088,买盘
339,14:27:24,5.43,-0.01,20,10860,卖盘
340,14:27:19,5.44,--,116,63104,买盘
341,14:27:14,5.44,0.01,1,544,买盘
342,14:27:09,5.43,-0.01,47,25521,卖盘
343,14:26:59,5.44,0.01,3,1632,买盘
344,14:26:34,5.43,--,374,203082,卖盘
345,14:26:29,5.43,-0.01,8,4344,卖盘
346,14:26:24,5.44,0.01,95,51680,买盘
347,14:26:19,5.43,--,1,543,卖盘
348,14:26:14,5.43,-0.01,25,13775,卖盘
349,14:26:09,5.44,--,137,74528,买盘
350,14:26:04,5.44,0.01,10,5440,买盘
351,14:25:59,5.43,-0.01,1,543,卖盘
352,14:25:54,5.44,--,1,544,买盘
353,14:25:49,5.44,--,16,8704,买盘
354,14:25:39,5.44,0.01,1,544,买盘
355,14:25:34,5.43,--,29,15747,卖盘
356,14:25:29,5.43,--,6,3258,卖盘
357,14:25:23,5.43,-0.01,306,166158,卖盘
358,14:25:19,5.44,--,9,5004,买盘
359,14:25:13,5.44,0.01,1,544,买盘
360,14:25:08,5.43,--,63,34209,卖盘
361,14:25:04,5.43,-0.01,1022,554946,卖盘
362,14:24:59,5.44,0.01,162,88128,买盘
363,14:24:49,5.43,--,47,25521,卖盘
364,14:24:43,5.43,-0.01,29,15747,卖盘
365,14:24:38,5.44,0.01,4,2176,买盘
366,14:24:34,5.43,-0.01,1,543,卖盘
367,14:24:29,5.44,0.01,1,544,买盘
368,14:24:23,5.43,-0.01,10,5430,卖盘
369,14:24:14,5.44,--,1,544,买盘
370,14:24:07,5.44,0.01,113,61472,买盘
371,14:24:04,5.43,-0.01,11,5973,卖盘
372,14:23:58,5.44,0.01,1,544,买盘
373,14:23:53,5.43,--,178,96654,卖盘
374,14:23:48,5.43,-0.01,47,25521,卖盘
375,14:23:44,5.44,--,611,332384,买盘
376,14:23:38,5.44,--,51,27744,买盘
377,14:23:33,5.44,--,11,5984,买盘
378,14:23:29,5.44,0.01,85,46240,买盘
379,14:23:22,5.43,-0.01,70,38010,卖盘
380,14:23:13,5.44,0.01,1000,544000,买盘
381,14:23:07,5.43,--,40,21720,卖盘
382,14:23:03,5.43,-0.01,3,1629,卖盘
383,14:22:37,5.44,--,588,319872,买盘
384,14:22:33,5.44,0.01,15,8160,买盘
385,14:22:28,5.43,-0.01,343,186249,卖盘
386,14:22:18,5.44,--,5,2720,买盘
387,14:22:13,5.44,0.01,9,4896,买盘
388,14:22:08,5.43,-0.01,20,10860,卖盘
389,14:21:58,5.44,0.01,48,26112,买盘
390,14:21:48,5.43,--,48,26064,卖盘
391,14:21:43,5.43,-0.01,14,7602,卖盘
392,14:21:37,5.44,0.01,109,59296,买盘
393,14:21:33,5.43,-0.01,74,40182,卖盘
394,14:21:28,5.44,0.01,117,63648,买盘
395,14:21:22,5.43,-0.01,20,10860,卖盘
396,14:21:18,5.44,--,114,62016,买盘
397,14:21:13,5.44,--,6,3264,买盘
398,14:21:03,5.44,0.01,3,1632,买盘
399,14:20:58,5.43,-0.01,37,20091,卖盘
400,14:20:52,5.44,0.01,66,35904,买盘
401,14:20:48,5.43,-0.01,178,96654,卖盘
402,14:20:37,5.44,0.01,1,544,买盘
403,14:20:28,5.43,--,10,5430,卖盘
404,14:20:22,5.43,-0.01,58,31494,卖盘
405,14:20:18,5.44,0.01,123,66912,买盘
406,14:20:13,5.43,-0.01,1,543,卖盘
407,14:20:07,5.44,--,1,544,买盘
408,14:20:03,5.44,--,22,11968,买盘
409,14:19:58,5.44,0.01,48,26112,买盘
410,14:19:52,5.43,--,13,7059,卖盘
411,14:19:48,5.43,--,54,29322,卖盘
412,14:19:43,5.43,--,1,543,卖盘
413,14:19:33,5.43,--,1,543,卖盘
414,14:19:28,5.43,-0.01,33,17919,卖盘
415,14:19:22,5.44,0.01,380,206720,买盘
416,14:19:18,5.43,--,152,82536,卖盘
417,14:19:13,5.43,-0.01,53,28779,卖盘
418,14:19:07,5.44,--,203,110432,买盘
419,14:19:03,5.44,0.01,117,63648,买盘
420,14:18:52,5.43,--,10,5430,卖盘
421,14:18:48,5.43,-0.01,50,27150,卖盘
422,14:18:43,5.44,0.01,1,544,买盘
423,14:18:37,5.43,-0.01,6,3258,卖盘
424,14:18:22,5.44,--,35,19040,买盘
425,14:18:07,5.44,0.01,62,33728,买盘
426,14:18:01,5.43,-0.01,22,11946,卖盘
427,14:17:52,5.44,--,146,79951,买盘
428,14:17:46,5.44,--,16,8704,买盘
429,14:17:43,5.44,--,30,16320,买盘
430,14:17:37,5.44,0.01,353,192032,买盘
431,14:17:28,5.43,--,18,9774,卖盘
432,14:17:22,5.43,-0.01,3884,2109012,卖盘
433,14:17:16,5.44,0.01,154,83776,买盘
434,14:17:13,5.43,-0.01,54,29322,卖盘
435,14:17:07,5.44,--,421,229024,买盘
436,14:17:01,5.44,0.01,14,7616,买盘
437,14:16:57,5.43,--,109,59187,卖盘
438,14:16:52,5.43,-0.01,40,21720,卖盘
439,14:16:46,5.44,0.01,49,26656,买盘
440,14:16:37,5.43,-0.01,521,282903,卖盘
441,14:16:31,5.44,--,714,388416,买盘
442,14:16:22,5.44,--,255,138720,买盘
443,14:16:16,5.44,0.01,1,544,买盘
444,14:16:12,5.43,-0.01,54,29322,卖盘
445,14:16:01,5.44,--,362,196928,买盘
446,14:15:58,5.44,--,11,5984,买盘
447,14:15:52,5.44,--,82,44608,买盘
448,14:15:46,5.44,0.01,2648,1440512,买盘
449,14:15:37,5.43,-0.01,7,3801,卖盘
450,14:15:27,5.44,--,30,16320,买盘
451,14:15:22,5.44,0.01,127,69088,买盘
452,14:15:16,5.43,--,2,1086,卖盘
453,14:15:12,5.43,--,54,29322,卖盘
454,14:15:07,5.43,-0.01,335,181905,卖盘
455,14:15:01,5.44,0.01,700,380800,买盘
456,14:14:57,5.43,-0.01,21,11403,卖盘
457,14:14:52,5.44,--,53,28832,买盘
458,14:14:46,5.44,0.01,170,92480,买盘
459,14:14:42,5.43,-0.01,1,543,卖盘
460,14:14:37,5.44,0.01,1,544,买盘
461,14:14:31,5.43,-0.01,8,4344,卖盘
462,14:14:27,5.44,--,424,230656,买盘
463,14:14:22,5.44,--,524,285376,买盘
464,14:14:16,5.44,0.01,51,27744,买盘
465,14:14:12,5.43,-0.01,74,40182,卖盘
466,14:14:07,5.44,0.01,137,74528,买盘
467,14:13:57,5.43,--,47,25521,卖盘
468,14:13:52,5.43,-0.01,14,7781,卖盘
469,14:13:46,5.44,--,13,7072,买盘
470,14:13:42,5.44,0.01,5,2720,买盘
471,14:13:37,5.43,--,31,16833,卖盘
472,14:13:27,5.43,-0.01,21,11403,卖盘
473,14:13:22,5.44,0.01,164,89216,买盘
474,14:13:16,5.43,-0.01,104,56472,卖盘
475,14:13:12,5.44,--,66,35904,买盘
476,14:13:01,5.44,0.01,122,66368,买盘
477,14:12:57,5.43,--,171,92853,卖盘
478,14:12:52,5.43,--,10,5430,卖盘
479,14:12:46,5.43,-0.01,279,151497,卖盘
480,14:12:42,5.44,--,121,65824,买盘
481,14:12:37,5.44,0.01,93,50592,买盘
482,14:12:31,5.43,-0.01,1,543,卖盘
483,14:12:27,5.44,0.01,5,2720,买盘
484,14:12:22,5.43,--,2,1086,卖盘
485,14:12:16,5.43,-0.01,161,87423,卖盘
486,14:12:07,5.44,0.01,3,1632,买盘
487,14:12:01,5.43,--,8,4344,卖盘
488,14:11:57,5.43,--,181,98424,卖盘
489,14:11:52,5.43,--,3,1629,卖盘
490,14:11:46,5.43,--,354,192222,卖盘
491,14:11:42,5.43,-0.01,291,158013,卖盘
492,14:11:37,5.44,--,1,544,买盘
493,14:11:31,5.44,--,522,283968,买盘
494,14:11:22,5.44,--,24,13056,买盘
495,14:11:16,5.44,0.01,230,125120,买盘
496,14:11:12,5.43,--,57,30951,卖盘
497,14:11:01,5.43,--,6,3258,卖盘
498,14:10:57,5.43,--,31,16833,卖盘
499,14:10:52,5.43,--,69,37467,卖盘
500,14:10:46,5.43,--,58,31494,卖盘
501,14:10:40,5.43,-0.01,138,74934,卖盘
502,14:10:31,5.44,--,1,544,买盘
503,14:10:25,5.44,--,117,63648,买盘
504,14:10:16,5.44,0.01,10,5440,买盘
505,14:10:10,5.43,--,55,29865,卖盘
506,14:10:01,5.43,--,56,30408,卖盘
507,14:09:55,5.43,-0.01,103,55929,卖盘
508,14:09:52,5.44,0.01,105,57120,买盘
509,14:09:46,5.43,-0.01,74,40182,卖盘
510,14:09:40,5.44,--,128,69632,买盘
511,14:09:37,5.44,--,64,34816,买盘
512,14:09:25,5.44,--,55,29920,买盘
513,14:09:22,5.44,0.01,1,544,买盘
514,14:09:16,5.43,--,156,84708,卖盘
515,14:09:10,5.43,-0.01,55,29865,卖盘
516,14:09:07,5.44,--,78,42432,买盘
517,14:09:01,5.44,0.01,1,544,买盘
518,14:08:55,5.43,--,52,28236,卖盘
519,14:08:52,5.43,--,74,40182,卖盘
520,14:08:46,5.43,--,77,41811,卖盘
521,14:08:40,5.43,--,213,115659,卖盘
522,14:08:37,5.43,--,62,33666,卖盘
523,14:08:31,5.43,--,32,17376,卖盘
524,14:08:25,5.43,-0.01,11,5973,卖盘
525,14:08:21,5.44,0.01,62,33728,买盘
526,14:08:16,5.43,--,11,5973,卖盘
527,14:08:10,5.43,-0.01,18,9774,卖盘
528,14:08:01,5.44,0.01,138,75072,买盘
529,14:07:55,5.43,-0.01,22,11946,卖盘
530,14:07:46,5.44,--,5,2720,买盘
531,14:07:40,5.44,--,17,9248,买盘
532,14:07:25,5.44,0.01,1203,654432,买盘
533,14:07:21,5.43,--,3,1629,卖盘
534,14:07:16,5.43,-0.01,161,87423,卖盘
535,14:07:10,5.44,0.01,125,68000,买盘
536,14:07:06,5.43,--,19,10317,卖盘
537,14:07:01,5.43,-0.01,36,19548,卖盘
538,14:06:55,5.44,0.01,163,88672,买盘
539,14:06:51,5.43,--,146,79278,卖盘
540,14:06:46,5.43,--,1386,752598,卖盘
541,14:06:40,5.43,-0.01,1007,546801,卖盘
542,14:06:36,5.44,--,20,10880,买盘
543,14:06:31,5.44,0.01,165,89760,买盘
544,14:06:25,5.43,--,152,82536,卖盘
545,14:06:21,5.43,--,112,60816,卖盘
546,14:06:16,5.43,-0.01,208,112944,卖盘
547,14:06:10,5.44,0.01,438,238272,买盘
548,14:06:06,5.43,-0.01,19,10317,卖盘
549,14:06:01,5.44,--,98,53312,买盘
550,14:05:55,5.44,--,1,544,买盘
551,14:05:51,5.44,0.01,25,13600,买盘
552,14:05:46,5.43,--,95,51585,卖盘
553,14:05:40,5.43,--,305,165615,卖盘
554,14:05:36,5.43,--,21,11403,卖盘
555,14:05:31,5.43,-0.01,9,4887,卖盘
556,14:05:16,5.44,--,1,544,买盘
557,14:05:10,5.44,0.01,169,91936,买盘
558,14:05:06,5.43,-0.01,36,19548,卖盘
559,14:05:01,5.44,--,26,14524,买盘
560,14:04:55,5.44,0.01,49,26656,买盘
561,14:04:51,5.43,-0.01,17,9231,卖盘
562,14:04:46,5.44,0.01,11,5984,买盘
563,14:04:40,5.43,--,95,51585,卖盘
564,14:04:36,5.43,-0.01,4,2172,卖盘
565,14:04:31,5.44,--,126,68544,买盘
566,14:04:25,5.44,0.01,9,4896,买盘
567,14:04:21,5.43,-0.01,245,133035,卖盘
568,14:04:10,5.44,0.01,32,17408,买盘
569,14:04:06,5.43,--,151,81993,卖盘
570,14:03:55,5.43,--,47,25521,卖盘
571,14:03:51,5.43,--,148,80364,卖盘
572,14:03:40,5.43,--,19,10317,卖盘
573,14:03:36,5.43,-0.01,83,45069,卖盘
574,14:03:31,5.44,--,1,544,买盘
575,14:03:19,5.44,--,116,63104,买盘
576,14:03:15,5.44,0.01,282,153408,买盘
577,14:03:10,5.43,-0.01,27,14661,卖盘
578,14:03:06,5.44,--,22,11968,买盘
579,14:03:00,5.44,0.01,1,544,买盘
580,14:02:55,5.43,-0.01,32,17376,卖盘
581,14:02:50,5.44,--,1096,596224,买盘
582,14:02:45,5.44,0.01,2,1088,买盘
583,14:02:40,5.43,-0.01,109,59187,卖盘
584,14:02:34,5.44,0.01,124,67456,买盘
585,14:02:25,5.43,-0.01,2,1086,卖盘
586,14:02:19,5.44,0.01,63,34272,买盘
587,14:02:10,5.43,--,532,288876,卖盘
588,14:02:04,5.43,--,113,61359,卖盘
589,14:02:00,5.43,-0.01,36,19548,卖盘
590,14:01:55,5.44,--,82,44608,买盘
591,14:01:49,5.44,--,372,202368,买盘
592,14:01:40,5.44,--,135,73440,买盘
593,14:01:34,5.44,--,620,337280,买盘
594,14:01:30,5.44,--,235,127840,买盘
595,14:01:25,5.44,0.01,5,2720,买盘
596,14:01:19,5.43,--,120,65160,卖盘
597,14:01:15,5.43,--,8,4344,卖盘
598,14:01:10,5.43,-0.01,16,8688,卖盘
599,14:01:04,5.44,--,89,48416,买盘
600,14:01:00,5.44,--,46,25024,买盘
601,14:00:55,5.44,--,212,115328,买盘
602,14:00:49,5.44,--,77,41888,买盘
603,14:00:45,5.44,0.01,136,73984,买盘
604,14:00:40,5.43,-0.01,83,45069,卖盘
605,14:00:34,5.44,0.01,2,1088,买盘
606,14:00:30,5.43,--,3,1629,卖盘
607,14:00:25,5.43,-0.01,0,32,卖盘
608,14:00:19,5.44,--,1,544,买盘
609,14:00:15,5.44,0.01,1,544,买盘
610,14:00:10,5.43,-0.01,1835,996405,卖盘
611,14:00:04,5.44,--,1036,563584,买盘
612,14:00:00,5.44,--,1,544,买盘
613,13:59:49,5.44,--,200,108800,买盘
614,13:59:45,5.44,0.01,201,109344,买盘
615,13:59:40,5.43,-0.01,84,45612,卖盘
616,13:59:34,5.44,0.01,1539,837216,买盘
617,13:59:30,5.43,-0.01,18,9774,卖盘
618,13:59:25,5.44,0.01,123,66912,买盘
619,13:59:19,5.43,-0.01,3628,1970004,卖盘
620,13:59:10,5.44,--,50,27200,买盘
621,13:59:04,5.44,--,210,114240,买盘
622,13:59:00,5.44,0.01,19,10336,买盘
623,13:58:55,5.43,--,49,26607,卖盘
624,13:58:49,5.43,-0.01,8,4344,卖盘
625,13:58:40,5.44,0.01,237,128928,买盘
626,13:58:34,5.43,--,127,68961,卖盘
627,13:58:30,5.43,--,177,96111,卖盘
628,13:58:25,5.43,-0.01,100,54300,卖盘
629,13:58:19,5.44,0.01,71,38624,买盘
630,13:58:15,5.43,-0.01,205,111315,卖盘
631,13:58:10,5.44,--,22,11968,买盘
632,13:58:04,5.44,0.01,33,17952,买盘
633,13:58:00,5.43,--,410,222630,卖盘
634,13:57:55,5.43,--,114,61902,卖盘
635,13:57:49,5.43,--,219,118917,卖盘
636,13:57:45,5.43,--,53,28779,卖盘
637,13:57:40,5.43,--,3504,1902872,买盘
638,13:57:34,5.43,0.01,135,73305,买盘
639,13:57:30,5.42,-0.01,1,542,卖盘
640,13:57:25,5.43,--,215,116745,买盘
641,13:57:19,5.43,--,1132,614676,买盘
642,13:57:15,5.43,--,3,1629,买盘
643,13:57:04,5.43,0.01,168,91224,买盘
644,13:57:00,5.42,-0.01,201,108996,卖盘
645,13:56:55,5.43,--,2377,1290711,买盘
646,13:56:49,5.43,0.01,58,31494,买盘
647,13:56:45,5.42,--,67,36314,卖盘
648,13:56:40,5.42,-0.01,80,43360,卖盘
649,13:56:34,5.43,--,1,543,买盘
650,13:56:25,5.43,--,2,1086,买盘
651,13:56:19,5.43,--,10,5430,买盘
652,13:56:15,5.43,--,333,180819,买盘
653,13:56:09,5.43,0.01,1,543,买盘
654,13:56:04,5.42,--,10,5420,卖盘
655,13:55:58,5.42,-0.01,5,2710,卖盘
656,13:55:54,5.43,--,1,543,买盘
657,13:55:49,5.43,--,1067,579381,买盘
658,13:55:43,5.43,--,85,46155,买盘
659,13:55:39,5.43,--,1,543,买盘
660,13:55:34,5.43,--,38,20634,买盘
661,13:55:28,5.43,--,172,93396,买盘
662,13:55:24,5.43,0.01,46,24978,买盘
663,13:55:19,5.42,-0.01,14,7588,卖盘
664,13:55:13,5.43,--,340,184620,买盘
665,13:55:04,5.43,--,134,72762,买盘
666,13:54:58,5.43,--,236,128148,买盘
667,13:54:54,5.43,--,1,543,买盘
668,13:54:43,5.43,--,1,543,买盘
669,13:54:39,5.43,--,39,21177,买盘
670,13:54:34,5.43,--,14,8090,买盘
671,13:54:28,5.43,--,1,543,买盘
672,13:54:24,5.43,--,235,127605,买盘
673,13:54:13,5.43,--,1,543,买盘
674,13:54:04,5.43,--,1,543,买盘
675,13:53:58,5.43,--,43,23349,买盘
676,13:53:54,5.43,0.01,70,38010,买盘
677,13:53:49,5.42,-0.01,64,34688,卖盘
678,13:53:43,5.43,0.01,117,63531,买盘
679,13:53:34,5.42,-0.01,114,61788,卖盘
680,13:53:28,5.43,--,130,70590,买盘
681,13:53:24,5.43,--,2,1086,买盘
682,13:53:19,5.43,0.01,499,270957,买盘
683,13:53:09,5.42,--,1,542,卖盘
684,13:53:04,5.42,-0.01,104,56368,卖盘
685,13:52:54,5.43,0.01,1,543,买盘
686,13:52:49,5.42,--,36,19512,卖盘
687,13:52:39,5.42,-0.01,90,48780,卖盘
688,13:52:34,5.43,0.01,117,63531,买盘
689,13:52:24,5.42,-0.01,1,596,卖盘
690,13:52:19,5.43,--,75,40725,买盘
691,13:52:13,5.43,--,30,16290,买盘
692,13:52:04,5.43,0.01,177,96111,买盘
693,13:51:58,5.42,-0.01,1,542,卖盘
694,13:51:49,5.43,--,26,14118,买盘
695,13:51:43,5.43,--,54,29322,买盘
696,13:51:34,5.43,--,5,2715,买盘
697,13:51:28,5.43,0.01,39,21177,买盘
698,13:51:24,5.42,-0.01,1,542,卖盘
699,13:51:19,5.43,--,129,70047,买盘
700,13:51:13,5.43,0.01,2,1086,买盘
701,13:51:04,5.42,--,19,10298,卖盘
702,13:50:58,5.42,-0.01,8,4336,卖盘
703,13:50:54,5.43,0.01,1,543,买盘
704,13:50:49,5.42,-0.01,98,53116,卖盘
705,13:50:39,5.43,--,1,543,买盘
706,13:50:34,5.43,0.01,10,5430,买盘
707,13:50:28,5.42,-0.01,150,81300,卖盘
708,13:50:24,5.43,--,1,543,买盘
709,13:50:13,5.43,--,1,543,买盘
710,13:50:09,5.43,--,10,5430,买盘
711,13:50:04,5.43,0.01,149,81124,买盘
712,13:49:58,5.42,--,121,65582,卖盘
713,13:49:49,5.42,--,15,8130,卖盘
714,13:49:43,5.42,-0.01,80,43360,卖盘
715,13:49:34,5.43,--,18,9774,买盘
716,13:49:28,5.43,--,6,3258,买盘
717,13:49:24,5.43,0.01,1,543,买盘
718,13:49:19,5.42,--,160,86720,卖盘
719,13:49:13,5.42,--,12,6504,卖盘
720,13:49:04,5.42,-0.01,783,424386,卖盘
721,13:48:58,5.43,0.01,120,65160,买盘
722,13:48:54,5.42,-0.01,5,2710,卖盘
723,13:48:49,5.43,0.01,203,110229,买盘
724,13:48:43,5.42,-0.01,251,136042,卖盘
725,13:48:34,5.43,--,1,543,买盘
726,13:48:28,5.43,--,166,90138,买盘
727,13:48:24,5.43,--,125,67875,买盘
728,13:48:19,5.43,0.01,63,34209,买盘
729,13:48:13,5.42,-0.01,52,28184,卖盘
730,13:48:03,5.43,--,102,55386,买盘
731,13:47:58,5.43,--,34,18462,买盘
732,13:47:54,5.43,--,2,1086,买盘
733,13:47:48,5.43,0.01,1,543,买盘
734,13:47:43,5.42,-0.01,3,1626,卖盘
735,13:47:33,5.43,0.01,125,67875,买盘
736,13:47:28,5.42,-0.01,75,40650,卖盘
737,13:47:22,5.43,0.01,33,17919,买盘
738,13:47:18,5.42,-0.01,16,8672,卖盘
739,13:47:13,5.43,0.01,100,54300,买盘
740,13:47:07,5.42,-0.01,74,40216,卖盘
741,13:47:03,5.43,0.01,2,1086,买盘
742,13:46:58,5.42,--,48,26016,卖盘
743,13:46:52,5.42,-0.01,211,114362,卖盘
744,13:46:48,5.43,--,33,17919,买盘
745,13:46:43,5.43,0.01,35,19005,买盘
746,13:46:37,5.42,--,14,7588,卖盘
747,13:46:28,5.42,--,143,77506,卖盘
748,13:46:22,5.42,-0.01,111,60162,卖盘
749,13:46:18,5.43,--,117,63531,买盘
750,13:46:13,5.43,0.01,2,1086,买盘
751,13:46:07,5.42,-0.01,21,11382,卖盘
752,13:45:58,5.43,--,182,98826,买盘
753,13:45:52,5.43,--,1,543,买盘
754,13:45:48,5.43,--,150,81450,买盘
755,13:45:43,5.43,0.01,1,543,买盘
756,13:45:37,5.42,-0.01,34,18428,卖盘
757,13:45:28,5.43,0.01,362,196566,买盘
758,13:45:22,5.42,-0.01,10,5420,卖盘
759,13:45:07,5.43,--,1336,725448,买盘
760,13:45:03,5.43,0.01,240,130320,买盘
761,13:44:58,5.42,-0.01,80,43360,卖盘
762,13:44:52,5.43,0.01,1,543,买盘
763,13:44:48,5.42,-0.01,34,18428,卖盘
764,13:44:43,5.43,0.01,113,61359,买盘
765,13:44:37,5.42,--,186,100812,卖盘
766,13:44:33,5.42,-0.01,51,27642,卖盘
767,13:44:28,5.43,0.01,195,105885,买盘
768,13:44:22,5.42,--,90,48780,卖盘
769,13:44:07,5.42,-0.01,280,151760,卖盘
770,13:44:03,5.43,0.01,162,87966,买盘
771,13:43:58,5.42,-0.01,45,24390,卖盘
772,13:43:52,5.43,0.01,133,72219,买盘
773,13:43:48,5.42,--,69,37398,卖盘
774,13:43:43,5.42,--,132,71544,卖盘
775,13:43:37,5.42,-0.01,34,18428,卖盘
776,13:43:28,5.43,--,6,3258,买盘
777,13:43:22,5.43,0.01,81,43983,买盘
778,13:43:13,5.42,-0.01,97,52574,卖盘
779,13:43:07,5.43,--,21,11403,买盘
780,13:43:03,5.43,--,1,543,买盘
781,13:42:58,5.43,--,301,163443,买盘
782,13:42:52,5.43,0.01,55,29865,买盘
783,13:42:48,5.42,--,10,5420,卖盘
784,13:42:43,5.42,--,16,8672,卖盘
785,13:42:37,5.42,--,134,72628,卖盘
786,13:42:33,5.42,--,173,93766,卖盘
787,13:42:28,5.42,-0.01,73,39739,卖盘
788,13:42:22,5.43,--,35,19005,买盘
789,13:42:18,5.43,--,300,162900,买盘
790,13:42:13,5.43,0.01,50,27150,买盘
791,13:42:07,5.42,-0.01,249,134958,卖盘
792,13:42:03,5.43,0.01,1,543,买盘
793,13:41:58,5.42,--,87,47154,卖盘
794,13:41:52,5.42,--,4,2168,卖盘
795,13:41:43,5.42,--,452,244984,卖盘
796,13:41:37,5.42,-0.01,16,8672,卖盘
797,13:41:33,5.43,0.01,2,1086,买盘
798,13:41:28,5.42,-0.01,372,201624,卖盘
799,13:41:22,5.43,--,6,3258,买盘
800,13:41:18,5.43,--,3,1629,买盘
801,13:41:13,5.43,0.01,1,543,买盘
802,13:41:07,5.42,-0.01,2,1084,卖盘
803,13:40:58,5.43,--,259,140637,买盘
804,13:40:52,5.43,--,25,13575,买盘
805,13:40:48,5.43,--,1,543,买盘
806,13:40:43,5.43,--,2,1086,买盘
807,13:40:37,5.43,--,206,111858,买盘
808,13:40:22,5.43,0.01,3,1629,买盘
809,13:40:18,5.42,-0.01,23,12466,卖盘
810,13:40:13,5.43,0.01,123,66789,买盘
811,13:40:07,5.42,--,130,70460,卖盘
812,13:40:03,5.42,-0.01,10,5420,卖盘
813,13:39:58,5.43,0.01,40,21720,买盘
814,13:39:52,5.42,-0.01,71,38482,卖盘
815,13:39:37,5.43,--,1,543,买盘
816,13:39:33,5.43,0.01,5,2715,买盘
817,13:39:27,5.42,-0.01,48,26016,卖盘
818,13:39:22,5.43,--,12,6516,买盘
819,13:39:12,5.43,--,1,543,买盘
820,13:39:07,5.43,--,1,543,买盘
821,13:39:02,5.43,--,3,1629,买盘
822,13:38:58,5.43,0.01,221,120003,买盘
823,13:38:52,5.42,--,16,8672,卖盘
824,13:38:46,5.42,-0.01,468,253656,卖盘
825,13:38:31,5.43,--,12,6516,买盘
826,13:38:27,5.43,0.01,92,49956,买盘
827,13:38:22,5.42,--,81,43902,卖盘
828,13:38:16,5.42,-0.01,108,58536,卖盘
829,13:38:12,5.43,0.01,1,543,买盘
830,13:38:07,5.42,-0.01,14,7588,卖盘
831,13:38:01,5.43,--,172,93396,买盘
832,13:37:57,5.43,--,50,27150,买盘
833,13:37:52,5.43,--,9,4887,买盘
834,13:37:46,5.43,--,133,72219,买盘
835,13:37:42,5.43,--,18,9774,买盘
836,13:37:37,5.43,--,921,500103,买盘
837,13:37:27,5.43,--,1,543,买盘
838,13:37:22,5.43,--,6,3258,买盘
839,13:37:16,5.43,0.01,6,3258,买盘
840,13:37:12,5.42,--,160,86720,卖盘
841,13:37:07,5.42,--,68,36856,卖盘
842,13:36:57,5.42,-0.01,48,26016,卖盘
843,13:36:52,5.43,0.01,17,9231,买盘
844,13:36:42,5.42,-0.01,30,16260,卖盘
845,13:36:31,5.43,--,31,16833,买盘
846,13:36:27,5.43,0.01,123,66789,买盘
847,13:36:22,5.42,--,8,4336,卖盘
848,13:36:16,5.42,-0.01,40,21782,卖盘
849,13:36:12,5.43,0.01,99,53757,买盘
850,13:36:07,5.42,--,59,31978,卖盘
851,13:36:00,5.42,--,61,33062,卖盘
852,13:35:57,5.42,-0.01,85,46070,卖盘
853,13:35:46,5.43,--,75,40725,买盘
854,13:35:42,5.43,--,34,18462,买盘
855,13:35:37,5.43,0.01,17,9231,买盘
856,13:35:31,5.42,--,150,81300,卖盘
857,13:35:22,5.42,-0.01,460,249320,卖盘
858,13:35:16,5.43,--,93,50499,买盘
859,13:35:12,5.43,0.01,225,122175,买盘
860,13:35:07,5.42,--,39,21138,卖盘
861,13:35:01,5.42,--,185,100270,卖盘
862,13:34:52,5.42,--,171,92682,卖盘
863,13:34:46,5.42,-0.01,80,43360,卖盘
864,13:34:42,5.43,--,1,543,买盘
865,13:34:31,5.43,0.01,89,48327,买盘
866,13:34:27,5.42,-0.01,48,26016,卖盘
867,13:34:22,5.43,0.01,1,543,买盘
868,13:34:16,5.42,--,1,542,卖盘
869,13:34:12,5.42,--,225,121950,卖盘
870,13:34:06,5.42,--,116,62872,卖盘
871,13:33:57,5.42,-0.01,164,88888,卖盘
872,13:33:52,5.43,--,2,1086,买盘
873,13:33:46,5.43,--,4,2172,买盘
874,13:33:37,5.43,--,395,214485,买盘
875,13:33:30,5.43,--,89,48327,买盘
876,13:33:27,5.43,0.01,124,67332,买盘
877,13:33:22,5.42,--,439,237938,卖盘
878,13:33:16,5.42,-0.01,22,11924,卖盘
879,13:33:07,5.43,--,47,25521,买盘
880,13:33:00,5.43,--,22,11946,买盘
881,13:32:57,5.43,0.01,1,543,买盘
882,13:32:51,5.42,--,300,162600,卖盘
883,13:32:45,5.42,--,90,48780,卖盘
884,13:32:42,5.42,-0.01,1675,907850,卖盘
885,13:32:37,5.43,0.01,421,228603,买盘
886,13:32:31,5.42,-0.01,245,132914,卖盘
887,13:32:21,5.43,0.01,59,32037,买盘
888,13:32:15,5.42,-0.01,249,134958,卖盘
889,13:32:11,5.43,0.01,202,109686,买盘
890,13:32:06,5.42,-0.01,117,63657,卖盘
891,13:32:00,5.43,0.01,152,82536,买盘
892,13:31:56,5.42,--,266,144172,卖盘
893,13:31:52,5.42,--,87,47154,卖盘
894,13:31:41,5.42,-0.01,30,16260,卖盘
895,13:31:36,5.43,0.01,170,92310,买盘
896,13:31:30,5.42,-0.01,277,150134,卖盘
897,13:31:26,5.43,--,143,77649,买盘
898,13:31:21,5.43,0.01,16,8688,买盘
899,13:31:15,5.42,-0.01,24,13008,卖盘
900,13:31:11,5.43,0.01,106,57558,买盘
901,13:31:06,5.42,-0.01,121,65787,卖盘
902,13:31:00,5.43,0.01,22,11946,买盘
903,13:30:56,5.42,--,185,100270,卖盘
904,13:30:51,5.42,-0.01,136,73712,卖盘
905,13:30:45,5.43,0.01,288,156384,买盘
906,13:30:41,5.42,--,17,9214,卖盘
907,13:30:36,5.42,-0.01,177,95934,卖盘
908,13:30:30,5.43,0.01,44,23892,买盘
909,13:30:26,5.42,-0.01,212,114904,卖盘
910,13:30:21,5.43,--,30,16290,买盘
911,13:30:15,5.43,--,181,98283,买盘
912,13:30:09,5.43,0.01,40,21720,买盘
913,13:30:06,5.42,--,1051,569642,卖盘
914,13:30:00,5.42,--,90,48780,卖盘
915,13:29:54,5.42,-0.01,106,57452,卖盘
916,13:29:51,5.43,--,1,543,买盘
917,13:29:45,5.43,--,226,122718,买盘
918,13:29:39,5.43,--,1,543,买盘
919,13:29:36,5.43,0.01,43,23349,买盘
920,13:29:30,5.42,--,21,11382,卖盘
921,13:29:24,5.42,--,115,62330,卖盘
922,13:29:21,5.42,-0.01,136,73712,卖盘
923,13:29:09,5.43,--,14,7602,买盘
924,13:29:06,5.43,--,115,62445,买盘
925,13:29:00,5.43,0.01,334,181362,买盘
926,13:28:54,5.42,-0.01,237,128454,卖盘
927,13:28:51,5.43,0.01,1,543,买盘
928,13:28:45,5.42,-0.01,160,86720,卖盘
929,13:28:39,5.43,0.01,121,65703,买盘
930,13:28:30,5.42,-0.01,97,52574,卖盘
931,13:28:21,5.43,0.01,102,55386,买盘
932,13:28:15,5.42,-0.01,206,111652,卖盘
933,13:28:06,5.43,--,1,543,买盘
934,13:28:00,5.43,0.01,120,65160,买盘
935,13:27:54,5.42,--,265,143630,卖盘
936,13:27:51,5.42,-0.01,69,37398,卖盘
937,13:27:45,5.43,--,93,50499,买盘
938,13:27:39,5.43,--,189,102627,买盘
939,13:27:30,5.43,--,3,1629,买盘
940,13:27:21,5.43,--,23,12489,买盘
941,13:27:15,5.43,--,124,67332,买盘
942,13:27:09,5.43,0.01,18,9774,买盘
943,13:27:06,5.42,--,1000,542000,卖盘
944,13:27:00,5.42,--,48,26016,卖盘
945,13:26:54,5.42,--,204,110568,卖盘
946,13:26:45,5.42,--,88,47696,卖盘
947,13:26:39,5.42,--,295,159890,卖盘
948,13:26:30,5.42,-0.01,98,53116,卖盘
949,13:26:24,5.43,0.01,1,543,买盘
950,13:26:21,5.42,--,61,33062,卖盘
951,13:26:15,5.42,-0.01,10,5420,卖盘
952,13:26:06,5.43,0.01,97,52671,买盘
953,13:25:54,5.42,-0.01,79,42818,卖盘
954,13:25:51,5.43,--,47,25521,买盘
955,13:25:39,5.43,--,163,88509,买盘
956,13:25:30,5.43,--,116,62988,买盘
957,13:25:24,5.43,--,78,42354,买盘
958,13:25:21,5.43,--,6,3258,买盘
959,13:25:09,5.43,0.01,114,61902,买盘
960,13:25:06,5.42,-0.01,1,542,卖盘
961,13:25:00,5.43,--,1,543,买盘
962,13:24:54,5.43,--,92,49956,买盘
963,13:24:45,5.43,0.01,140,76220,买盘
964,13:24:39,5.42,--,166,89972,卖盘
965,13:24:36,5.42,-0.01,1295,701890,卖盘
966,13:24:30,5.43,--,81,43983,买盘
967,13:24:24,5.43,--,12,6516,买盘
968,13:24:21,5.43,--,46,24978,买盘
969,13:24:15,5.43,--,121,65703,买盘
970,13:24:09,5.43,--,39,21177,买盘
971,13:24:06,5.43,0.01,82,44526,买盘
972,13:24:00,5.42,--,166,89972,卖盘
973,13:23:54,5.42,--,13,7046,卖盘
974,13:23:45,5.42,-0.01,293,158806,卖盘
975,13:23:39,5.43,--,2,1086,买盘
976,13:23:30,5.43,--,167,90681,买盘
977,13:23:24,5.43,0.01,381,206883,买盘
978,13:23:20,5.42,-0.01,41,22222,卖盘
979,13:23:09,5.43,0.01,30,16290,买盘
980,13:23:05,5.42,--,270,146340,卖盘
981,13:23:00,5.42,--,7,3794,卖盘
982,13:22:54,5.42,-0.01,77,41734,卖盘
983,13:22:50,5.43,--,1,543,买盘
984,13:22:45,5.43,0.01,1001,543543,买盘
985,13:22:39,5.42,-0.01,788,427096,卖盘
986,13:22:35,5.43,--,1,543,买盘
987,13:22:30,5.43,0.01,4,2172,买盘
988,13:22:24,5.42,--,80,43360,卖盘
989,13:22:15,5.42,--,169,91598,卖盘
990,13:22:09,5.42,-0.01,178,96476,卖盘
991,13:22:00,5.43,0.01,54,29322,买盘
992,13:21:54,5.42,--,200,108400,卖盘
993,13:21:45,5.42,-0.01,345,186990,卖盘
994,13:21:39,5.43,0.01,1,543,买盘
995,13:21:33,5.42,-0.01,320,173440,卖盘
996,13:21:30,5.43,--,1,543,买盘
997,13:21:24,5.43,--,3,1629,买盘
998,13:21:09,5.43,--,126,68418,买盘
999,13:20:54,5.43,--,78,42354,买盘
1000,13:20:39,5.43,0.01,125,67875,买盘
1001,13:20:33,5.42,-0.01,1,542,卖盘
1002,13:20:24,5.43,--,2,1086,买盘
1003,13:20:18,5.43,0.01,1,543,买盘
1004,13:20:15,5.42,--,137,74254,卖盘
1005,13:20:09,5.42,-0.01,4,2168,卖盘
1006,13:20:00,5.43,0.01,2,1086,买盘
1007,13:19:54,5.42,-0.01,77,41734,卖盘
1008,13:19:48,5.43,0.01,2,1086,买盘
1009,13:19:39,5.42,--,16,8672,卖盘
1010,13:19:33,5.42,--,271,146882,卖盘
1011,13:19:24,5.42,--,272,147424,卖盘
1012,13:19:18,5.42,-0.01,933,505686,卖盘
1013,13:19:15,5.43,--,12,6516,买盘
1014,13:19:00,5.43,0.01,1,543,买盘
1015,13:18:54,5.42,-0.01,77,41734,卖盘
1016,13:18:48,5.43,--,7,3801,买盘
1017,13:18:45,5.43,--,2,1086,买盘
1018,13:18:39,5.43,0.01,21,11403,买盘
1019,13:18:33,5.42,--,71,38482,卖盘
1020,13:18:24,5.42,-0.01,75,40650,卖盘
1021,13:18:18,5.43,--,25,13575,买盘
1022,13:18:09,5.43,--,245,133035,买盘
1023,13:18:03,5.43,--,170,92310,买盘
1024,13:18:00,5.43,--,31,16833,买盘
1025,13:17:48,5.43,0.01,10,5430,买盘
1026,13:17:45,5.42,--,8,4336,卖盘
1027,13:17:39,5.42,-0.01,228,123576,卖盘
1028,13:17:33,5.43,--,126,68418,买盘
1029,13:17:30,5.43,--,35,19005,买盘
1030,13:17:18,5.43,0.01,2,1086,买盘
1031,13:17:14,5.42,--,900,487800,卖盘
1032,13:17:09,5.42,-0.01,160,86720,卖盘
1033,13:17:03,5.43,0.01,78,42354,买盘
1034,13:16:54,5.42,-0.01,418,226556,卖盘
1035,13:16:48,5.43,--,561,304623,买盘
1036,13:16:33,5.43,--,502,272586,买盘
1037,13:16:29,5.43,--,2,1086,买盘
1038,13:16:24,5.43,0.01,45,24435,买盘
1039,13:16:18,5.42,-0.01,139,75338,卖盘
1040,13:16:09,5.43,--,100,54300,买盘
1041,13:15:59,5.43,0.01,140,76020,买盘
1042,13:15:54,5.42,--,92,49864,卖盘
1043,13:15:48,5.42,-0.01,100,54200,卖盘
1044,13:15:44,5.43,--,1,543,买盘
1045,13:15:39,5.43,0.01,1032,560376,买盘
1046,13:15:33,5.42,-0.01,50,27100,卖盘
1047,13:15:24,5.43,--,56,30408,买盘
1048,13:15:18,5.43,--,124,67332,买盘
1049,13:15:09,5.43,--,85,46155,买盘
1050,13:15:03,5.43,0.01,1034,561462,买盘
1051,13:14:59,5.42,--,100,54200,卖盘
1052,13:14:54,5.42,-0.01,119,64498,卖盘
1053,13:14:48,5.43,0.01,1,543,买盘
1054,13:14:44,5.42,-0.01,10,5420,卖盘
1055,13:14:33,5.43,0.01,140,76020,买盘
1056,13:14:24,5.42,-0.01,16,8672,卖盘
1057,13:14:18,5.43,--,36,19548,买盘
1058,13:14:09,5.43,--,1,543,买盘
1059,13:13:59,5.43,0.01,1,543,买盘
1060,13:13:54,5.42,-0.01,78,42276,卖盘
1061,13:13:48,5.43,0.01,158,85794,买盘
1062,13:13:39,5.42,--,4,2168,卖盘
1063,13:13:33,5.42,-0.01,16,8672,卖盘
1064,13:13:29,5.43,0.01,1,543,买盘
1065,13:13:24,5.42,-0.01,17,9214,卖盘
1066,13:13:18,5.43,--,266,144438,买盘
1067,13:13:12,5.43,0.01,1,543,买盘
1068,13:13:09,5.42,-0.01,18,9756,卖盘
1069,13:12:42,5.43,--,2,1086,买盘
1070,13:12:33,5.43,--,12,6516,买盘
1071,13:12:27,5.43,0.01,180,97740,买盘
1072,13:12:24,5.42,-0.01,16,8672,卖盘
1073,13:12:18,5.43,--,29,15747,买盘
1074,13:12:12,5.43,--,1,543,买盘
1075,13:12:09,5.43,--,1,543,买盘
1076,13:12:03,5.43,0.01,88,47784,买盘
1077,13:11:57,5.42,-0.01,163,88346,卖盘
1078,13:11:48,5.43,--,12,6516,买盘
1079,13:11:42,5.43,--,119,64617,买盘
1080,13:11:33,5.43,--,1,543,买盘
1081,13:11:27,5.43,0.01,2,1086,买盘
1082,13:11:23,5.42,-0.01,36,19512,卖盘
1083,13:11:18,5.43,0.01,1,543,买盘
1084,13:11:12,5.42,--,19,10298,卖盘
1085,13:11:03,5.42,-0.01,104,56368,卖盘
1086,13:10:57,5.43,--,79,42897,买盘
1087,13:10:53,5.43,--,40,21720,买盘
1088,13:10:42,5.43,--,124,67332,买盘
1089,13:10:33,5.43,--,256,139008,买盘
1090,13:10:27,5.43,0.01,2,1086,买盘
1091,13:10:23,5.42,--,70,37940,卖盘
1092,13:10:12,5.42,-0.01,48,26016,卖盘
1093,13:10:08,5.43,0.01,1,543,买盘
1094,13:10:03,5.42,-0.01,76,41192,卖盘
1095,13:09:57,5.43,--,1,543,买盘
1096,13:09:48,5.43,--,35,19005,买盘
1097,13:09:42,5.43,0.01,1,543,买盘
1098,13:09:33,5.42,-0.01,10,5420,卖盘
1099,13:09:27,5.43,--,125,67875,买盘
1100,13:09:23,5.43,--,61,33123,买盘
1101,13:09:18,5.43,0.01,39,21177,买盘
1102,13:09:12,5.42,--,175,94850,卖盘
1103,13:09:03,5.42,--,38,20596,卖盘
1104,13:08:57,5.42,-0.01,125,67750,卖盘
1105,13:08:48,5.43,0.01,36,19548,买盘
1106,13:08:42,5.42,--,69,37398,卖盘
1107,13:08:38,5.42,--,552,299184,卖盘
1108,13:08:33,5.42,-0.01,16,8672,卖盘
1109,13:08:27,5.43,0.01,1,543,买盘
1110,13:08:23,5.42,-0.01,19,10298,卖盘
1111,13:08:18,5.43,--,175,95025,买盘
1112,13:08:12,5.43,0.01,1,543,买盘
1113,13:08:03,5.42,-0.01,150,81300,卖盘
1114,13:07:57,5.43,--,1,543,买盘
1115,13:07:53,5.43,0.01,1,543,买盘
1116,13:07:48,5.42,-0.01,99,53658,卖盘
1117,13:07:42,5.43,--,2,1086,买盘
1118,13:07:33,5.43,0.01,44,23892,买盘
1119,13:07:27,5.42,--,17,9214,卖盘
1120,13:07:23,5.42,--,1,542,卖盘
1121,13:07:12,5.42,--,98,53116,卖盘
1122,13:07:08,5.42,-0.01,40,21680,卖盘
1123,13:07:03,5.43,0.01,39,21177,买盘
1124,13:06:57,5.42,-0.01,140,75880,卖盘
1125,13:06:48,5.43,--,138,74934,买盘
1126,13:06:42,5.43,--,39,21177,买盘
1127,13:06:38,5.43,0.01,35,19005,买盘
1128,13:06:33,5.42,--,74,40108,卖盘
1129,13:06:23,5.42,-0.01,82,44444,卖盘
1130,13:06:18,5.43,0.01,23,12489,买盘
1131,13:06:12,5.42,-0.01,13,7046,卖盘
1132,13:06:08,5.43,--,35,19005,买盘
1133,13:06:03,5.43,--,1,543,买盘
1134,13:05:57,5.43,0.01,122,66246,买盘
1135,13:05:38,5.42,-0.01,21,11382,卖盘
1136,13:05:33,5.43,--,248,134664,买盘
1137,13:05:27,5.43,--,1,543,买盘
1138,13:05:08,5.43,--,1,543,买盘
1139,13:05:03,5.43,--,41,22263,买盘
1140,13:04:57,5.43,0.01,3,1629,买盘
1141,13:04:53,5.42,-0.01,28,15176,卖盘
1142,13:04:42,5.43,0.01,17,9231,买盘
1143,13:04:36,5.42,--,69,37398,卖盘
1144,13:04:32,5.42,-0.01,2,1084,卖盘
1145,13:04:27,5.43,0.01,40,21720,买盘
1146,13:04:12,5.42,--,83,44986,卖盘
1147,13:04:06,5.42,--,168,91056,卖盘
1148,13:04:02,5.42,-0.01,10,5420,卖盘
1149,13:03:57,5.43,--,80,43440,买盘
1150,13:03:51,5.43,0.01,47,25521,买盘
1151,13:03:42,5.42,--,41,22222,卖盘
1152,13:03:21,5.42,--,51,27642,卖盘
1153,13:03:17,5.42,-0.01,2,1084,卖盘
1154,13:03:12,5.43,--,3,1629,买盘
1155,13:02:57,5.43,--,16,9040,买盘
1156,13:02:51,5.43,--,117,63531,买盘
1157,13:02:47,5.43,--,101,54843,买盘
1158,13:02:42,5.43,0.01,44,23892,买盘
1159,13:02:36,5.42,-0.01,50,27100,卖盘
1160,13:02:27,5.43,--,1,543,买盘
1161,13:02:21,5.43,--,1,543,买盘
1162,13:02:17,5.43,--,10,5430,买盘
1163,13:02:12,5.43,0.01,2,1086,买盘
1164,13:02:06,5.42,--,138,74796,卖盘
1165,13:01:57,5.42,-0.01,579,313818,卖盘
1166,13:01:42,5.43,--,116,62988,买盘
1167,13:01:36,5.43,--,2,1086,买盘
1168,13:01:32,5.43,0.01,35,19005,买盘
1169,13:01:27,5.42,-0.01,33,17886,卖盘
1170,13:01:21,5.43,--,1,543,买盘
1171,13:01:06,5.43,--,1,543,买盘
1172,13:00:57,5.43,--,113,61359,买盘
1173,13:00:51,5.43,--,82,44526,买盘
1174,13:00:36,5.43,--,210,114030,买盘
1175,13:00:32,5.43,--,65,35295,买盘
1176,13:00:27,5.43,--,1,543,买盘
1177,13:00:12,5.43,--,313,169959,买盘
1178,13:00:06,5.43,--,1773,962739,买盘
1179,11:30:00,5.43,--,0,0,买盘
1180,11:30:00,5.43,--,0,0,买盘
1181,11:29:58,5.43,--,2,1086,买盘
1182,11:29:37,5.43,--,1,543,买盘
1183,11:29:28,5.43,--,148,80364,买盘
1184,11:29:22,5.43,--,1,543,买盘
1185,11:29:13,5.43,--,39,21177,买盘
1186,11:29:07,5.43,--,125,67875,买盘
1187,11:29:04,5.43,--,100,54300,买盘
1188,11:28:52,5.43,--,2,1086,买盘
1189,11:28:37,5.43,0.01,37,20091,买盘
1190,11:28:28,5.42,--,62,33604,卖盘
1191,11:28:22,5.42,-0.01,31,16802,卖盘
1192,11:28:18,5.43,0.01,1,543,买盘
1193,11:28:13,5.42,-0.01,400,216800,卖盘
1194,11:28:07,5.43,--,54,29322,买盘
1195,11:27:58,5.43,0.01,106,57558,买盘
1196,11:27:52,5.42,-0.01,4,2168,卖盘
1197,11:27:48,5.43,--,20,10860,买盘
1198,11:27:43,5.43,--,103,55929,买盘
1199,11:27:37,5.43,--,69,37467,买盘
1200,11:27:28,5.43,0.01,64,34752,买盘
1201,11:27:13,5.42,-0.01,284,154459,卖盘
1202,11:27:07,5.43,--,36,19548,买盘
1203,11:26:58,5.43,0.01,125,67875,买盘
1204,11:26:48,5.42,-0.01,254,137825,卖盘
1205,11:26:43,5.43,--,20,10860,买盘
1206,11:26:37,5.43,0.01,43,23349,买盘
1207,11:26:28,5.42,-0.01,110,59777,卖盘
1208,11:26:18,5.43,--,1,543,买盘
1209,11:26:13,5.43,--,22,11946,买盘
1210,11:26:07,5.43,--,34,18619,买盘
1211,11:25:58,5.43,--,39,21177,买盘
1212,11:25:52,5.43,0.01,1,543,买盘
1213,11:25:48,5.42,-0.01,30,16417,卖盘
1214,11:25:43,5.43,0.01,128,69504,买盘
1215,11:25:37,5.42,-0.01,172,93224,卖盘
1216,11:25:33,5.43,--,1,543,买盘
1217,11:25:28,5.43,--,65,35452,买盘
1218,11:25:22,5.43,--,1,543,买盘
1219,11:25:07,5.43,--,1234,670219,买盘
1220,11:25:03,5.43,--,43,23349,买盘
1221,11:24:58,5.43,0.01,180,97740,买盘
1222,11:24:52,5.42,--,22,11924,卖盘
1223,11:24:48,5.42,-0.01,35,19127,卖盘
1224,11:24:43,5.43,--,1,543,买盘
1225,11:24:37,5.43,0.01,33,17919,买盘
1226,11:24:33,5.42,-0.01,10,5420,卖盘
1227,11:24:27,5.43,0.01,268,145681,买盘
1228,11:24:18,5.42,-0.01,48,26016,卖盘
1229,11:24:07,5.43,--,132,71833,买盘
1230,11:23:58,5.43,--,45,24435,买盘
1231,11:23:52,5.43,0.01,51,27693,买盘
1232,11:23:48,5.42,--,30,16417,卖盘
1233,11:23:33,5.42,--,108,58693,买盘
1234,11:23:22,5.42,-0.01,8,4336,买盘
1235,11:23:16,5.43,0.01,169,91767,买盘
1236,11:23:07,5.42,--,132,71701,买盘
1237,11:23:01,5.42,--,31,16802,买盘
1238,11:22:57,5.42,--,60,32520,卖盘
1239,11:22:52,5.42,--,33,17886,买盘
1240,11:22:46,5.42,--,65,35387,买盘
1241,11:22:42,5.42,--,70,37940,买盘
1242,11:22:37,5.42,--,14,7588,买盘
1243,11:22:31,5.42,-0.01,1690,916137,卖盘
1244,11:22:22,5.43,--,1,543,买盘
1245,11:22:16,5.43,--,35,19005,买盘
1246,11:22:12,5.43,0.01,232,125976,买盘
1247,11:22:07,5.42,-0.01,126,68292,卖盘
1248,11:22:01,5.43,0.01,125,67875,买盘
1249,11:21:52,5.42,0.01,1,542,中性盘
1250,11:21:46,5.41,-0.02,634,342994,卖盘
1251,11:21:42,5.43,--,1,543,买盘
1252,11:21:37,5.43,0.01,102,55386,买盘
1253,11:21:31,5.42,-0.01,35,18970,卖盘
1254,11:21:27,5.43,0.01,47,25521,买盘
1255,11:21:16,5.42,0.01,221,119782,卖盘
1256,11:21:12,5.41,-0.02,2590,1401190,卖盘
1257,11:21:07,5.43,0.01,204,110772,买盘
1258,11:21:01,5.42,--,3,1626,买盘
1259,11:20:52,5.42,--,3,1626,买盘
1260,11:20:46,5.42,-0.01,477,258664,卖盘
1261,11:20:37,5.43,--,337,182991,买盘
1262,11:20:16,5.43,--,140,76020,买盘
1263,11:20:07,5.43,--,329,179059,买盘
1264,11:20:01,5.43,--,503,273129,买盘
1265,11:19:57,5.43,--,16,8688,买盘
1266,11:19:46,5.43,--,1,543,买盘
1267,11:19:42,5.43,--,45,24435,买盘
1268,11:19:37,5.43,0.01,554,300822,买盘
1269,11:19:31,5.42,--,2,1084,买盘
1270,11:19:16,5.42,-0.01,999,541458,卖盘
1271,11:19:12,5.43,--,200,108600,买盘
1272,11:19:07,5.43,0.01,100,54300,买盘
1273,11:19:01,5.42,--,63,34146,买盘
1274,11:18:57,5.42,--,124,67208,买盘
1275,11:18:52,5.42,--,50,27100,卖盘
1276,11:18:46,5.42,--,78,42276,卖盘
1277,11:18:42,5.42,-0.01,1,542,卖盘
1278,11:18:37,5.43,--,2,1086,买盘
1279,11:18:31,5.43,--,179,97197,买盘
1280,11:18:27,5.43,0.01,54,29322,买盘
1281,11:18:22,5.42,--,6,3252,卖盘
1282,11:18:16,5.42,--,46,24932,买盘
1283,11:18:07,5.42,-0.01,2,1084,买盘
1284,11:18:01,5.43,0.01,123,66789,买盘
1285,11:17:57,5.42,0.01,10,5420,买盘
1286,11:17:52,5.41,-0.01,170,91970,卖盘
1287,11:17:46,5.42,--,84,45528,买盘
1288,11:17:42,5.42,--,411,222762,买盘
1289,11:17:37,5.42,--,38,20596,买盘
1290,11:17:31,5.42,--,1325,718209,卖盘
1291,11:17:22,5.42,-0.01,37,20054,卖盘
1292,11:17:16,5.43,0.01,51,27725,买盘
1293,11:17:12,5.42,--,413,223846,卖盘
1294,11:17:07,5.42,--,1652,895384,卖盘
1295,11:17:01,5.42,-0.01,52,28184,卖盘
1296,11:16:52,5.43,--,1,543,买盘
1297,11:16:46,5.43,0.01,141,76563,买盘
1298,11:16:42,5.42,--,50,27100,卖盘
1299,11:16:37,5.42,--,33,17886,卖盘
1300,11:16:31,5.42,--,21,11382,卖盘
1301,11:16:22,5.42,-0.01,28,15176,卖盘
1302,11:16:12,5.43,0.01,1,543,买盘
1303,11:16:06,5.42,--,856,463952,卖盘
1304,11:16:01,5.42,-0.01,21,11382,卖盘
1305,11:15:57,5.43,0.01,40,21720,买盘
1306,11:15:52,5.42,--,17,9214,卖盘
1307,11:15:40,5.42,-0.01,19,10298,卖盘
1308,11:15:36,5.43,--,2,1086,买盘
1309,11:15:31,5.43,--,169,91767,买盘
1310,11:15:25,5.43,--,426,231318,买盘
1311,11:15:21,5.43,0.01,2,1086,买盘
1312,11:15:16,5.42,--,431,233602,卖盘
1313,11:15:10,5.42,-0.01,790,428180,卖盘
1314,11:15:06,5.43,--,78,42354,买盘
1315,11:15:01,5.43,0.01,665,361095,买盘
1316,11:14:55,5.42,--,808,437936,卖盘
1317,11:14:51,5.42,--,155,84010,卖盘
1318,11:14:46,5.42,--,384,208344,卖盘
1319,11:14:40,5.42,-0.01,343,185906,卖盘
1320,11:14:36,5.43,--,18,9774,买盘
1321,11:14:31,5.43,0.01,58,31494,买盘
1322,11:14:25,5.42,--,413,223846,卖盘
1323,11:14:21,5.42,-0.01,18,9756,卖盘
1324,11:14:16,5.43,0.01,208,112944,买盘
1325,11:14:10,5.42,-0.01,1,542,卖盘
1326,11:14:06,5.43,--,1,543,买盘
1327,11:14:01,5.43,--,2,1086,买盘
1328,11:13:46,5.43,--,1,543,买盘
1329,11:13:40,5.43,--,39,21177,买盘
1330,11:13:36,5.43,0.01,2,1086,买盘
1331,11:13:31,5.42,-0.01,6,3252,卖盘
1332,11:13:25,5.43,0.01,1,543,买盘
1333,11:13:21,5.42,-0.01,17,9214,卖盘
1334,11:13:16,5.43,--,300,162900,买盘
1335,11:13:10,5.43,--,1,543,买盘
1336,11:13:06,5.43,0.01,18,9774,买盘
1337,11:13:01,5.42,-0.01,139,75538,卖盘
1338,11:12:55,5.43,--,1,543,买盘
1339,11:12:51,5.43,--,101,54843,买盘
1340,11:12:40,5.43,--,1,543,买盘
1341,11:12:36,5.43,--,3,1629,买盘
1342,11:12:31,5.43,--,20,10860,买盘
1343,11:12:25,5.43,--,197,106971,买盘
1344,11:12:21,5.43,--,1,543,买盘
1345,11:12:10,5.43,--,9,4887,买盘
1346,11:12:06,5.43,--,1,543,买盘
1347,11:12:01,5.43,--,26,14118,买盘
1348,11:11:46,5.43,--,2,1086,买盘
1349,11:11:40,5.43,--,117,63531,买盘
1350,11:11:36,5.43,0.01,12,6516,买盘
1351,11:11:31,5.42,-0.01,1,542,卖盘
1352,11:11:25,5.43,0.01,2556,1387908,买盘
1353,11:11:21,5.42,-0.01,19,10298,卖盘
1354,11:11:16,5.43,0.01,27,14661,买盘
1355,11:11:10,5.42,-0.01,12,6504,卖盘
1356,11:11:06,5.43,--,47,25521,买盘
1357,11:11:01,5.43,--,1,543,买盘
1358,11:10:40,5.43,--,2,1086,买盘
1359,11:10:36,5.43,--,1,543,买盘
1360,11:10:31,5.43,0.01,225,122175,买盘
1361,11:10:21,5.42,--,1,542,卖盘
1362,11:10:16,5.42,-0.01,2,1084,卖盘
1363,11:10:10,5.43,--,386,209598,买盘
1364,11:10:06,5.43,0.01,801,434943,买盘
1365,11:10:01,5.42,-0.01,32,17446,卖盘
1366,11:09:51,5.43,0.01,2,1086,买盘
1367,11:09:46,5.42,--,32,17446,卖盘
1368,11:09:40,5.42,-0.01,2,1084,卖盘
1369,11:09:36,5.43,0.01,3,1629,买盘
1370,11:09:31,5.42,--,39,21138,卖盘
1371,11:09:25,5.42,-0.01,83,45088,卖盘
1372,11:09:16,5.43,0.01,117,63531,买盘
1373,11:09:10,5.42,-0.01,2,1084,卖盘
1374,11:09:06,5.43,--,2,1086,买盘
1375,11:09:01,5.43,--,93,50602,买盘
1376,11:08:46,5.43,--,33,18022,买盘
1377,11:08:36,5.43,--,1,543,买盘
1378,11:08:31,5.43,--,1,543,买盘
1379,11:08:25,5.43,--,168,91528,买盘
1380,11:08:15,5.43,--,1,543,买盘
1381,11:08:10,5.43,--,212,115116,买盘
1382,11:08:06,5.43,0.01,2,1086,买盘
1383,11:08:01,5.42,-0.01,441,239124,卖盘
1384,11:07:55,5.43,--,1,543,买盘
1385,11:07:46,5.43,--,233,126622,买盘
1386,11:07:40,5.43,--,1,543,买盘
1387,11:07:34,5.43,--,1,543,买盘
1388,11:07:30,5.43,--,1,543,买盘
1389,11:07:25,5.43,0.01,1033,561022,买盘
1390,11:07:19,5.42,-0.01,5801,3144142,卖盘
1391,11:07:10,5.43,0.01,2,1086,买盘
1392,11:07:00,5.42,-0.01,62,33706,卖盘
1393,11:06:55,5.43,--,36,19548,买盘
1394,11:06:49,5.43,--,2,1086,买盘
1395,11:06:45,5.43,--,172,93499,买盘
1396,11:06:34,5.43,--,31,16833,买盘
1397,11:06:25,5.43,--,62,33769,买盘
1398,11:06:19,5.43,0.01,68,36924,买盘
1399,11:06:10,5.42,-0.01,24,13008,卖盘
1400,11:06:04,5.43,0.01,81,44086,买盘
1401,11:05:55,5.42,-0.01,21,11382,卖盘
1402,11:05:49,5.43,--,1,543,买盘
1403,11:05:45,5.43,--,72,39199,买盘
1404,11:05:34,5.43,--,1,543,买盘
1405,11:05:30,5.43,--,125,67875,买盘
1406,11:05:25,5.43,--,33,18022,买盘
1407,11:05:19,5.43,--,1000,543000,买盘
1408,11:05:10,5.43,--,2,1086,买盘
1409,11:05:04,5.43,--,33,18022,买盘
1410,11:04:55,5.43,0.01,31,17104,买盘
1411,11:04:45,5.42,-0.01,32,17446,卖盘
1412,11:04:40,5.43,--,2,1086,买盘
1413,11:04:34,5.43,0.01,6,3258,买盘
1414,11:04:30,5.42,-0.01,10,5420,卖盘
1415,11:04:25,5.43,--,1034,561565,买盘
1416,11:04:19,5.43,--,8,4344,买盘
1417,11:04:10,5.43,--,232,125976,买盘
1418,11:04:04,5.43,--,36,19651,买盘
1419,11:03:49,5.43,0.01,1,543,买盘
1420,11:03:45,5.42,-0.01,32,17446,卖盘
1421,11:03:34,5.43,0.01,7,3801,买盘
1422,11:03:30,5.42,-0.01,1,596,卖盘
1423,11:03:25,5.43,--,86,46801,买盘
1424,11:03:19,5.43,--,451,244893,买盘
1425,11:03:04,5.43,--,33,18022,买盘
1426,11:03:00,5.43,--,1,543,买盘
1427,11:02:55,5.43,--,135,73305,买盘
1428,11:02:49,5.43,0.01,1,543,买盘
1429,11:02:45,5.42,-0.01,32,17446,卖盘
1430,11:02:34,5.43,0.01,489,265527,买盘
1431,11:02:25,5.42,--,5444,2950750,卖盘
1432,11:02:19,5.42,--,900,488087,买盘
1433,11:02:15,5.42,--,17,9214,买盘
1434,11:02:09,5.42,--,12,6504,买盘
1435,11:02:04,5.42,--,33,17988,买盘
1436,11:02:00,5.42,--,521,282382,买盘
1437,11:01:55,5.42,0.01,12,6504,买盘
1438,11:01:49,5.41,--,171,92511,卖盘
1439,11:01:45,5.41,-0.01,32,17414,卖盘
1440,11:01:40,5.42,--,1,542,买盘
1441,11:01:34,5.42,--,339,183738,买盘
1442,11:01:30,5.42,--,5796,3141686,卖盘
1443,11:01:25,5.42,-0.01,32,17446,卖盘
1444,11:01:19,5.43,--,23,12489,买盘
1445,11:01:15,5.43,--,1,543,买盘
1446,11:01:04,5.43,0.01,575,312328,买盘
1447,11:01:00,5.42,--,100,54200,卖盘
1448,11:00:55,5.42,-0.01,55,29810,卖盘
1449,11:00:49,5.43,0.01,3,1629,买盘
1450,11:00:45,5.42,--,32,17446,卖盘
1451,11:00:40,5.42,-0.01,2,1084,卖盘
1452,11:00:34,5.43,--,2,1086,买盘
1453,11:00:25,5.43,--,58,31597,买盘
1454,11:00:19,5.43,--,166,90138,买盘
1455,11:00:14,5.43,--,1,543,买盘
1456,11:00:10,5.43,--,113,61359,买盘
1457,11:00:04,5.43,--,114,62005,买盘
1458,10:59:54,5.43,0.01,2,1086,买盘
1459,10:59:49,5.42,--,16,8672,卖盘
1460,10:59:45,5.42,-0.01,32,17446,卖盘
1461,10:59:40,5.43,--,2,1086,买盘
1462,10:59:33,5.43,0.01,4,2172,买盘
1463,10:59:29,5.42,--,18,9756,卖盘
1464,10:59:25,5.42,-0.01,73,39593,卖盘
1465,10:59:10,5.43,0.01,24,13032,买盘
1466,10:59:04,5.42,-0.01,164,88990,卖盘
1467,10:58:54,5.43,--,1,543,买盘
1468,10:58:43,5.43,0.01,34,18565,买盘
1469,10:58:39,5.42,-0.01,50,27100,卖盘
1470,10:58:34,5.43,0.01,119,64617,买盘
1471,10:58:24,5.42,-0.01,82,44546,卖盘
1472,10:58:19,5.43,--,2,1086,买盘
1473,10:58:03,5.43,0.01,66,35838,买盘
1474,10:57:57,5.42,--,2,1084,卖盘
1475,10:57:54,5.42,-0.01,62,33604,卖盘
1476,10:57:49,5.43,0.01,68,36924,买盘
1477,10:57:42,5.42,-0.01,171,92682,卖盘
1478,10:57:33,5.43,--,118,64074,买盘
1479,10:57:27,5.43,0.01,2,1086,买盘
1480,10:57:24,5.42,-0.01,140,75880,卖盘
1481,10:57:18,5.43,--,68,36924,买盘
1482,10:57:09,5.43,0.01,2,1086,买盘
1483,10:57:04,5.42,-0.01,55,29810,卖盘
1484,10:56:57,5.43,0.01,2,1086,买盘
1485,10:56:48,5.42,--,10,5420,卖盘
1486,10:56:39,5.42,-0.01,5,2710,卖盘
1487,10:56:33,5.43,--,252,137254,买盘
1488,10:56:27,5.43,--,1,543,买盘
1489,10:56:24,5.43,0.01,11,5973,买盘
1490,10:56:18,5.42,--,16,8672,卖盘
1491,10:56:09,5.42,--,109,59078,卖盘
1492,10:55:57,5.42,-0.01,120,65040,卖盘
1493,10:55:48,5.43,--,21,11403,买盘
1494,10:55:42,5.43,--,11,5973,买盘
1495,10:55:39,5.43,0.01,2,1086,买盘
1496,10:55:27,5.42,--,30,16260,卖盘
1497,10:55:24,5.42,-0.01,5,2710,卖盘
1498,10:55:18,5.43,0.01,135,73305,买盘
1499,10:55:12,5.42,-0.01,54,29268,卖盘
1500,10:55:09,5.43,--,383,207969,买盘
1501,10:55:03,5.43,--,800,434400,买盘
1502,10:54:57,5.43,--,1,543,买盘
1503,10:54:54,5.43,0.01,1,543,买盘
1504,10:54:48,5.42,--,6,3252,卖盘
1505,10:54:42,5.42,-0.01,5695,3086690,卖盘
1506,10:54:39,5.43,0.01,1,543,买盘
1507,10:54:27,5.42,-0.01,12,6504,卖盘
1508,10:54:24,5.43,0.01,25,13575,买盘
1509,10:54:18,5.42,--,92,49864,卖盘
1510,10:54:12,5.42,-0.01,62,33604,卖盘
1511,10:54:09,5.43,0.01,123,66789,买盘
1512,10:54:03,5.42,-0.01,25,13550,卖盘
1513,10:53:57,5.43,0.01,6,3258,买盘
1514,10:53:54,5.42,--,3,1626,卖盘
1515,10:53:48,5.42,-0.01,1,542,卖盘
1516,10:53:39,5.43,0.01,3,1629,买盘
1517,10:53:27,5.42,-0.01,38,20596,卖盘
1518,10:53:24,5.43,--,20,10860,买盘
1519,10:53:18,5.43,0.01,219,118917,买盘
1520,10:53:12,5.42,--,30,16260,卖盘
1521,10:53:09,5.42,-0.01,684,370728,卖盘
1522,10:53:03,5.43,0.01,29,15747,买盘
1523,10:52:57,5.42,--,20,10840,卖盘
1524,10:52:54,5.42,--,184,99728,卖盘
1525,10:52:48,5.42,--,2,1084,卖盘
1526,10:52:42,5.42,--,80,43360,卖盘
1527,10:52:39,5.42,--,32,17344,卖盘
1528,10:52:33,5.42,--,84,45528,卖盘
1529,10:52:27,5.42,--,530,287260,卖盘
1530,10:52:23,5.42,--,80,43360,卖盘
1531,10:52:18,5.42,--,648,351216,卖盘
1532,10:52:12,5.42,-0.01,200,108400,买盘
1533,10:52:08,5.43,0.02,1,543,买盘
1534,10:52:03,5.41,-0.01,30,16608,卖盘
1535,10:51:57,5.42,--,235,127370,卖盘
1536,10:51:53,5.42,-0.01,21,11382,卖盘
1537,10:51:48,5.43,0.01,1,543,买盘
1538,10:51:42,5.42,--,108,58698,买盘
1539,10:51:38,5.42,--,101,54742,买盘
1540,10:51:33,5.42,--,521,282382,买盘
1541,10:51:27,5.42,--,2,1084,买盘
1542,10:51:18,5.42,--,224,121408,买盘
1543,10:51:12,5.42,-0.01,115,62709,卖盘
1544,10:51:08,5.43,--,2,1086,买盘
1545,10:51:03,5.43,--,1,543,买盘
1546,10:50:57,5.43,--,873,474039,买盘
1547,10:50:53,5.43,0.01,1,543,买盘
1548,10:50:48,5.42,--,48,26178,卖盘
1549,10:50:42,5.42,-0.01,248,134416,卖盘
1550,10:50:36,5.43,--,11,5973,买盘
1551,10:50:33,5.43,--,12,6516,买盘
1552,10:50:21,5.43,--,217,117831,买盘
1553,10:50:18,5.43,--,187,101541,买盘
1554,10:50:06,5.43,0.01,452,245436,买盘
1555,10:49:57,5.42,--,15,8130,卖盘
1556,10:49:51,5.42,-0.01,150,81300,卖盘
1557,10:49:48,5.43,0.02,45,24435,买盘
1558,10:49:42,5.41,--,0,0,卖盘
1559,10:49:36,5.41,-0.01,754,407914,卖盘
1560,10:49:33,5.42,--,35,18970,买盘
1561,10:49:27,5.42,--,101,54742,买盘
1562,10:49:21,5.42,--,210,113820,买盘
1563,10:49:18,5.42,--,31,16802,买盘
1564,10:49:12,5.42,--,51,27642,买盘
1565,10:49:06,5.42,--,6,3252,买盘
1566,10:49:03,5.42,-0.01,8,4336,中性盘
1567,10:48:57,5.43,0.02,118,64074,买盘
1568,10:48:51,5.41,-0.01,58,31378,卖盘
1569,10:48:48,5.42,--,14,7588,买盘
1570,10:48:42,5.42,-0.01,153,82926,卖盘
1571,10:48:36,5.43,0.01,18,9774,买盘
1572,10:48:27,5.42,-0.01,13,7046,中性盘
1573,10:48:21,5.43,--,72,39096,买盘
1574,10:48:18,5.43,--,25,13575,买盘
1575,10:48:12,5.43,--,42,22806,买盘
1576,10:48:06,5.43,0.02,19,10317,买盘
1577,10:47:57,5.41,-0.01,116,62756,卖盘
1578,10:47:51,5.42,--,9,4915,买盘
1579,10:47:48,5.42,-0.01,7299,3956562,卖盘
1580,10:47:36,5.43,--,4,2172,买盘
1581,10:47:33,5.43,--,79,42897,买盘
1582,10:47:27,5.43,--,4,2172,买盘
1583,10:47:18,5.43,0.01,208,112944,买盘
1584,10:47:12,5.42,-0.01,16,8672,卖盘
1585,10:47:06,5.43,--,20,10860,买盘
1586,10:47:03,5.43,0.01,22,11946,买盘
1587,10:46:57,5.42,-0.01,178,96476,卖盘
1588,10:46:51,5.43,--,287,155841,买盘
1589,10:46:48,5.43,--,301,163443,买盘
1590,10:46:36,5.43,--,125,67875,买盘
1591,10:46:27,5.43,--,51,27693,买盘
1592,10:46:21,5.43,0.01,6,3258,买盘
1593,10:46:18,5.42,-0.01,9,4878,卖盘
1594,10:46:06,5.43,0.01,99,53757,买盘
1595,10:46:03,5.42,-0.01,54,29268,卖盘
1596,10:45:57,5.43,--,5,2715,买盘
1597,10:45:36,5.43,--,229,124347,买盘
1598,10:45:27,5.43,--,1,543,买盘
1599,10:45:21,5.43,--,2,1086,买盘
1600,10:45:18,5.43,--,200,108600,买盘
1601,10:45:12,5.43,--,43,23349,买盘
1602,10:45:06,5.43,--,2,1086,买盘
1603,10:44:57,5.43,--,39,21177,买盘
1604,10:44:51,5.43,--,1,543,买盘
1605,10:44:47,5.43,--,1,543,买盘
1606,10:44:36,5.43,0.01,52,28236,买盘
1607,10:44:32,5.42,-0.01,1,542,卖盘
1608,10:44:27,5.43,--,13,7059,买盘
1609,10:44:21,5.43,--,117,63531,买盘
1610,10:44:17,5.43,--,84,45612,买盘
1611,10:44:12,5.43,0.01,90,48870,买盘
1612,10:44:06,5.42,--,19,10298,卖盘
1613,10:44:02,5.42,-0.01,5,2710,卖盘
1614,10:43:57,5.43,--,312,169416,买盘
1615,10:43:51,5.43,--,129,70047,买盘
1616,10:43:47,5.43,--,1,543,买盘
1617,10:43:42,5.43,--,6,3258,买盘
1618,10:43:36,5.43,0.01,1,543,买盘
1619,10:43:32,5.42,-0.01,213,115446,卖盘
1620,10:43:27,5.43,0.01,1,543,买盘
1621,10:43:12,5.42,-0.01,55,29950,卖盘
1622,10:43:06,5.43,0.01,415,225345,买盘
1623,10:43:02,5.42,--,76,41192,卖盘
1624,10:42:57,5.42,--,167,90514,卖盘
1625,10:42:51,5.42,--,15,8130,卖盘
1626,10:42:47,5.42,-0.01,80,43360,卖盘
1627,10:42:42,5.43,--,177,96111,买盘
1628,10:42:36,5.43,--,3,1629,买盘
1629,10:42:32,5.43,0.01,180,97740,买盘
1630,10:42:27,5.42,--,261,141462,卖盘
1631,10:42:21,5.42,-0.01,271,146882,卖盘
1632,10:42:17,5.43,--,21,11403,买盘
1633,10:42:12,5.43,--,135,73305,买盘
1634,10:42:06,5.43,0.01,50,27150,买盘
1635,10:42:00,5.42,-0.01,79,42818,卖盘
1636,10:41:57,5.43,--,161,87423,买盘
1637,10:41:51,5.43,--,39,21177,买盘
1638,10:41:36,5.43,--,133,72219,买盘
1639,10:41:30,5.43,0.01,78,42354,买盘
1640,10:41:27,5.42,-0.01,155,84010,卖盘
1641,10:41:15,5.43,--,27,14661,买盘
1642,10:41:12,5.43,0.01,2,1086,买盘
1643,10:41:06,5.42,-0.01,19,10298,卖盘
1644,10:41:00,5.43,--,1,543,买盘
1645,10:40:51,5.43,--,1,543,买盘
1646,10:40:45,5.43,--,1,543,买盘
1647,10:40:42,5.43,--,8,4344,买盘
1648,10:40:36,5.43,0.01,1,543,买盘
1649,10:40:30,5.42,--,8,4336,卖盘
1650,10:40:27,5.42,--,556,301352,卖盘
1651,10:40:15,5.42,-0.01,205,111110,卖盘
1652,10:40:12,5.43,--,302,163986,买盘
1653,10:40:06,5.43,0.01,1184,642912,买盘
1654,10:40:00,5.42,-0.01,42,23203,卖盘
1655,10:39:57,5.43,0.01,1,543,买盘
1656,10:39:51,5.42,-0.01,1709,926278,卖盘
1657,10:39:36,5.43,0.01,12,6516,买盘
1658,10:39:30,5.42,--,169,91598,卖盘
1659,10:39:27,5.42,-0.01,222,120324,卖盘
1660,10:39:21,5.43,--,1,543,买盘
1661,10:39:15,5.43,--,22,11946,买盘
1662,10:39:06,5.43,--,443,240549,买盘
1663,10:39:00,5.43,--,154,83622,买盘
1664,10:38:57,5.43,0.01,236,128148,买盘
1665,10:38:51,5.42,-0.01,150,81300,卖盘
1666,10:38:45,5.43,0.01,2,1086,买盘
1667,10:38:36,5.42,-0.01,74,40108,卖盘
1668,10:38:30,5.43,0.01,2,1086,买盘
1669,10:38:27,5.42,-0.01,277,150134,卖盘
1670,10:38:21,5.43,--,13,7059,买盘
1671,10:38:15,5.43,--,2,1086,买盘
1672,10:38:06,5.43,--,1,543,买盘
1673,10:38:00,5.43,0.01,117,63531,买盘
1674,10:37:56,5.42,--,224,121408,卖盘
1675,10:37:51,5.42,--,414,224388,卖盘
1676,10:37:45,5.42,-0.01,174,94308,卖盘
1677,10:37:42,5.43,--,434,235662,买盘
1678,10:37:36,5.43,0.01,21,11403,买盘
1679,10:37:26,5.42,-0.01,229,124118,卖盘
1680,10:37:15,5.43,--,117,63531,买盘
1681,10:37:06,5.43,--,3,1629,买盘
1682,10:36:56,5.43,0.01,1,543,买盘
1683,10:36:51,5.42,--,8,4336,卖盘
1684,10:36:45,5.42,--,25,13550,卖盘
1685,10:36:41,5.42,-0.01,11,5962,卖盘
1686,10:36:36,5.43,--,70,38010,买盘
1687,10:36:30,5.43,0.01,125,67875,买盘
1688,10:36:26,5.42,--,22,11924,卖盘
1689,10:36:21,5.42,-0.01,52,28184,卖盘
1690,10:36:15,5.43,0.01,81,43983,买盘
1691,10:36:11,5.42,-0.01,95,51490,卖盘
1692,10:36:06,5.43,--,43,23349,买盘
1693,10:36:00,5.43,0.01,83,45069,买盘
1694,10:35:56,5.42,--,80,43360,卖盘
1695,10:35:51,5.42,--,65,35230,卖盘
1696,10:35:45,5.42,--,21,11382,卖盘
1697,10:35:36,5.42,--,131,71002,卖盘
1698,10:35:30,5.42,-0.01,136,73712,卖盘
1699,10:35:26,5.43,--,1,543,买盘
1700,10:35:21,5.43,--,393,213399,买盘
1701,10:35:15,5.43,0.01,117,63531,买盘
1702,10:35:11,5.42,-0.01,80,43360,卖盘
1703,10:35:06,5.43,0.01,1,543,买盘
1704,10:35:00,5.42,-0.01,352,190784,卖盘
1705,10:34:56,5.43,0.01,2,1086,买盘
1706,10:34:51,5.42,-0.01,421,228182,卖盘
1707,10:34:36,5.43,0.01,4,2172,买盘
1708,10:34:21,5.42,--,443,240106,卖盘
1709,10:34:11,5.42,--,82,44444,卖盘
1710,10:34:06,5.42,-0.01,548,297016,卖盘
1711,10:34:00,5.43,0.01,39,21177,买盘
1712,10:33:56,5.42,--,48,26016,卖盘
1713,10:33:51,5.42,--,296,160432,卖盘
1714,10:33:45,5.42,-0.01,54,29268,卖盘
1715,10:33:39,5.43,--,74,40182,买盘
1716,10:33:36,5.43,0.01,1,543,买盘
1717,10:33:30,5.42,--,130,70460,卖盘
1718,10:33:26,5.42,--,69,37398,卖盘
1719,10:33:21,5.42,-0.01,522,282924,卖盘
1720,10:33:15,5.43,--,13,7059,买盘
1721,10:33:09,5.43,--,26,14118,买盘
1722,10:33:06,5.43,--,131,71133,买盘
1723,10:33:00,5.43,0.01,1022,554946,买盘
1724,10:32:54,5.42,--,164,88888,卖盘
1725,10:32:51,5.42,-0.01,148,80216,卖盘
1726,10:32:45,5.43,0.01,12,6516,买盘
1727,10:32:39,5.42,--,33,17886,卖盘
1728,10:32:30,5.42,--,38,20596,卖盘
1729,10:32:24,5.42,-0.01,172,93224,卖盘
1730,10:32:21,5.43,--,39,21177,买盘
1731,10:32:15,5.43,--,21,11403,买盘
1732,10:32:09,5.43,--,3,1629,买盘
1733,10:32:00,5.43,--,270,146610,买盘
1734,10:31:54,5.43,--,201,109143,买盘
1735,10:31:45,5.43,--,39,21177,买盘
1736,10:31:39,5.43,0.01,2,1086,买盘
1737,10:31:35,5.42,-0.01,29,15718,卖盘
1738,10:31:30,5.43,0.01,123,66789,买盘
1739,10:31:24,5.42,-0.01,83,44986,卖盘
1740,10:31:20,5.43,0.01,10,5430,买盘
1741,10:31:15,5.42,-0.01,18,9756,卖盘
1742,10:31:09,5.43,--,712,386616,买盘
1743,10:31:05,5.43,0.01,2,1086,买盘
1744,10:31:00,5.42,--,165,89430,卖盘
1745,10:30:45,5.42,-0.01,3359,1820578,卖盘
1746,10:30:39,5.43,--,22,11946,买盘
1747,10:30:30,5.43,--,4001,2172543,买盘
1748,10:30:24,5.43,--,33,17919,买盘
1749,10:30:20,5.43,0.01,10,5430,买盘
1750,10:30:15,5.42,-0.01,145,78590,卖盘
1751,10:30:09,5.43,0.01,113,61359,买盘
1752,10:30:05,5.42,-0.01,172,93224,卖盘
1753,10:30:00,5.43,--,1,543,买盘
1754,10:29:54,5.43,--,46,24978,买盘
1755,10:29:45,5.43,0.01,1,543,买盘
1756,10:29:39,5.42,--,51,27642,卖盘
1757,10:29:30,5.42,-0.01,460,249320,卖盘
1758,10:29:24,5.43,--,198,107514,买盘
1759,10:29:15,5.43,--,305,165615,买盘
1760,10:29:09,5.43,0.01,93,50499,买盘
1761,10:29:05,5.42,-0.01,99,53658,卖盘
1762,10:29:00,5.43,--,119,64617,买盘
1763,10:28:54,5.43,0.01,33,17919,买盘
1764,10:28:50,5.42,--,3,1626,卖盘
1765,10:28:45,5.42,--,49,26558,卖盘
1766,10:28:39,5.42,-0.01,19,10298,卖盘
1767,10:28:35,5.43,--,1,543,买盘
1768,10:28:30,5.43,0.01,69,37467,买盘
1769,10:28:24,5.42,-0.01,32,17344,卖盘
1770,10:28:20,5.43,0.01,22,11946,买盘
1771,10:28:15,5.42,--,84,45528,卖盘
1772,10:28:09,5.42,-0.01,51,27642,卖盘
1773,10:28:05,5.43,--,1,543,买盘
1774,10:28:00,5.43,--,2,1086,买盘
1775,10:27:45,5.43,--,124,67332,买盘
1776,10:27:39,5.43,--,1,543,买盘
1777,10:27:35,5.43,--,196,106428,买盘
1778,10:27:30,5.43,--,2,1086,买盘
1779,10:27:24,5.43,0.01,5,2715,买盘
1780,10:27:15,5.42,--,634,343628,卖盘
1781,10:27:09,5.42,-0.01,44,23848,卖盘
1782,10:27:05,5.43,--,60,32580,买盘
1783,10:27:00,5.43,--,2,1086,买盘
1784,10:26:54,5.43,--,1,543,买盘
1785,10:26:45,5.43,--,2,1086,买盘
1786,10:26:39,5.43,--,1,543,买盘
1787,10:26:35,5.43,0.01,135,73305,买盘
1788,10:26:30,5.42,-0.01,28,15176,卖盘
1789,10:26:24,5.43,0.01,1,543,买盘
1790,10:26:09,5.42,--,3,1626,卖盘
1791,10:26:05,5.42,--,2,1084,卖盘
1792,10:26:00,5.42,--,28,15176,卖盘
1793,10:25:54,5.42,-0.01,81,43902,卖盘
1794,10:25:45,5.43,--,434,235662,买盘
1795,10:25:39,5.43,--,241,130863,买盘
1796,10:25:33,5.43,--,2,1086,买盘
1797,10:25:30,5.43,0.01,1,543,买盘
1798,10:25:24,5.42,-0.01,99,53658,卖盘
1799,10:25:15,5.43,--,1,543,买盘
1800,10:25:09,5.43,0.01,517,280731,买盘
1801,10:25:03,5.42,-0.01,809,438478,卖盘
1802,10:25:00,5.43,--,55,29865,买盘
1803,10:24:45,5.43,0.01,1,543,买盘
1804,10:24:39,5.42,--,11,5962,卖盘
1805,10:24:33,5.42,-0.01,80,43360,卖盘
1806,10:24:29,5.43,0.01,1,543,买盘
1807,10:24:24,5.42,0.01,307,166394,买盘
1808,10:24:18,5.41,--,34,18394,卖盘
1809,10:24:14,5.41,-0.01,76,41116,卖盘
1810,10:24:09,5.42,--,551,298642,买盘
1811,10:24:03,5.42,-0.01,505,273710,卖盘
1812,10:23:59,5.43,--,125,67875,买盘
1813,10:23:54,5.43,0.01,3,1629,买盘
1814,10:23:48,5.42,--,20,10840,卖盘
1815,10:23:39,5.42,-0.01,520,281840,卖盘
1816,10:23:33,5.43,0.01,1,543,买盘
1817,10:23:24,5.42,-0.01,34,18428,卖盘
1818,10:23:18,5.43,0.02,47,25521,买盘
1819,10:23:14,5.41,--,49,26509,卖盘
1820,10:23:09,5.41,-0.01,2667,1442847,卖盘
1821,10:23:03,5.42,-0.01,10039,5441138,卖盘
1822,10:22:59,5.43,0.01,1,543,买盘
1823,10:22:54,5.42,-0.01,2,1084,卖盘
1824,10:22:48,5.43,--,61,33123,买盘
1825,10:22:39,5.43,--,167,90681,买盘
1826,10:22:33,5.43,--,61,33123,买盘
1827,10:22:29,5.43,0.01,7,3801,买盘
1828,10:22:24,5.42,-0.01,186,100812,卖盘
1829,10:22:18,5.43,--,20,10860,买盘
1830,10:22:14,5.43,0.01,1,543,买盘
1831,10:22:09,5.42,--,13,7046,卖盘
1832,10:22:03,5.42,--,39,21138,卖盘
1833,10:21:59,5.42,-0.01,47,25474,卖盘
1834,10:21:54,5.43,0.01,222,120546,买盘
1835,10:21:48,5.42,-0.01,383,207586,卖盘
1836,10:21:44,5.43,0.01,25,13575,买盘
1837,10:21:39,5.42,-0.01,140,75880,卖盘
1838,10:21:33,5.43,--,70,38010,买盘
1839,10:21:24,5.43,--,184,99912,买盘
1840,10:21:18,5.43,--,15,8145,买盘
1841,10:21:09,5.43,--,37,20091,买盘
1842,10:21:03,5.43,0.01,48,26064,买盘
1843,10:20:54,5.42,-0.01,13,7046,卖盘
1844,10:20:48,5.43,0.01,41,22263,买盘
1845,10:20:39,5.42,--,29,15718,卖盘
1846,10:20:33,5.42,--,30,16260,卖盘
1847,10:20:29,5.42,--,1,542,卖盘
1848,10:20:24,5.42,-0.01,36,19512,卖盘
1849,10:20:18,5.43,--,416,225888,买盘
1850,10:20:14,5.43,0.01,2,1086,买盘
1851,10:20:09,5.42,-0.01,1122,608124,卖盘
1852,10:20:03,5.43,0.01,25,13575,买盘
1853,10:19:59,5.42,--,50,27100,卖盘
1854,10:19:54,5.42,-0.01,79,42818,卖盘
1855,10:19:48,5.43,--,27,14661,买盘
1856,10:19:44,5.43,0.01,240,130320,买盘
1857,10:19:39,5.42,-0.01,4,2168,卖盘
1858,10:19:33,5.43,0.01,2,1086,买盘
1859,10:19:24,5.42,--,30,16260,卖盘
1860,10:19:18,5.42,-0.01,75,40650,卖盘
1861,10:19:14,5.43,0.01,1,543,买盘
1862,10:19:09,5.42,-0.01,14,7588,卖盘
1863,10:19:03,5.43,--,97,52671,买盘
1864,10:18:59,5.43,0.01,1,543,买盘
1865,10:18:54,5.42,--,172,93224,卖盘
1866,10:18:48,5.42,-0.01,84,45528,卖盘
1867,10:18:44,5.43,0.01,234,127062,买盘
1868,10:18:39,5.42,--,2,1084,卖盘
1869,10:18:33,5.42,-0.01,8,4336,卖盘
1870,10:18:29,5.43,--,1,543,买盘
1871,10:18:24,5.43,--,39,21177,买盘
1872,10:18:18,5.43,0.01,50,27150,买盘
1873,10:18:14,5.42,--,16,8672,卖盘
1874,10:18:09,5.42,-0.01,62,33604,卖盘
1875,10:18:03,5.43,--,238,129234,买盘
1876,10:17:59,5.43,0.01,41,22263,买盘
1877,10:17:54,5.42,--,518,280756,卖盘
1878,10:17:48,5.42,-0.01,264,143088,卖盘
1879,10:17:39,5.43,--,482,261726,买盘
1880,10:17:33,5.43,0.01,305,165615,买盘
1881,10:17:24,5.42,-0.01,619,336034,卖盘
1882,10:17:18,5.43,0.01,152,82536,买盘
1883,10:17:13,5.42,--,259,140378,卖盘
1884,10:17:08,5.42,--,111,60162,卖盘
1885,10:17:03,5.42,--,97,52574,卖盘
1886,10:16:59,5.42,--,2,1084,卖盘
1887,10:16:53,5.42,--,58,31436,卖盘
1888,10:16:48,5.42,--,219,118698,卖盘
1889,10:16:42,5.42,--,51,27642,卖盘
1890,10:16:39,5.42,-0.01,382,207044,卖盘
1891,10:16:33,5.43,0.01,254,137922,买盘
1892,10:16:27,5.42,-0.01,46,24932,卖盘
1893,10:16:23,5.43,0.01,403,218829,买盘
1894,10:16:18,5.42,-0.01,101,54742,卖盘
1895,10:16:12,5.43,0.01,135,73305,买盘
1896,10:16:08,5.42,--,6,3252,卖盘
1897,10:16:03,5.42,-0.01,5,2710,卖盘
1898,10:15:57,5.43,--,7,3801,买盘
1899,10:15:53,5.43,0.01,1,543,买盘
1900,10:15:48,5.42,-0.01,6,3252,卖盘
1901,10:15:42,5.43,--,9,4887,买盘
1902,10:15:38,5.43,0.01,1,543,买盘
1903,10:15:33,5.42,-0.01,55,29810,卖盘
1904,10:15:27,5.43,--,94,51042,买盘
1905,10:15:23,5.43,0.01,1,543,买盘
1906,10:15:18,5.42,--,80,43360,卖盘
1907,10:15:12,5.42,-0.01,296,160432,卖盘
1908,10:15:08,5.43,--,255,138465,买盘
1909,10:15:03,5.43,--,233,126519,买盘
1910,10:14:57,5.43,--,63,34209,买盘
1911,10:14:48,5.43,0.01,32,17376,买盘
1912,10:14:42,5.42,--,103,55826,卖盘
1913,10:14:38,5.42,-0.01,263,142546,卖盘
1914,10:14:33,5.43,--,49,26607,卖盘
1915,10:14:27,5.43,--,13,7059,卖盘
1916,10:14:23,5.43,--,4,2172,卖盘
1917,10:14:18,5.43,-0.01,23,12489,卖盘
1918,10:14:12,5.44,0.01,97,52768,买盘
1919,10:14:08,5.43,0.01,2,1086,买盘
1920,10:14:03,5.42,-0.02,178,96476,卖盘
1921,10:13:57,5.44,0.01,119,64736,买盘
1922,10:13:53,5.43,0.01,43,23349,买盘
1923,10:13:48,5.42,--,14,7588,卖盘
1924,10:13:42,5.42,-0.01,41,22222,卖盘
1925,10:13:38,5.43,--,91,49413,卖盘
1926,10:13:33,5.43,--,4,2172,卖盘
1927,10:13:27,5.43,-0.01,91,49413,买盘
1928,10:13:18,5.44,--,281,152864,买盘
1929,10:13:12,5.44,--,36,19584,买盘
1930,10:13:08,5.44,0.01,243,132192,买盘
1931,10:13:03,5.43,--,117,63531,买盘
1932,10:12:57,5.43,--,90,48870,卖盘
1933,10:12:53,5.43,--,3,2063,买盘
1934,10:12:48,5.43,0.01,190,103170,买盘
1935,10:12:42,5.42,-0.01,7,3794,卖盘
1936,10:12:38,5.43,0.01,37,20091,买盘
1937,10:12:33,5.42,--,19,10298,卖盘
1938,10:12:27,5.42,-0.01,12,6504,卖盘
1939,10:12:23,5.43,0.01,1,543,买盘
1940,10:12:18,5.42,-0.02,289,156638,卖盘
1941,10:12:12,5.44,0.01,812,441728,买盘
1942,10:12:08,5.43,--,4,2172,卖盘
1943,10:12:03,5.43,-0.01,147,79821,卖盘
1944,10:11:57,5.44,0.01,82,44608,买盘
1945,10:11:53,5.43,--,102,55386,买盘
1946,10:11:48,5.43,0.01,72,39096,买盘
1947,10:11:42,5.42,-0.02,40,21680,卖盘
1948,10:11:38,5.44,0.02,244,132736,买盘
1949,10:11:33,5.42,--,136,73712,卖盘
1950,10:11:27,5.42,-0.01,105,56910,卖盘
1951,10:11:23,5.43,0.01,50,27150,买盘
1952,10:11:18,5.42,-0.01,314,170188,卖盘
1953,10:11:12,5.43,--,14,7602,买盘
1954,10:11:08,5.43,0.01,2,1086,买盘
1955,10:11:03,5.42,--,43,23306,卖盘
1956,10:10:57,5.42,--,34,18428,卖盘
1957,10:10:53,5.42,-0.01,10,5420,卖盘
1958,10:10:48,5.43,0.01,102,55386,买盘
1959,10:10:42,5.42,--,12,6504,卖盘
1960,10:10:38,5.42,-0.01,28,15176,卖盘
1961,10:10:23,5.43,--,93,50499,买盘
1962,10:10:18,5.43,--,1290,700958,卖盘
1963,10:10:12,5.43,-0.01,464,251952,卖盘
1964,10:10:08,5.44,--,1183,643552,买盘
1965,10:10:03,5.44,--,6,3264,买盘
1966,10:09:53,5.44,--,90,48960,买盘
1967,10:09:48,5.44,--,292,158848,买盘
1968,10:09:42,5.44,0.01,1,544,买盘
1969,10:09:38,5.43,--,17,9231,卖盘
1970,10:09:32,5.43,--,84,45612,卖盘
1971,10:09:27,5.43,--,235,127605,卖盘
1972,10:09:22,5.43,--,18,9774,卖盘
1973,10:09:17,5.43,-0.01,221,120003,卖盘
1974,10:09:12,5.44,0.01,86,46784,买盘
1975,10:09:08,5.43,-0.01,585,317655,卖盘
1976,10:09:03,5.44,0.01,360,195840,买盘
1977,10:08:57,5.43,-0.01,131,71187,卖盘
1978,10:08:47,5.44,0.01,1,544,买盘
1979,10:08:42,5.43,--,422,229146,卖盘
1980,10:08:36,5.43,--,125,67875,卖盘
1981,10:08:32,5.43,-0.01,52,28236,卖盘
1982,10:08:21,5.44,0.01,282,153408,买盘
1983,10:08:17,5.43,-0.01,10,5430,卖盘
1984,10:08:12,5.44,0.01,6,3264,买盘
1985,10:08:06,5.43,-0.01,285,154755,卖盘
1986,10:08:02,5.44,--,1,544,买盘
1987,10:07:57,5.44,--,417,226848,买盘
1988,10:07:47,5.44,0.01,117,63648,买盘
1989,10:07:42,5.43,--,2,1086,卖盘
1990,10:07:36,5.43,-0.01,134,72762,卖盘
1991,10:07:32,5.44,--,18,9792,买盘
1992,10:07:27,5.44,--,1,544,买盘
1993,10:07:21,5.44,--,1,544,买盘
1994,10:07:12,5.44,0.01,249,135456,买盘
1995,10:07:06,5.43,-0.01,12,6516,卖盘
1996,10:06:57,5.44,--,171,93024,买盘
1997,10:06:51,5.44,0.01,1,544,买盘
1998,10:06:47,5.43,--,139,75477,卖盘
1999,10:06:42,5.43,--,274,148782,卖盘
2000,10:06:36,5.43,-0.01,430,233490,卖盘
2001,10:06:32,5.44,0.01,22,11968,买盘
2002,10:06:27,5.43,-0.01,107,58101,卖盘
2003,10:06:21,5.44,0.01,1,544,买盘
2004,10:06:17,5.43,-0.01,2,1086,卖盘
2005,10:06:12,5.44,0.01,224,121856,买盘
2006,10:06:06,5.43,-0.01,77,41811,卖盘
2007,10:06:02,5.44,--,33,17952,买盘
2008,10:05:57,5.44,0.01,302,164288,买盘
2009,10:05:51,5.43,--,78,42354,卖盘
2010,10:05:42,5.43,-0.01,180,97740,卖盘
2011,10:05:36,5.44,0.01,7,3808,买盘
2012,10:05:32,5.43,--,54,29322,卖盘
2013,10:05:27,5.43,-0.01,218,118374,卖盘
2014,10:05:21,5.44,--,125,68000,买盘
2015,10:05:17,5.44,0.01,1,544,买盘
2016,10:05:12,5.43,-0.01,609,330687,卖盘
2017,10:05:06,5.44,0.01,8,4352,买盘
2018,10:05:02,5.43,--,10,5430,卖盘
2019,10:04:57,5.43,-0.01,53,28779,卖盘
2020,10:04:51,5.44,--,53,28832,买盘
2021,10:04:47,5.44,0.01,686,373184,买盘
2022,10:04:42,5.43,--,1992,1081656,卖盘
2023,10:04:36,5.43,--,2315,1257045,卖盘
2024,10:04:32,5.43,--,33,17919,卖盘
2025,10:04:27,5.43,--,266,144438,买盘
2026,10:04:21,5.43,0.01,17,9231,买盘
2027,10:04:12,5.42,--,236,127912,卖盘
2028,10:04:06,5.42,-0.01,789,427638,卖盘
2029,10:04:02,5.43,0.01,162,87966,中性盘
2030,10:03:57,5.42,--,237,128454,卖盘
2031,10:03:51,5.42,--,260,140920,卖盘
2032,10:03:47,5.42,-0.02,337,182654,卖盘
2033,10:03:41,5.44,--,546,297296,买盘
2034,10:03:36,5.44,0.02,451,245344,买盘
2035,10:03:32,5.42,--,153,83262,卖盘
2036,10:03:26,5.42,-0.01,356,192952,卖盘
2037,10:03:21,5.43,--,230,124890,买盘
2038,10:03:17,5.43,--,1,543,买盘
2039,10:03:11,5.43,--,143,77649,买盘
2040,10:03:06,5.43,--,123,66995,卖盘
2041,10:03:01,5.43,--,319,173217,卖盘
2042,10:02:56,5.43,--,288,156384,卖盘
2043,10:02:51,5.43,--,5697,3093498,卖盘
2044,10:02:46,5.43,-0.01,523,283989,卖盘
2045,10:02:41,5.44,0.01,187,101728,买盘
2046,10:02:36,5.43,-0.01,147,79821,卖盘
2047,10:02:31,5.44,--,1,544,买盘
2048,10:02:26,5.44,0.01,16,8704,买盘
2049,10:02:21,5.43,-0.01,17,9231,卖盘
2050,10:02:11,5.44,0.01,213,115872,买盘
2051,10:02:06,5.43,-0.01,71,38553,卖盘
2052,10:01:56,5.44,--,101,54944,买盘
2053,10:01:51,5.44,0.01,35,19040,买盘
2054,10:01:41,5.43,-0.01,6,3258,卖盘
2055,10:01:36,5.44,--,679,369658,买盘
2056,10:01:31,5.44,0.01,1,544,买盘
2057,10:01:26,5.43,-0.01,2,1086,卖盘
2058,10:01:21,5.44,--,1,544,买盘
2059,10:01:06,5.44,--,120,65280,买盘
2060,10:01:01,5.44,0.01,11,5984,买盘
2061,10:00:56,5.43,-0.01,573,311139,卖盘
2062,10:00:51,5.44,0.01,1,544,买盘
2063,10:00:41,5.43,-0.01,183,99369,卖盘
2064,10:00:36,5.44,--,1,544,买盘
2065,10:00:30,5.44,0.01,266,144704,买盘
2066,10:00:26,5.43,-0.01,80,43440,卖盘
2067,10:00:21,5.44,--,587,319328,买盘
2068,10:00:15,5.44,--,115,62560,买盘
2069,10:00:06,5.44,0.01,524,285213,买盘
2070,09:59:56,5.43,--,47,25521,卖盘
2071,09:59:51,5.43,-0.01,740,401820,卖盘
2072,09:59:45,5.44,0.01,11,5984,买盘
2073,09:59:36,5.43,-0.01,84,45612,卖盘
2074,09:59:30,5.44,0.01,31,16864,买盘
2075,09:59:26,5.43,--,72,39096,卖盘
2076,09:59:21,5.43,-0.01,9,4887,卖盘
2077,09:59:15,5.44,0.01,205,111520,买盘
2078,09:59:11,5.43,--,107,58101,卖盘
2079,09:59:06,5.43,--,1366,741738,卖盘
2080,09:59:00,5.43,-0.01,1283,696669,卖盘
2081,09:58:56,5.44,--,258,140352,买盘
2082,09:58:51,5.44,0.01,1,544,买盘
2083,09:58:45,5.43,--,5,2715,卖盘
2084,09:58:41,5.43,-0.01,106,57558,卖盘
2085,09:58:36,5.44,--,444,241693,买盘
2086,09:58:30,5.44,0.01,295,160480,买盘
2087,09:58:26,5.43,-0.01,50,27150,卖盘
2088,09:58:21,5.44,0.01,168,91392,买盘
2089,09:58:15,5.43,--,303,164529,卖盘
2090,09:58:11,5.43,-0.01,292,158556,卖盘
2091,09:58:06,5.44,--,108,58752,买盘
2092,09:58:00,5.44,0.01,1368,744192,买盘
2093,09:57:56,5.43,-0.01,143,77649,卖盘
2094,09:57:51,5.44,--,54,29376,买盘
2095,09:57:45,5.44,0.01,168,91392,买盘
2096,09:57:41,5.43,-0.01,17,9231,卖盘
2097,09:57:36,5.44,0.01,38,20672,买盘
2098,09:57:30,5.43,--,33,17919,卖盘
2099,09:57:26,5.43,-0.01,19,10317,卖盘
2100,09:57:21,5.44,0.01,790,429760,买盘
2101,09:57:15,5.43,--,89,48327,卖盘
2102,09:57:11,5.43,--,17,9231,卖盘
2103,09:57:06,5.43,--,40,21720,卖盘
2104,09:57:00,5.43,--,376,204168,卖盘
2105,09:56:56,5.43,-0.01,450,244350,卖盘
2106,09:56:51,5.44,0.01,430,233920,买盘
2107,09:56:45,5.43,--,25,13575,卖盘
2108,09:56:41,5.43,--,195,105885,卖盘
2109,09:56:36,5.43,-0.01,54,29322,卖盘
2110,09:56:30,5.44,0.01,477,259488,买盘
2111,09:56:26,5.43,-0.01,6,3258,卖盘
2112,09:56:20,5.44,--,1,544,买盘
2113,09:56:15,5.44,0.01,11,5984,买盘
2114,09:56:11,5.43,--,100,54300,卖盘
2115,09:56:05,5.43,--,704,382272,卖盘
2116,09:56:00,5.43,--,44,23892,卖盘
2117,09:55:56,5.43,-0.01,8,4344,卖盘
2118,09:55:50,5.44,0.01,6,3264,买盘
2119,09:55:45,5.43,--,385,209055,卖盘
2120,09:55:35,5.43,--,26,14118,卖盘
2121,09:55:30,5.43,-0.01,119,64617,卖盘
2122,09:55:25,5.44,--,1,544,买盘
2123,09:55:20,5.44,0.01,133,72352,买盘
2124,09:55:15,5.43,-0.01,644,349692,卖盘
2125,09:55:11,5.44,--,253,137632,买盘
2126,09:55:05,5.44,0.01,955,519520,买盘
2127,09:55:00,5.43,--,70,38010,卖盘
2128,09:54:55,5.43,-0.01,63,34209,卖盘
2129,09:54:50,5.44,0.01,511,277984,买盘
2130,09:54:45,5.43,-0.01,85,46155,卖盘
2131,09:54:40,5.44,0.01,1,544,买盘
2132,09:54:35,5.43,--,63,34209,卖盘
2133,09:54:30,5.43,-0.01,119,64617,卖盘
2134,09:54:25,5.44,--,2,1088,买盘
2135,09:54:20,5.44,--,74,40256,买盘
2136,09:54:15,5.44,0.01,224,121856,买盘
2137,09:54:05,5.43,-0.01,594,322542,卖盘
2138,09:53:50,5.44,0.01,583,317152,买盘
2139,09:53:45,5.43,--,63,34209,卖盘
2140,09:53:40,5.43,--,69,37467,卖盘
2141,09:53:35,5.43,--,79,42897,卖盘
2142,09:53:30,5.43,--,76,41268,卖盘
2143,09:53:25,5.43,-0.01,49,26607,卖盘
2144,09:53:20,5.44,--,197,107168,买盘
2145,09:53:10,5.44,--,2,1088,买盘
2146,09:53:05,5.44,--,4201,2285344,买盘
2147,09:53:00,5.44,0.01,148,80512,买盘
2148,09:52:54,5.43,-0.01,295,160185,卖盘
2149,09:52:50,5.44,0.01,572,311168,买盘
2150,09:52:45,5.43,--,203,110229,卖盘
2151,09:52:40,5.43,--,18,9774,卖盘
2152,09:52:35,5.43,-0.01,133,72219,卖盘
2153,09:52:30,5.44,0.01,42,22848,买盘
2154,09:52:25,5.43,--,62,33666,卖盘
2155,09:52:20,5.43,--,144,78192,卖盘
2156,09:52:15,5.43,--,69,37467,卖盘
2157,09:52:09,5.43,-0.01,138,74934,卖盘
2158,09:52:05,5.44,--,1,544,买盘
2159,09:52:00,5.44,0.01,21,11424,买盘
2160,09:51:54,5.43,--,570,309510,卖盘
2161,09:51:45,5.43,-0.01,359,194937,卖盘
2162,09:51:39,5.44,--,284,155012,买盘
2163,09:51:30,5.44,0.01,751,408544,买盘
2164,09:51:24,5.43,-0.01,60,32580,卖盘
2165,09:51:15,5.44,--,204,111008,买盘
2166,09:51:09,5.44,--,27,14688,买盘
2167,09:51:05,5.44,--,2,1088,买盘
2168,09:51:00,5.44,--,1,544,买盘
2169,09:50:54,5.44,--,578,314432,买盘
2170,09:50:50,5.44,0.01,246,133824,买盘
2171,09:50:45,5.43,--,216,117478,卖盘
2172,09:50:39,5.43,--,123,66789,卖盘
2173,09:50:30,5.43,--,78,42354,卖盘
2174,09:50:24,5.43,--,254,137922,卖盘
2175,09:50:15,5.43,-0.01,129,70047,卖盘
2176,09:50:09,5.44,0.01,69,37536,买盘
2177,09:50:05,5.43,--,137,74391,卖盘
2178,09:50:00,5.43,-0.01,281,152583,卖盘
2179,09:49:54,5.44,0.01,613,333472,买盘
2180,09:49:50,5.43,--,3,1629,卖盘
2181,09:49:45,5.43,-0.01,18,9774,卖盘
2182,09:49:39,5.44,0.01,200,108800,买盘
2183,09:49:35,5.43,--,117,63531,卖盘
2184,09:49:29,5.43,-0.01,43,23349,卖盘
2185,09:49:24,5.44,--,246,133824,买盘
2186,09:49:20,5.44,0.01,1,544,买盘
2187,09:49:14,5.43,-0.01,49,26607,卖盘
2188,09:49:09,5.44,0.01,3,1632,买盘
2189,09:49:05,5.43,-0.01,46,24978,卖盘
2190,09:48:59,5.44,--,221,120224,买盘
2191,09:48:54,5.44,0.01,808,439552,买盘
2192,09:48:50,5.43,--,20,10860,卖盘
2193,09:48:44,5.43,-0.01,58,31494,卖盘
2194,09:48:39,5.44,0.01,4,2176,买盘
2195,09:48:35,5.43,--,56,30473,卖盘
2196,09:48:29,5.43,--,16,8688,卖盘
2197,09:48:24,5.43,--,62,33666,卖盘
2198,09:48:19,5.43,--,216,117288,卖盘
2199,09:48:14,5.43,-0.01,125,67875,卖盘
2200,09:48:09,5.44,0.01,102,55488,买盘
2201,09:48:04,5.43,--,65,35295,卖盘
2202,09:47:59,5.43,--,77,41811,卖盘
2203,09:47:54,5.43,-0.01,1171,635853,卖盘
2204,09:47:49,5.44,--,19,10336,买盘
2205,09:47:44,5.44,0.01,48,26112,买盘
2206,09:47:39,5.43,--,4,2172,卖盘
2207,09:47:29,5.43,-0.01,42,22806,卖盘
2208,09:47:24,5.44,--,101,54944,买盘
2209,09:47:19,5.44,--,50,27200,买盘
2210,09:47:14,5.44,0.01,8,4352,买盘
2211,09:47:09,5.43,-0.01,215,117282,卖盘
2212,09:47:04,5.44,0.01,5,2720,买盘
2213,09:46:59,5.43,--,115,62445,卖盘
2214,09:46:54,5.43,-0.01,551,299193,卖盘
2215,09:46:49,5.44,0.01,1,544,买盘
2216,09:46:44,5.43,--,84,45612,卖盘
2217,09:46:39,5.43,--,234,127062,卖盘
2218,09:46:34,5.43,--,136,73848,卖盘
2219,09:46:29,5.43,0.01,147,79821,买盘
2220,09:46:24,5.42,-0.01,547,296831,卖盘
2221,09:46:19,5.43,--,898,487614,买盘
2222,09:46:14,5.43,--,104,56472,买盘
2223,09:46:09,5.43,0.01,129,70047,买盘
2224,09:46:04,5.42,-0.01,1,542,卖盘
2225,09:45:59,5.43,--,449,243807,买盘
2226,09:45:54,5.43,0.01,822,446346,买盘
2227,09:45:49,5.42,--,27,14634,卖盘
2228,09:45:44,5.42,-0.01,122,66124,卖盘
2229,09:45:39,5.43,--,426,231318,买盘
2230,09:45:34,5.43,0.01,3,1629,买盘
2231,09:45:29,5.42,--,107,57994,卖盘
2232,09:45:19,5.42,-0.01,46,24932,卖盘
2233,09:45:14,5.43,0.01,1,543,买盘
2234,09:45:09,5.42,-0.01,80,43360,卖盘
2235,09:45:04,5.43,--,58,31494,买盘
2236,09:44:59,5.43,--,50,27150,买盘
2237,09:44:54,5.43,0.01,551,299193,买盘
2238,09:44:44,5.42,-0.01,186,100812,卖盘
2239,09:44:39,5.43,--,139,75477,买盘
2240,09:44:33,5.43,--,4,2172,买盘
2241,09:44:29,5.43,--,68,36924,买盘
2242,09:44:24,5.43,--,7,3801,买盘
2243,09:44:18,5.43,--,72,39096,买盘
2244,09:44:14,5.43,--,1,543,买盘
2245,09:44:09,5.43,0.01,66,35838,买盘
2246,09:44:03,5.42,--,17,9214,卖盘
2247,09:43:59,5.42,--,7,3794,卖盘
2248,09:43:54,5.42,-0.01,573,310566,卖盘
2249,09:43:48,5.43,--,1332,723438,买盘
2250,09:43:39,5.43,0.01,51,27693,买盘
2251,09:43:33,5.42,-0.01,123,66666,卖盘
2252,09:43:29,5.43,--,82,44526,买盘
2253,09:43:24,5.43,0.01,789,428427,买盘
2254,09:43:18,5.42,-0.01,68,36856,卖盘
2255,09:43:14,5.43,0.01,640,347520,买盘
2256,09:43:09,5.42,--,570,309460,卖盘
2257,09:43:03,5.42,-0.01,17,9214,卖盘
2258,09:42:59,5.43,--,15,8145,买盘
2259,09:42:54,5.43,0.01,891,483813,买盘
2260,09:42:48,5.42,-0.01,190,102980,卖盘
2261,09:42:44,5.43,0.01,1,543,买盘
2262,09:42:38,5.42,--,186,101337,卖盘
2263,09:42:33,5.42,--,3,1626,卖盘
2264,09:42:29,5.42,-0.01,163,88346,卖盘
2265,09:42:23,5.43,--,10,5430,买盘
2266,09:42:18,5.43,--,139,75477,买盘
2267,09:42:14,5.43,--,1,543,买盘
2268,09:42:08,5.43,0.01,96,52128,买盘
2269,09:42:03,5.42,--,317,171814,卖盘
2270,09:41:59,5.42,-0.01,1,542,卖盘
2271,09:41:53,5.43,0.01,120,65160,买盘
2272,09:41:48,5.42,-0.01,577,312734,卖盘
2273,09:41:43,5.43,--,20,10860,买盘
2274,09:41:38,5.43,--,126,68418,买盘
2275,09:41:33,5.43,--,100,54300,买盘
2276,09:41:29,5.43,--,110,59730,买盘
2277,09:41:23,5.43,--,76,41268,买盘
2278,09:41:18,5.43,--,22,11946,买盘
2279,09:41:08,5.43,--,135,73305,买盘
2280,09:41:03,5.43,--,1454,789522,买盘
2281,09:40:58,5.43,--,123,66789,买盘
2282,09:40:53,5.43,0.01,800,434400,买盘
2283,09:40:48,5.42,--,46,24932,卖盘
2284,09:40:38,5.42,--,253,137126,卖盘
2285,09:40:33,5.42,--,46,24932,卖盘
2286,09:40:28,5.42,-0.01,30,16260,卖盘
2287,09:40:23,5.43,0.01,69,37467,买盘
2288,09:40:18,5.42,-0.01,324,175608,卖盘
2289,09:40:13,5.43,0.01,81,43983,买盘
2290,09:40:08,5.42,-0.01,888,481296,卖盘
2291,09:40:03,5.43,--,906,491958,买盘
2292,09:39:58,5.43,0.01,159,86337,买盘
2293,09:39:53,5.42,-0.01,658,356636,卖盘
2294,09:39:48,5.43,--,146,79278,买盘
2295,09:39:43,5.43,0.01,131,71133,买盘
2296,09:39:38,5.42,--,109,59078,卖盘
2297,09:39:33,5.42,-0.01,535,289970,卖盘
2298,09:39:28,5.43,0.01,316,171588,买盘
2299,09:39:23,5.42,-0.01,354,191868,卖盘
2300,09:39:18,5.43,0.01,569,308967,买盘
2301,09:39:13,5.42,-0.01,30,16260,卖盘
2302,09:39:08,5.43,--,227,123261,买盘
2303,09:39:03,5.43,--,166,90138,买盘
2304,09:38:58,5.43,--,146,79278,买盘
2305,09:38:53,5.43,--,551,299193,买盘
2306,09:38:43,5.43,--,144,78192,买盘
2307,09:38:38,5.43,0.01,48,26064,买盘
2308,09:38:33,5.42,-0.01,271,146882,卖盘
2309,09:38:28,5.43,0.01,321,174303,买盘
2310,09:38:23,5.42,-0.01,1212,656904,卖盘
2311,09:38:18,5.43,--,3067,1665381,买盘
2312,09:38:13,5.43,--,41,22263,买盘
2313,09:38:08,5.43,--,449,243807,买盘
2314,09:38:03,5.43,--,261,141723,买盘
2315,09:37:53,5.43,--,725,393675,买盘
2316,09:37:48,5.43,0.01,42,22806,买盘
2317,09:37:43,5.42,-0.01,48,26016,卖盘
2318,09:37:38,5.43,--,156,84708,买盘
2319,09:37:33,5.43,--,224,121632,买盘
2320,09:37:28,5.43,--,163,88509,买盘
2321,09:37:23,5.43,0.01,114,61902,买盘
2322,09:37:18,5.42,-0.01,169,91652,卖盘
2323,09:37:13,5.43,--,220,119460,买盘
2324,09:37:07,5.43,--,467,253581,买盘
2325,09:37:03,5.43,--,248,134664,买盘
2326,09:36:57,5.43,--,1294,702642,买盘
2327,09:36:53,5.43,--,127,68961,买盘
2328,09:36:48,5.43,--,402,218286,买盘
2329,09:36:42,5.43,--,87,47241,买盘
2330,09:36:37,5.43,--,2,1086,买盘
2331,09:36:33,5.43,--,137,74391,买盘
2332,09:36:27,5.43,--,9,4887,买盘
2333,09:36:22,5.43,--,124,67332,买盘
2334,09:36:18,5.43,--,242,131406,买盘
2335,09:36:12,5.43,--,223,121089,买盘
2336,09:36:07,5.43,0.01,102,55386,买盘
2337,09:36:03,5.42,-0.01,244,132248,卖盘
2338,09:35:57,5.43,--,705,382815,买盘
2339,09:35:52,5.43,--,131,71133,买盘
2340,09:35:47,5.43,--,145,78735,买盘
2341,09:35:42,5.43,--,239,129777,买盘
2342,09:35:37,5.43,--,58,31494,买盘
2343,09:35:32,5.43,--,254,137922,买盘
2344,09:35:27,5.43,0.01,187,101541,买盘
2345,09:35:22,5.42,--,41,22222,卖盘
2346,09:35:12,5.42,-0.01,42,22764,卖盘
2347,09:35:07,5.43,--,21,11403,买盘
2348,09:35:02,5.43,0.01,21,11403,买盘
2349,09:34:57,5.42,--,618,334956,卖盘
2350,09:34:52,5.42,--,9,4878,卖盘
2351,09:34:47,5.42,--,267,144714,卖盘
2352,09:34:42,5.42,--,74,40108,卖盘
2353,09:34:37,5.42,--,50,27100,卖盘
2354,09:34:32,5.42,-0.01,65,35230,卖盘
2355,09:34:27,5.43,0.01,51,27693,买盘
2356,09:34:17,5.42,-0.01,22,11924,卖盘
2357,09:34:12,5.43,--,6,3258,买盘
2358,09:34:07,5.43,0.01,1,543,买盘
2359,09:34:02,5.42,-0.01,309,167478,卖盘
2360,09:33:57,5.43,--,1,543,买盘
2361,09:33:52,5.43,0.01,553,300279,买盘
2362,09:33:47,5.42,--,105,56910,卖盘
2363,09:33:42,5.42,-0.01,34,18428,卖盘
2364,09:33:37,5.43,0.01,2,1086,买盘
2365,09:33:32,5.42,--,1179,639018,卖盘
2366,09:33:27,5.42,-0.01,6,3252,卖盘
2367,09:33:22,5.43,0.01,1,543,买盘
2368,09:33:17,5.42,--,2,1084,卖盘
2369,09:33:12,5.42,-0.01,463,250946,卖盘
2370,09:33:07,5.43,0.01,17,9231,买盘
2371,09:33:02,5.42,-0.01,196,106232,卖盘
2372,09:32:57,5.43,0.01,784,425712,买盘
2373,09:32:52,5.42,-0.01,222,120324,卖盘
2374,09:32:47,5.43,--,125,67875,买盘
2375,09:32:42,5.43,0.01,123,66789,买盘
2376,09:32:37,5.42,-0.01,55,29810,卖盘
2377,09:32:32,5.43,0.01,476,258468,买盘
2378,09:32:27,5.42,--,1153,624926,卖盘
2379,09:32:17,5.42,--,16,8672,卖盘
2380,09:32:12,5.42,-0.01,323,175066,卖盘
2381,09:32:07,5.43,0.01,97,52671,买盘
2382,09:32:02,5.42,--,166,89972,卖盘
2383,09:31:57,5.42,-0.01,48,26016,卖盘
2384,09:31:52,5.43,0.01,160,86880,买盘
2385,09:31:47,5.42,--,102,55284,卖盘
2386,09:31:42,5.42,--,330,178860,卖盘
2387,09:31:37,5.42,-0.01,451,244442,卖盘
2388,09:31:32,5.43,0.01,753,408879,买盘
2389,09:31:27,5.42,--,665,360430,卖盘
2390,09:31:17,5.42,-0.01,147,79674,卖盘
2391,09:31:12,5.43,--,640,347520,买盘
2392,09:31:07,5.43,--,5845,3173835,买盘
2393,09:31:02,5.43,--,266,144438,买盘
2394,09:30:57,5.43,0.01,163,88509,买盘
2395,09:30:52,5.42,-0.01,55,29810,卖盘
2396,09:30:47,5.43,0.01,105,57015,买盘
2397,09:30:42,5.42,-0.01,95,51490,卖盘
2398,09:30:37,5.43,0.01,138,74934,买盘
2399,09:30:32,5.42,--,10,5420,卖盘
2400,09:30:27,5.42,-0.01,676,366392,卖盘
2401,09:30:17,5.43,--,76,41268,买盘
2402,09:30:12,5.43,0.01,1217,660831,买盘
2403,09:30:07,5.42,--,904,489968,卖盘
2404,09:30:02,5.42,-0.01,56,30352,卖盘
2405,09:28:55,5.43,--,0,0,买盘
2406,09:25:04,5.43,5.43,4582,2488026,买盘
