,time,price,change,volume,amount,type
0,15:00:21,5.17,--,2547,1316799,卖盘
1,14:57:38,5.17,--,0,0,买盘
2,14:57:05,5.17,0.01,14,7238,卖盘
3,14:56:56,5.16,-0.01,10,5160,卖盘
4,14:56:50,5.17,0.01,14,7238,买盘
5,14:56:44,5.16,--,105,54180,卖盘
6,14:56:41,5.16,--,50,25800,卖盘
7,14:56:38,5.16,--,4,2064,卖盘
8,14:56:29,5.16,--,50,25800,卖盘
9,14:56:20,5.16,--,15,7740,卖盘
10,14:56:17,5.16,-0.01,7,3612,卖盘
11,14:56:14,5.17,0.01,134,69278,买盘
12,14:56:11,5.16,--,63,32508,卖盘
13,14:56:08,5.16,--,280,144480,卖盘
14,14:56:02,5.16,--,513,264708,买盘
15,14:55:59,5.16,--,3,1548,买盘
16,14:55:56,5.16,--,329,169764,买盘
17,14:55:53,5.16,--,55,28380,买盘
18,14:55:50,5.16,--,110,56760,买盘
19,14:55:44,5.16,--,134,69144,买盘
20,14:55:41,5.16,--,108,55728,买盘
21,14:55:35,5.16,--,60,30960,买盘
22,14:55:29,5.16,--,2,1032,买盘
23,14:55:26,5.16,--,139,71724,买盘
24,14:55:20,5.16,--,19,9804,买盘
25,14:55:17,5.16,--,70,36120,买盘
26,14:55:08,5.16,--,63,32508,买盘
27,14:54:53,5.16,--,75,38700,买盘
28,14:54:50,5.16,--,1051,542316,卖盘
29,14:54:41,5.16,--,50,25800,卖盘
30,14:54:29,5.16,--,23,11868,卖盘
31,14:54:23,5.16,--,50,25800,卖盘
32,14:54:17,5.16,--,6,3096,卖盘
33,14:54:11,5.16,-0.01,16,8256,卖盘
34,14:54:02,5.17,0.01,6,3102,买盘
35,14:53:59,5.16,--,42,21672,卖盘
36,14:53:56,5.16,-0.01,80,41280,卖盘
37,14:53:50,5.17,0.01,15,7755,买盘
38,14:53:47,5.16,--,24,12384,卖盘
39,14:53:41,5.16,0.01,480,247680,买盘
40,14:53:32,5.15,-0.01,11,5665,卖盘
41,14:53:20,5.16,--,174,89784,卖盘
42,14:53:17,5.16,--,10,5160,卖盘
43,14:53:14,5.16,--,31,15996,卖盘
44,14:53:08,5.16,--,50,25800,卖盘
45,14:53:02,5.16,--,22,11352,卖盘
46,14:52:50,5.16,--,548,282768,卖盘
47,14:52:47,5.16,-0.01,7,3612,卖盘
48,14:52:41,5.17,--,120,62040,买盘
49,14:52:38,5.17,0.01,88,45496,买盘
50,14:52:29,5.16,--,30,15480,卖盘
51,14:52:26,5.16,--,11,5676,卖盘
52,14:52:23,5.16,--,2,1032,卖盘
53,14:52:20,5.16,--,10,5160,卖盘
54,14:52:17,5.16,--,12,6192,卖盘
55,14:52:14,5.16,--,52,26832,卖盘
56,14:52:11,5.16,--,74,38184,卖盘
57,14:52:08,5.16,--,113,58308,卖盘
58,14:52:05,5.16,--,6,3096,卖盘
59,14:52:02,5.16,--,22,11352,卖盘
60,14:51:56,5.16,--,16,8256,卖盘
61,14:51:53,5.16,--,52,26832,卖盘
62,14:51:50,5.16,--,7,3612,卖盘
63,14:51:44,5.16,--,46,23736,卖盘
64,14:51:35,5.16,--,30,15480,卖盘
65,14:51:32,5.16,--,1,516,卖盘
66,14:51:23,5.16,-0.01,500,258000,卖盘
67,14:51:20,5.17,0.01,50,25850,买盘
68,14:51:17,5.16,-0.01,22,11352,卖盘
69,14:51:08,5.17,0.01,10,5170,买盘
70,14:51:05,5.16,-0.01,20,10320,卖盘
71,14:50:53,5.17,0.01,35,18095,买盘
72,14:50:50,5.16,--,2,1032,卖盘
73,14:50:47,5.16,--,100,51600,卖盘
74,14:50:44,5.16,--,107,55212,卖盘
75,14:50:38,5.16,--,11,5676,卖盘
76,14:50:35,5.16,--,210,108360,卖盘
77,14:50:29,5.16,-0.01,4,2064,卖盘
78,14:50:26,5.17,--,71,36707,买盘
79,14:50:23,5.17,0.01,1,517,买盘
80,14:50:20,5.16,-0.01,24,12384,卖盘
81,14:50:17,5.17,--,9,4653,买盘
82,14:50:02,5.17,--,59,30503,买盘
83,14:49:56,5.17,0.01,10,5170,买盘
84,14:49:53,5.16,-0.01,5,2580,卖盘
85,14:49:50,5.17,--,122,63074,买盘
86,14:49:38,5.17,--,7,3619,买盘
87,14:49:35,5.17,--,132,68244,卖盘
88,14:49:23,5.17,-0.01,30,15510,卖盘
89,14:49:17,5.18,0.01,35,18130,买盘
90,14:49:14,5.17,--,50,25850,卖盘
91,14:49:11,5.17,--,349,180433,卖盘
92,14:49:02,5.17,--,2,1034,卖盘
93,14:48:59,5.17,--,5,2585,卖盘
94,14:48:56,5.17,--,88,45496,卖盘
95,14:48:47,5.17,--,50,25850,卖盘
96,14:48:44,5.17,-0.01,42,21714,卖盘
97,14:48:41,5.18,0.01,200,103600,买盘
98,14:48:35,5.17,--,43,22231,卖盘
99,14:48:32,5.17,--,42,21714,卖盘
100,14:48:29,5.17,--,7,3619,卖盘
101,14:48:26,5.17,--,1,517,卖盘
102,14:48:20,5.17,--,53,27401,卖盘
103,14:48:17,5.17,--,7,3619,卖盘
104,14:48:11,5.17,--,14,7238,卖盘
105,14:48:05,5.17,--,300,155100,卖盘
106,14:48:02,5.17,--,1,517,卖盘
107,14:47:59,5.17,--,13,6721,卖盘
108,14:47:56,5.17,--,35,18095,卖盘
109,14:47:47,5.17,--,5,2585,卖盘
110,14:47:44,5.17,--,42,21714,卖盘
111,14:47:32,5.17,--,30,15510,卖盘
112,14:47:23,5.17,--,275,142175,买盘
113,14:47:17,5.17,0.01,10,5170,买盘
114,14:47:11,5.16,--,50,25800,卖盘
115,14:46:53,5.16,--,2,1032,卖盘
116,14:46:44,5.16,-0.01,12,6192,卖盘
117,14:46:38,5.17,--,52,26884,买盘
118,14:46:29,5.17,--,11,5687,买盘
119,14:46:23,5.17,--,22,11374,买盘
120,14:46:20,5.17,--,60,31020,买盘
121,14:45:59,5.17,--,14,7238,买盘
122,14:45:50,5.17,--,7,3619,买盘
123,14:45:47,5.17,--,8,4136,买盘
124,14:45:32,5.17,--,1,517,买盘
125,14:45:20,5.17,--,9,4653,卖盘
126,14:45:08,5.17,--,2,1034,卖盘
127,14:45:05,5.17,--,5,2585,卖盘
128,14:44:56,5.17,--,12,6204,卖盘
129,14:44:50,5.17,--,2,1034,卖盘
130,14:44:47,5.17,0.01,20,10340,卖盘
131,14:44:44,5.16,-0.01,224,115584,卖盘
132,14:44:32,5.17,--,5,2585,卖盘
133,14:44:26,5.17,--,52,26884,卖盘
134,14:44:20,5.17,--,35,18095,卖盘
135,14:44:14,5.17,--,224,115808,卖盘
136,14:44:11,5.17,--,50,25850,卖盘
137,14:44:08,5.17,--,3,1551,卖盘
138,14:44:05,5.17,--,2,1034,卖盘
139,14:44:02,5.17,--,12,6204,卖盘
140,14:43:59,5.17,-0.01,11,5687,卖盘
141,14:43:53,5.18,0.01,15,7770,买盘
142,14:43:47,5.17,--,25,12925,卖盘
143,14:43:44,5.17,--,272,140624,卖盘
144,14:43:38,5.17,--,10,5170,卖盘
145,14:43:29,5.17,--,50,25850,卖盘
146,14:43:26,5.17,--,40,20680,卖盘
147,14:43:20,5.17,--,10,5170,卖盘
148,14:43:11,5.17,--,57,29469,卖盘
149,14:43:05,5.17,--,6,3102,卖盘
150,14:43:02,5.17,--,16,8272,卖盘
151,14:42:59,5.17,--,57,29469,卖盘
152,14:42:53,5.17,--,65,33605,卖盘
153,14:42:47,5.17,--,58,29986,卖盘
154,14:42:44,5.17,--,5,2585,卖盘
155,14:42:35,5.17,-0.01,117,60489,卖盘
156,14:42:20,5.18,0.01,140,72520,买盘
157,14:42:14,5.17,--,15,7755,卖盘
158,14:42:11,5.17,--,20,10340,卖盘
159,14:42:02,5.17,--,38,19646,卖盘
160,14:41:59,5.17,0.01,56,28952,买盘
161,14:41:53,5.16,--,17,8772,卖盘
162,14:41:47,5.16,-0.01,20,10320,卖盘
163,14:41:41,5.17,0.01,15,7755,买盘
164,14:41:38,5.16,--,193,99588,卖盘
165,14:41:35,5.16,-0.01,103,53148,卖盘
166,14:41:29,5.17,0.01,600,310200,买盘
167,14:41:26,5.16,--,400,206400,卖盘
168,14:41:20,5.16,-0.01,64,33024,卖盘
169,14:41:17,5.17,0.01,250,129250,买盘
170,14:41:11,5.16,-0.01,20,10320,卖盘
171,14:41:08,5.17,--,7,3619,买盘
172,14:41:02,5.17,--,13,6721,买盘
173,14:40:56,5.17,--,24,12408,买盘
174,14:40:50,5.17,--,20,10340,买盘
175,14:40:44,5.17,--,13,6721,买盘
176,14:40:23,5.17,--,3,1551,买盘
177,14:40:14,5.17,0.01,195,100815,买盘
178,14:40:05,5.16,-0.01,42,21672,卖盘
179,14:39:59,5.17,0.01,15,7755,买盘
180,14:39:53,5.16,--,3,1548,卖盘
181,14:39:50,5.16,-0.01,50,25800,卖盘
182,14:39:38,5.17,0.01,40,20680,买盘
183,14:39:29,5.16,--,1,516,卖盘
184,14:39:23,5.16,--,75,38700,卖盘
185,14:39:20,5.16,--,1,516,卖盘
186,14:39:08,5.16,--,570,294120,卖盘
187,14:39:05,5.16,--,150,77400,卖盘
188,14:38:59,5.16,-0.01,60,30960,卖盘
189,14:38:56,5.17,0.01,18,9306,买盘
190,14:38:47,5.16,-0.01,68,35088,卖盘
191,14:38:41,5.17,--,30,15510,买盘
192,14:38:38,5.17,0.01,20,10340,买盘
193,14:38:35,5.16,--,62,31992,卖盘
194,14:38:32,5.16,--,20,10320,卖盘
195,14:38:29,5.16,--,66,34056,卖盘
196,14:38:17,5.16,--,165,85140,卖盘
197,14:38:11,5.16,--,25,12900,卖盘
198,14:38:04,5.16,--,163,84108,卖盘
199,14:37:58,5.16,-0.01,61,31476,卖盘
200,14:37:55,5.17,0.01,11,5687,买盘
201,14:37:52,5.16,-0.01,87,44892,卖盘
202,14:37:49,5.17,--,7,3619,买盘
203,14:37:46,5.17,0.01,1,517,买盘
204,14:37:43,5.16,--,167,86172,卖盘
205,14:37:40,5.16,--,120,61920,卖盘
206,14:37:37,5.16,--,20,10320,卖盘
207,14:37:34,5.16,--,87,44892,卖盘
208,14:37:28,5.16,--,70,36120,卖盘
209,14:37:25,5.16,--,10,5160,卖盘
210,14:37:22,5.16,-0.01,63,32508,卖盘
211,14:37:16,5.17,0.01,3,1551,买盘
212,14:37:13,5.16,--,5,2580,卖盘
213,14:37:10,5.16,--,10,5160,卖盘
214,14:37:07,5.16,--,18,9288,卖盘
215,14:37:04,5.16,--,40,20640,卖盘
216,14:37:01,5.16,--,16,8256,卖盘
217,14:36:55,5.16,--,50,25800,卖盘
218,14:36:40,5.16,--,80,41280,卖盘
219,14:36:28,5.16,-0.01,124,63984,卖盘
220,14:36:16,5.17,0.01,1016,525272,买盘
221,14:36:07,5.16,-0.01,10,5160,卖盘
222,14:36:04,5.17,--,108,55836,卖盘
223,14:36:01,5.17,-0.01,57,29469,卖盘
224,14:35:55,5.18,0.01,67,34706,买盘
225,14:35:49,5.17,--,70,36190,卖盘
226,14:35:46,5.17,--,57,29469,卖盘
227,14:35:43,5.17,--,579,299343,卖盘
228,14:35:40,5.17,--,175,90475,卖盘
229,14:35:34,5.17,--,57,29469,卖盘
230,14:35:31,5.17,--,2,1034,卖盘
231,14:35:28,5.17,--,70,36190,卖盘
232,14:35:16,5.17,--,5,2585,卖盘
233,14:35:13,5.17,-0.01,11,5687,卖盘
234,14:35:10,5.18,0.01,35,18130,买盘
235,14:35:07,5.17,--,16,8272,卖盘
236,14:35:04,5.17,--,1,517,卖盘
237,14:34:58,5.17,--,43,22231,卖盘
238,14:34:55,5.17,--,80,41360,卖盘
239,14:34:49,5.17,--,310,160270,卖盘
240,14:34:37,5.17,--,6,3102,卖盘
241,14:34:31,5.17,--,34,17578,卖盘
242,14:34:28,5.17,--,9,4653,卖盘
243,14:34:25,5.17,-0.01,38,19646,卖盘
244,14:34:07,5.18,0.01,15,7770,买盘
245,14:33:40,5.17,--,120,62040,卖盘
246,14:33:22,5.17,--,205,105985,卖盘
247,14:33:07,5.17,--,56,28952,卖盘
248,14:33:01,5.17,-0.01,6,3102,卖盘
249,14:32:58,5.18,0.01,41,21238,买盘
250,14:32:55,5.17,-0.01,75,38775,卖盘
251,14:32:52,5.18,--,50,25900,买盘
252,14:32:46,5.18,--,15,7770,买盘
253,14:32:40,5.18,0.01,282,146076,买盘
254,14:32:37,5.17,-0.01,28,14476,卖盘
255,14:32:28,5.18,0.01,9,4662,买盘
256,14:32:19,5.17,-0.01,38,19646,卖盘
257,14:32:16,5.18,--,24,12432,买盘
258,14:32:13,5.18,--,10,5180,买盘
259,14:32:10,5.18,0.01,60,31080,买盘
260,14:32:07,5.17,--,90,46530,卖盘
261,14:31:58,5.17,--,50,25850,卖盘
262,14:31:49,5.17,-0.01,20,10340,卖盘
263,14:31:43,5.18,0.01,2,1036,买盘
264,14:31:40,5.17,-0.01,6,3102,卖盘
265,14:31:37,5.18,0.01,75,38850,买盘
266,14:31:34,5.17,-0.01,77,39809,卖盘
267,14:31:19,5.18,--,2,1036,买盘
268,14:31:04,5.18,--,5,2590,买盘
269,14:31:01,5.18,0.01,7,3626,买盘
270,14:30:58,5.17,-0.01,100,51700,卖盘
271,14:30:55,5.18,0.01,15,7770,买盘
272,14:30:49,5.17,-0.01,60,31020,卖盘
273,14:30:40,5.18,--,15,7770,买盘
274,14:30:37,5.18,--,5,2590,买盘
275,14:30:31,5.18,0.01,39,20202,买盘
276,14:30:25,5.17,-0.01,52,26884,卖盘
277,14:30:01,5.18,--,3,1554,买盘
278,14:29:55,5.18,--,11,6003,卖盘
279,14:29:52,5.18,--,10,5180,卖盘
280,14:29:49,5.18,--,165,85470,卖盘
281,14:29:46,5.18,--,194,100492,卖盘
282,14:29:43,5.18,--,20,10360,卖盘
283,14:29:40,5.18,--,200,103600,卖盘
284,14:29:37,5.18,--,458,237244,卖盘
285,14:29:31,5.18,--,2,1036,卖盘
286,14:29:28,5.18,--,117,60606,卖盘
287,14:29:22,5.18,--,20,10360,卖盘
288,14:29:19,5.18,--,10,5180,卖盘
289,14:29:13,5.18,--,204,105672,卖盘
290,14:29:07,5.18,--,2,1036,卖盘
291,14:29:04,5.18,--,5,2590,卖盘
292,14:28:58,5.18,--,143,74074,卖盘
293,14:28:55,5.18,--,1,518,卖盘
294,14:28:52,5.18,--,20,10360,卖盘
295,14:28:49,5.18,--,100,51800,卖盘
296,14:28:43,5.18,--,45,23310,卖盘
297,14:28:40,5.18,--,164,84952,卖盘
298,14:28:37,5.18,--,50,25900,卖盘
299,14:28:34,5.18,--,395,204610,卖盘
300,14:28:22,5.18,-0.01,2,1036,卖盘
301,14:28:16,5.19,0.01,83,43077,买盘
302,14:28:13,5.18,--,10,5180,卖盘
303,14:28:07,5.18,-0.01,10,5180,卖盘
304,14:27:58,5.19,0.01,32,16608,买盘
305,14:27:52,5.18,--,2,1036,卖盘
306,14:27:46,5.18,--,57,29526,卖盘
307,14:27:43,5.18,--,12,6216,卖盘
308,14:27:40,5.18,--,70,36260,卖盘
309,14:27:37,5.18,--,502,260036,卖盘
310,14:27:28,5.18,-0.01,15,7770,卖盘
311,14:27:13,5.19,0.01,15,7785,买盘
312,14:27:04,5.18,--,2,1036,卖盘
313,14:26:55,5.18,--,11,5698,卖盘
314,14:26:43,5.18,-0.01,47,24346,卖盘
315,14:26:40,5.19,0.01,60,31140,买盘
316,14:26:34,5.18,--,1,518,卖盘
317,14:26:07,5.18,-0.01,101,52318,卖盘
318,14:25:52,5.19,0.01,15,7785,买盘
319,14:25:49,5.18,--,10,5180,卖盘
320,14:25:25,5.18,--,30,15540,卖盘
321,14:25:19,5.18,-0.01,2,1036,卖盘
322,14:25:13,5.19,--,8,4152,买盘
323,14:25:07,5.19,0.01,198,102762,买盘
324,14:25:04,5.18,--,2,1036,卖盘
325,14:25:01,5.18,-0.01,40,20720,卖盘
326,14:24:49,5.19,--,203,105357,买盘
327,14:24:40,5.19,--,32,16867,买盘
328,14:24:22,5.19,--,2,1038,买盘
329,14:24:19,5.19,--,56,29064,买盘
330,14:24:04,5.19,--,5,2595,买盘
331,14:23:55,5.19,0.01,13,6747,买盘
332,14:23:43,5.18,--,10,5180,卖盘
333,14:23:37,5.18,--,45,23310,卖盘
334,14:23:10,5.18,-0.01,22,11396,卖盘
335,14:22:55,5.19,--,20,10380,买盘
336,14:22:46,5.19,--,63,32697,买盘
337,14:22:43,5.19,0.01,15,7785,买盘
338,14:22:34,5.18,--,51,26418,卖盘
339,14:22:28,5.18,-0.01,15,7770,卖盘
340,14:22:16,5.19,0.01,15,7785,买盘
341,14:22:10,5.18,--,28,14504,卖盘
342,14:22:07,5.18,--,1,518,卖盘
343,14:22:04,5.18,--,14,7252,卖盘
344,14:22:01,5.18,-0.01,21,10878,卖盘
345,14:21:49,5.19,--,2,1038,买盘
346,14:21:37,5.19,--,2,1038,买盘
347,14:21:31,5.19,0.01,16,8304,买盘
348,14:21:16,5.18,--,4,2072,卖盘
349,14:21:13,5.18,-0.01,30,15540,卖盘
350,14:21:01,5.19,--,15,7785,买盘
351,14:20:52,5.19,0.01,55,28545,买盘
352,14:20:40,5.18,--,3,1554,卖盘
353,14:20:37,5.18,--,120,62160,卖盘
354,14:20:31,5.18,-0.01,192,99456,卖盘
355,14:20:28,5.19,0.01,2,1038,买盘
356,14:20:22,5.18,-0.01,100,51800,卖盘
357,14:20:10,5.19,0.01,4,2076,买盘
358,14:19:55,5.18,-0.01,2,1036,卖盘
359,14:19:37,5.19,0.01,192,99648,买盘
360,14:19:34,5.18,-0.01,9,4662,卖盘
361,14:19:28,5.19,0.01,5,2595,买盘
362,14:19:07,5.18,--,2,1036,卖盘
363,14:18:52,5.18,-0.01,10,5180,卖盘
364,14:18:43,5.19,0.01,27,14013,买盘
365,14:18:31,5.18,-0.01,60,31080,卖盘
366,14:18:22,5.19,--,15,7785,买盘
367,14:17:57,5.19,--,151,78369,买盘
368,14:17:39,5.19,--,10,5190,买盘
369,14:17:33,5.19,--,2,1038,买盘
370,14:17:30,5.19,0.01,10,5190,买盘
371,14:17:24,5.18,--,6,3108,卖盘
372,14:17:21,5.18,--,3,1554,卖盘
373,14:17:15,5.18,--,137,70966,卖盘
374,14:17:09,5.18,--,50,25900,卖盘
375,14:17:00,5.18,-0.01,10,5180,卖盘
376,14:16:51,5.19,--,15,7785,买盘
377,14:16:36,5.19,0.01,10,5190,买盘
378,14:16:27,5.18,--,43,22274,卖盘
379,14:16:24,5.18,--,10,5180,卖盘
380,14:16:21,5.18,--,15,7770,卖盘
381,14:16:06,5.18,--,1,518,卖盘
382,14:16:03,5.18,-0.01,75,38850,卖盘
383,14:16:00,5.19,0.01,1,519,买盘
384,14:15:54,5.18,-0.01,1,518,卖盘
385,14:15:45,5.19,0.01,25,12975,买盘
386,14:15:39,5.18,--,105,54390,卖盘
387,14:15:33,5.18,--,30,15540,卖盘
388,14:15:21,5.18,--,5,2590,卖盘
389,14:15:06,5.18,-0.01,35,18130,卖盘
390,14:15:03,5.19,0.01,15,7785,买盘
391,14:14:54,5.18,-0.01,298,154364,卖盘
392,14:14:51,5.19,0.01,8,4152,买盘
393,14:14:48,5.18,--,80,41440,卖盘
394,14:14:30,5.18,--,80,41440,卖盘
395,14:14:21,5.18,-0.01,409,211862,卖盘
396,14:14:12,5.19,--,10,5190,买盘
397,14:14:03,5.19,--,15,7785,买盘
398,14:14:00,5.19,0.01,10,5190,买盘
399,14:13:54,5.18,-0.01,2,1036,卖盘
400,14:13:36,5.19,0.01,9,4671,买盘
401,14:13:24,5.18,--,50,25900,卖盘
402,14:13:12,5.18,--,12,6216,卖盘
403,14:13:06,5.18,--,300,155400,卖盘
404,14:12:54,5.18,--,10,5180,卖盘
405,14:12:51,5.18,--,42,21756,卖盘
406,14:12:42,5.18,--,100,51800,卖盘
407,14:12:36,5.18,-0.01,4,2072,卖盘
408,14:12:33,5.19,--,2,1038,买盘
409,14:12:27,5.19,--,1,519,买盘
410,14:12:24,5.19,--,1,519,买盘
411,14:12:03,5.19,--,15,7785,买盘
412,14:11:51,5.19,0.01,91,47229,买盘
413,14:11:48,5.18,-0.01,46,23828,卖盘
414,14:11:27,5.19,--,3,1557,买盘
415,14:11:21,5.19,--,78,40482,卖盘
416,14:11:18,5.19,--,17,8823,卖盘
417,14:11:00,5.19,--,50,25950,卖盘
418,14:10:57,5.19,--,10,5190,卖盘
419,14:10:48,5.19,--,43,22317,卖盘
420,14:10:36,5.19,--,3,1557,卖盘
421,14:10:33,5.19,--,3,1557,买盘
422,14:10:30,5.19,--,37,19203,卖盘
423,14:10:21,5.19,--,45,23355,买盘
424,14:10:12,5.19,-0.01,5,2595,中性盘
425,14:10:06,5.2,0.01,230,119605,买盘
426,14:09:54,5.19,--,9,4671,卖盘
427,14:09:48,5.19,--,5,2595,卖盘
428,14:09:45,5.19,--,165,85635,卖盘
429,14:09:33,5.19,--,30,15570,卖盘
430,14:09:30,5.19,--,25,12975,卖盘
431,14:09:27,5.19,--,637,330603,买盘
432,14:09:24,5.19,--,15,7785,买盘
433,14:09:18,5.19,0.01,127,65913,买盘
434,14:09:12,5.18,-0.01,10,5180,卖盘
435,14:09:09,5.19,--,50,25950,买盘
436,14:09:00,5.19,0.01,93,48267,买盘
437,14:08:57,5.18,-0.01,21,10878,卖盘
438,14:08:45,5.19,--,6,3114,买盘
439,14:08:42,5.19,--,13,6747,买盘
440,14:08:33,5.19,--,13,6747,买盘
441,14:08:24,5.19,--,15,7785,买盘
442,14:08:15,5.19,--,59,30621,买盘
443,14:08:06,5.19,--,2,1038,买盘
444,14:08:03,5.19,--,13,6747,买盘
445,14:08:00,5.19,--,124,64356,卖盘
446,14:07:57,5.19,--,79,41001,卖盘
447,14:07:54,5.19,--,4,2076,卖盘
448,14:07:51,5.19,--,31,16089,卖盘
449,14:07:45,5.19,--,110,57090,卖盘
450,14:07:36,5.19,--,30,15570,卖盘
451,14:07:33,5.19,--,14,7266,卖盘
452,14:07:30,5.19,--,200,103800,卖盘
453,14:07:24,5.19,--,20,10380,卖盘
454,14:07:18,5.19,--,602,312438,卖盘
455,14:07:15,5.19,--,20,10380,卖盘
456,14:07:12,5.19,--,73,37887,卖盘
457,14:07:06,5.19,--,303,157257,卖盘
458,14:07:03,5.19,-0.01,2,1038,卖盘
459,14:07:00,5.2,0.01,10,5200,买盘
460,14:06:57,5.19,--,152,78888,卖盘
461,14:06:51,5.19,--,5,2595,卖盘
462,14:06:45,5.19,--,7,3633,卖盘
463,14:06:36,5.19,-0.01,20,10380,卖盘
464,14:06:33,5.2,0.01,4,2080,买盘
465,14:06:30,5.19,--,100,51900,卖盘
466,14:06:27,5.19,--,4,2076,卖盘
467,14:06:15,5.19,--,19,9861,卖盘
468,14:06:12,5.19,--,32,16608,卖盘
469,14:06:09,5.19,-0.01,54,28026,卖盘
470,14:06:06,5.2,--,39,20280,买盘
471,14:05:42,5.2,--,5,2600,买盘
472,14:05:24,5.2,0.01,15,7800,买盘
473,14:05:06,5.19,--,650,337350,卖盘
474,14:05:03,5.19,--,55,28545,卖盘
475,14:04:57,5.19,--,9,4671,卖盘
476,14:04:54,5.19,--,40,20760,卖盘
477,14:04:51,5.19,--,1,519,卖盘
478,14:04:39,5.19,--,73,37887,卖盘
479,14:04:33,5.19,-0.01,50,25950,卖盘
480,14:04:27,5.2,0.01,48,24960,买盘
481,14:04:24,5.19,-0.01,2,1038,卖盘
482,14:04:21,5.2,--,21,10920,买盘
483,14:04:18,5.2,--,85,44200,买盘
484,14:04:09,5.2,--,31,16120,买盘
485,14:04:00,5.2,0.01,100,52000,买盘
486,14:03:51,5.19,-0.01,10,5190,卖盘
487,14:03:48,5.2,0.01,20,10400,买盘
488,14:03:45,5.19,--,25,12975,卖盘
489,14:03:42,5.19,-0.01,15,7785,卖盘
490,14:03:24,5.2,--,39,20280,买盘
491,14:03:15,5.2,--,55,28600,买盘
492,14:03:12,5.2,0.01,38,19760,买盘
493,14:03:09,5.19,-0.01,24,12456,卖盘
494,14:03:06,5.2,--,100,52000,买盘
495,14:03:03,5.2,--,22,11440,买盘
496,14:03:00,5.2,--,30,15600,买盘
497,14:02:54,5.2,--,20,10400,买盘
498,14:02:42,5.2,0.01,5,2600,买盘
499,14:02:39,5.19,-0.01,50,25950,卖盘
500,14:02:33,5.2,--,30,15600,买盘
501,14:02:30,5.2,--,2,1040,买盘
502,14:02:21,5.2,--,5,2600,买盘
503,14:02:12,5.2,--,11,5720,买盘
504,14:02:03,5.2,0.01,2,1040,买盘
505,14:01:45,5.19,-0.01,8,4152,卖盘
506,14:01:42,5.2,0.01,20,10400,买盘
507,14:01:39,5.19,--,66,34254,卖盘
508,14:01:30,5.19,-0.01,5,2595,卖盘
509,14:01:09,5.2,0.01,1,520,买盘
510,14:00:54,5.19,-0.01,4,2076,卖盘
511,14:00:48,5.2,--,15,7800,买盘
512,14:00:39,5.2,0.01,10,5200,买盘
513,14:00:24,5.19,-0.01,10,5190,卖盘
514,14:00:21,5.2,--,140,72800,买盘
515,14:00:09,5.2,0.01,100,52000,买盘
516,14:00:03,5.19,--,5,2595,卖盘
517,13:59:54,5.19,-0.01,15,7785,卖盘
518,13:59:51,5.2,--,2,1040,买盘
519,13:59:48,5.2,--,2,1040,买盘
520,13:59:45,5.2,--,8,4160,买盘
521,13:59:36,5.2,--,71,36920,买盘
522,13:59:27,5.2,--,3,1560,买盘
523,13:59:24,5.2,--,10,5200,买盘
524,13:59:21,5.2,--,10,5200,买盘
525,13:59:11,5.2,--,150,78000,买盘
526,13:59:05,5.2,--,5,2600,买盘
527,13:59:02,5.2,--,1,520,买盘
528,13:58:56,5.2,--,25,13000,买盘
529,13:58:44,5.2,--,16,8320,买盘
530,13:58:41,5.2,0.01,9,4680,买盘
531,13:58:29,5.19,-0.01,6,3114,卖盘
532,13:57:56,5.2,0.01,33,17160,买盘
533,13:57:50,5.19,--,6,3114,卖盘
534,13:57:44,5.19,--,2,1038,卖盘
535,13:57:29,5.19,--,232,120408,买盘
536,13:57:23,5.19,--,232,120408,卖盘
537,13:56:59,5.19,--,10,5190,卖盘
538,13:56:50,5.19,--,30,15570,卖盘
539,13:56:41,5.19,--,845,438555,买盘
540,13:56:38,5.19,0.01,7,3633,买盘
541,13:56:35,5.18,-0.01,100,51800,卖盘
542,13:56:29,5.19,--,72,37368,买盘
543,13:56:26,5.19,0.01,41,21279,买盘
544,13:56:23,5.18,-0.01,1,518,卖盘
545,13:56:02,5.19,--,98,50862,买盘
546,13:55:41,5.19,--,12,6228,买盘
547,13:55:32,5.19,0.01,249,129231,买盘
548,13:55:23,5.18,--,3,1554,卖盘
549,13:55:20,5.18,--,6,3108,卖盘
550,13:54:50,5.18,-0.01,7,3626,卖盘
551,13:54:41,5.19,--,3,1557,买盘
552,13:54:35,5.19,--,47,24393,买盘
553,13:54:29,5.19,0.01,6,3114,买盘
554,13:54:23,5.18,--,24,12432,卖盘
555,13:54:20,5.18,--,1,518,卖盘
556,13:54:14,5.18,-0.01,10,5180,卖盘
557,13:53:56,5.19,0.01,14,7266,买盘
558,13:53:35,5.18,--,1,518,卖盘
559,13:53:29,5.18,-0.01,3,1554,卖盘
560,13:53:26,5.19,--,248,128712,买盘
561,13:53:17,5.19,--,2,1038,买盘
562,13:52:59,5.19,--,5,2595,买盘
563,13:52:20,5.19,0.01,3,1557,买盘
564,13:52:17,5.18,--,100,51800,卖盘
565,13:52:14,5.18,-0.01,33,17094,卖盘
566,13:51:59,5.19,0.01,31,16089,买盘
567,13:51:47,5.18,--,173,89614,卖盘
568,13:51:38,5.18,-0.01,20,10360,卖盘
569,13:50:32,5.19,0.01,1,519,买盘
570,13:50:26,5.18,-0.01,20,10360,卖盘
571,13:50:20,5.19,0.01,18,9342,买盘
572,13:50:08,5.18,-0.01,76,39368,卖盘
573,13:50:02,5.19,0.01,413,214347,买盘
574,13:49:59,5.18,-0.01,5,2590,卖盘
575,13:49:50,5.19,0.01,171,88749,买盘
576,13:49:44,5.18,-0.01,5,2590,卖盘
577,13:49:38,5.19,0.01,45,23355,买盘
578,13:49:08,5.18,--,10,5180,卖盘
579,13:49:05,5.18,-0.01,5,2590,卖盘
580,13:49:02,5.19,--,38,19722,买盘
581,13:48:23,5.19,--,39,20241,买盘
582,13:48:14,5.19,--,63,32811,卖盘
583,13:48:11,5.19,--,200,103800,卖盘
584,13:48:02,5.19,--,93,48267,卖盘
585,13:47:59,5.19,--,11,5709,卖盘
586,13:47:56,5.19,--,30,15570,卖盘
587,13:47:47,5.19,-0.01,120,62280,卖盘
588,13:47:44,5.2,--,110,57200,买盘
589,13:47:38,5.2,0.01,20,10400,买盘
590,13:47:35,5.19,--,134,69546,卖盘
591,13:47:23,5.19,--,10,5190,卖盘
592,13:47:20,5.19,-0.01,40,20760,卖盘
593,13:47:11,5.2,0.01,100,52000,买盘
594,13:46:50,5.19,-0.01,829,430251,卖盘
595,13:46:44,5.2,0.01,1,520,买盘
596,13:46:29,5.19,-0.01,100,51900,卖盘
597,13:46:26,5.2,0.01,20,10400,买盘
598,13:46:20,5.19,--,15,7785,卖盘
599,13:46:17,5.19,--,5,2595,卖盘
600,13:46:14,5.19,--,10,5190,卖盘
601,13:46:05,5.19,--,40,20760,卖盘
602,13:45:44,5.19,--,47,24393,卖盘
603,13:45:17,5.19,--,20,10380,卖盘
604,13:44:56,5.19,--,140,72660,卖盘
605,13:44:41,5.19,--,35,18165,卖盘
606,13:44:20,5.19,--,47,24393,卖盘
607,13:44:17,5.19,--,40,20760,卖盘
608,13:44:02,5.19,--,90,46710,卖盘
609,13:43:56,5.19,-0.01,3,1557,卖盘
610,13:43:53,5.2,--,34,17680,买盘
611,13:43:47,5.2,--,10,5200,买盘
612,13:43:32,5.2,--,48,24960,买盘
613,13:43:26,5.2,0.01,1,520,买盘
614,13:43:23,5.19,--,100,51900,卖盘
615,13:42:56,5.19,--,100,51900,卖盘
616,13:42:41,5.19,-0.01,3,1557,卖盘
617,13:42:38,5.2,0.01,53,27560,买盘
618,13:42:29,5.19,--,2,1038,卖盘
619,13:42:17,5.19,--,14,7266,卖盘
620,13:42:05,5.19,--,3,1557,卖盘
621,13:41:59,5.19,--,30,15570,卖盘
622,13:41:53,5.19,--,2,1038,卖盘
623,13:41:50,5.19,--,94,49190,买盘
624,13:41:41,5.19,--,100,51900,买盘
625,13:41:38,5.19,--,4,2076,买盘
626,13:41:35,5.19,--,155,80445,买盘
627,13:41:32,5.19,--,3,1557,买盘
628,13:41:29,5.19,--,104,53976,买盘
629,13:41:26,5.19,--,50,25950,买盘
630,13:41:23,5.19,--,69,35811,买盘
631,13:41:14,5.19,--,150,77850,买盘
632,13:41:08,5.19,--,72,37368,买盘
633,13:41:05,5.19,--,12,6228,买盘
634,13:40:59,5.19,--,300,155700,买盘
635,13:40:53,5.19,--,71,36849,买盘
636,13:40:35,5.19,--,6,3114,买盘
637,13:40:23,5.19,--,70,36330,买盘
638,13:40:08,5.19,--,19,9861,买盘
639,13:40:05,5.19,0.01,22,11418,买盘
640,13:39:53,5.18,--,159,82362,卖盘
641,13:39:23,5.18,-0.01,1,518,卖盘
642,13:39:02,5.19,--,10,5190,买盘
643,13:38:59,5.19,--,45,23355,买盘
644,13:38:34,5.19,0.01,1,519,买盘
645,13:38:04,5.18,-0.01,46,23828,卖盘
646,13:37:58,5.19,0.01,20,10380,买盘
647,13:37:52,5.18,-0.01,3,1554,卖盘
648,13:37:49,5.19,--,50,25950,买盘
649,13:37:46,5.19,0.01,5,2595,买盘
650,13:37:43,5.18,-0.01,20,10360,卖盘
651,13:37:37,5.19,0.01,1,519,买盘
652,13:37:07,5.18,-0.01,35,18130,卖盘
653,13:37:04,5.19,--,34,17646,买盘
654,13:37:01,5.19,--,21,10899,买盘
655,13:36:43,5.19,--,20,10380,买盘
656,13:36:40,5.19,--,785,407529,卖盘
657,13:36:37,5.19,--,7,3633,卖盘
658,13:36:34,5.19,--,10,5190,卖盘
659,13:36:28,5.19,-0.01,58,30102,卖盘
660,13:36:22,5.2,0.01,6,3120,买盘
661,13:36:19,5.19,-0.01,168,87192,卖盘
662,13:36:07,5.2,0.01,5,2600,买盘
663,13:36:04,5.19,--,5,2595,卖盘
664,13:36:01,5.19,-0.01,10,5190,卖盘
665,13:35:58,5.2,--,5,2600,买盘
666,13:35:55,5.2,0.01,36,18720,买盘
667,13:35:52,5.19,--,40,20760,卖盘
668,13:35:49,5.19,--,15,7785,卖盘
669,13:35:34,5.19,--,26,13494,卖盘
670,13:35:31,5.19,--,34,17646,卖盘
671,13:35:28,5.19,--,37,19462,卖盘
672,13:35:25,5.19,-0.01,10,5190,卖盘
673,13:35:19,5.2,--,18,9360,买盘
674,13:35:07,5.2,0.01,46,23920,买盘
675,13:35:04,5.19,-0.01,1,519,卖盘
676,13:35:01,5.2,--,2,1040,买盘
677,13:34:55,5.2,0.01,18,9360,买盘
678,13:34:40,5.19,--,20,10380,卖盘
679,13:34:25,5.19,-0.01,5,2595,卖盘
680,13:34:22,5.2,0.01,5,2600,买盘
681,13:34:13,5.19,-0.01,5,2595,卖盘
682,13:34:10,5.2,0.01,500,260000,买盘
683,13:34:07,5.19,-0.01,100,51900,卖盘
684,13:34:01,5.2,0.01,20,10400,买盘
685,13:33:46,5.19,--,76,39444,卖盘
686,13:33:40,5.19,--,20,10380,卖盘
687,13:33:37,5.19,--,50,25950,卖盘
688,13:33:31,5.19,-0.01,10,5190,卖盘
689,13:33:28,5.2,0.01,10,5200,买盘
690,13:33:10,5.19,--,19,9861,卖盘
691,13:32:52,5.19,-0.01,5,2595,卖盘
692,13:32:49,5.2,--,70,36400,买盘
693,13:32:34,5.2,0.01,4,2080,买盘
694,13:32:31,5.19,--,3,1557,卖盘
695,13:32:28,5.19,--,56,29064,卖盘
696,13:32:25,5.19,-0.01,35,18165,卖盘
697,13:32:22,5.2,0.01,30,15600,买盘
698,13:32:19,5.19,-0.01,12,6228,卖盘
699,13:32:07,5.2,0.01,302,157040,买盘
700,13:31:55,5.19,--,10,5190,卖盘
701,13:31:52,5.19,--,218,113142,卖盘
702,13:31:49,5.19,--,30,15570,卖盘
703,13:31:46,5.19,-0.01,16,8304,卖盘
704,13:31:43,5.2,0.01,60,31200,买盘
705,13:31:34,5.19,--,65,33735,卖盘
706,13:31:22,5.19,--,50,25950,卖盘
707,13:31:16,5.19,--,10,5190,卖盘
708,13:31:10,5.19,-0.01,20,10380,卖盘
709,13:31:04,5.2,0.01,1344,698880,买盘
710,13:31:01,5.19,-0.01,57,29583,卖盘
711,13:30:58,5.2,0.01,4,2080,买盘
712,13:30:52,5.19,-0.01,100,51900,卖盘
713,13:30:49,5.2,--,30,15600,买盘
714,13:30:40,5.2,0.01,10,5200,买盘
715,13:30:34,5.19,-0.01,40,20760,卖盘
716,13:30:31,5.2,0.01,10,5200,买盘
717,13:30:22,5.19,-0.01,35,18165,卖盘
718,13:30:19,5.2,0.01,23,11960,买盘
719,13:29:46,5.19,-0.01,11,5709,卖盘
720,13:29:43,5.2,0.01,13,6760,买盘
721,13:29:34,5.19,--,50,25950,卖盘
722,13:29:31,5.19,--,3,1557,卖盘
723,13:29:25,5.19,--,15,7785,卖盘
724,13:29:22,5.19,--,7,3633,卖盘
725,13:28:58,5.19,--,6,3259,买盘
726,13:28:55,5.19,--,64,33216,买盘
727,13:28:52,5.19,--,220,114180,买盘
728,13:28:46,5.19,--,218,113142,买盘
729,13:28:37,5.19,--,190,98610,买盘
730,13:28:34,5.19,--,1,519,买盘
731,13:28:31,5.19,--,700,363300,买盘
732,13:28:28,5.19,0.01,94,48786,买盘
733,13:28:22,5.18,--,70,36260,卖盘
734,13:28:19,5.18,-0.01,10,5180,卖盘
735,13:28:16,5.19,0.01,40,20760,买盘
736,13:28:13,5.18,-0.01,108,55944,卖盘
737,13:28:10,5.19,--,120,62280,买盘
738,13:28:07,5.19,--,267,138573,买盘
739,13:28:04,5.19,0.01,429,222651,买盘
740,13:27:58,5.18,--,127,66252,买盘
741,13:27:55,5.18,--,1,518,买盘
742,13:27:52,5.18,--,315,163170,买盘
743,13:27:49,5.18,--,53,27454,买盘
744,13:27:46,5.18,--,217,112406,买盘
745,13:27:34,5.18,--,4,2072,买盘
746,13:27:31,5.18,--,40,20720,买盘
747,13:27:28,5.18,--,200,103600,买盘
748,13:27:13,5.18,--,36,18648,买盘
749,13:27:10,5.18,--,5,2590,买盘
750,13:27:04,5.18,--,13,6734,买盘
751,13:27:01,5.18,0.01,100,51800,买盘
752,13:26:28,5.17,--,5,2585,卖盘
753,13:26:19,5.17,--,10,5170,卖盘
754,13:26:10,5.17,-0.01,50,25850,卖盘
755,13:25:58,5.18,--,20,10360,买盘
756,13:25:52,5.18,0.01,200,103600,买盘
757,13:25:46,5.17,--,10,5170,卖盘
758,13:25:16,5.17,-0.01,98,50666,卖盘
759,13:25:01,5.18,0.01,20,10360,买盘
760,13:24:58,5.17,-0.01,15,7755,卖盘
761,13:24:46,5.18,0.01,400,207200,买盘
762,13:24:34,5.17,-0.01,29,14993,卖盘
763,13:24:28,5.18,--,117,60606,买盘
764,13:24:22,5.18,0.01,10,5180,买盘
765,13:24:04,5.17,--,9,4653,卖盘
766,13:24:01,5.17,-0.01,29,14993,卖盘
767,13:23:52,5.18,--,20,10360,买盘
768,13:23:49,5.18,--,30,15540,买盘
769,13:23:31,5.18,0.01,111,57498,买盘
770,13:23:25,5.17,-0.01,75,38775,卖盘
771,13:23:13,5.18,--,1,518,买盘
772,13:23:04,5.18,0.01,2,1036,买盘
773,13:22:49,5.17,-0.01,50,25850,卖盘
774,13:22:43,5.18,--,16,8288,买盘
775,13:22:34,5.18,0.01,12,6216,买盘
776,13:22:22,5.17,--,45,23265,卖盘
777,13:22:13,5.17,-0.01,2,1034,卖盘
778,13:21:55,5.18,--,43,22274,买盘
779,13:21:52,5.18,--,100,51800,买盘
780,13:21:49,5.18,--,3,1554,买盘
781,13:21:46,5.18,--,5,2590,买盘
782,13:21:37,5.18,--,42,21756,买盘
783,13:21:34,5.18,0.01,3,1554,买盘
784,13:21:22,5.17,-0.01,10,5170,卖盘
785,13:21:13,5.18,--,23,11914,买盘
786,13:21:07,5.18,0.01,1,518,买盘
787,13:21:04,5.17,-0.01,32,16544,卖盘
788,13:20:40,5.18,--,5,2590,买盘
789,13:19:46,5.18,0.01,64,33152,买盘
790,13:19:43,5.17,--,2,1034,卖盘
791,13:19:22,5.17,-0.01,50,25850,卖盘
792,13:19:16,5.18,--,32,16576,买盘
793,13:19:13,5.18,--,24,12432,买盘
794,13:19:04,5.18,--,104,53872,买盘
795,13:19:01,5.18,--,16,8288,买盘
796,13:18:37,5.18,--,10,5180,买盘
797,13:18:21,5.18,--,8,4144,买盘
798,13:18:12,5.18,--,20,10360,买盘
799,13:18:09,5.18,--,10,5180,买盘
800,13:18:06,5.18,0.01,54,27972,买盘
801,13:18:03,5.17,-0.01,10,5170,卖盘
802,13:18:00,5.18,--,3,1554,买盘
803,13:17:57,5.18,--,72,37296,买盘
804,13:17:48,5.18,--,906,469308,买盘
805,13:17:36,5.18,0.01,3,1554,买盘
806,13:17:12,5.17,--,3,1551,卖盘
807,13:16:51,5.17,--,36,18612,卖盘
808,13:16:39,5.17,--,20,10340,卖盘
809,13:16:36,5.17,-0.01,21,10857,卖盘
810,13:16:30,5.18,--,2,1036,买盘
811,13:16:24,5.18,--,1,518,买盘
812,13:16:18,5.18,0.01,24,12432,买盘
813,13:16:06,5.17,-0.01,22,11374,卖盘
814,13:16:03,5.18,--,10,5180,买盘
815,13:15:54,5.18,0.01,10,5180,买盘
816,13:15:51,5.17,--,5,2585,卖盘
817,13:15:36,5.17,-0.01,23,11891,卖盘
818,13:15:30,5.18,0.01,30,15540,买盘
819,13:15:27,5.17,-0.01,125,64625,卖盘
820,13:15:24,5.18,--,336,174048,买盘
821,13:15:21,5.18,--,3,1554,买盘
822,13:15:12,5.18,--,22,11396,买盘
823,13:14:54,5.18,--,1,518,买盘
824,13:14:03,5.18,0.01,10,5180,买盘
825,13:13:54,5.17,--,12,6204,卖盘
826,13:13:36,5.17,-0.01,20,10340,卖盘
827,13:13:30,5.18,--,8,4144,买盘
828,13:13:18,5.18,0.01,2,1036,买盘
829,13:13:12,5.17,-0.01,155,80135,卖盘
830,13:12:57,5.18,--,150,77700,买盘
831,13:12:54,5.18,--,23,11914,买盘
832,13:12:36,5.18,0.01,2,1036,买盘
833,13:12:30,5.17,--,32,16544,卖盘
834,13:12:24,5.17,-0.01,41,21197,卖盘
835,13:12:15,5.18,0.01,2,1036,买盘
836,13:11:57,5.17,--,55,28435,卖盘
837,13:11:48,5.17,--,20,10340,卖盘
838,13:11:36,5.17,-0.01,33,17061,卖盘
839,13:11:33,5.18,--,1,518,买盘
840,13:11:30,5.18,0.01,6,3108,买盘
841,13:11:21,5.17,-0.01,100,51700,卖盘
842,13:11:06,5.18,0.01,50,25900,买盘
843,13:10:36,5.17,--,20,10340,卖盘
844,13:10:33,5.17,--,2,1034,卖盘
845,13:10:24,5.17,--,15,7755,卖盘
846,13:10:18,5.17,--,34,17578,卖盘
847,13:10:12,5.17,--,8,4136,卖盘
848,13:09:57,5.17,-0.01,1,517,卖盘
849,13:09:39,5.18,0.01,10,5180,买盘
850,13:09:30,5.17,-0.01,10,5170,卖盘
851,13:09:18,5.18,--,10,5180,买盘
852,13:09:15,5.18,--,18,9324,买盘
853,13:08:45,5.18,--,100,51800,买盘
854,13:08:24,5.18,--,12,6216,买盘
855,13:08:21,5.18,--,22,11396,买盘
856,13:08:00,5.18,0.01,1,518,买盘
857,13:07:45,5.17,--,5,2585,卖盘
858,13:07:42,5.17,--,1,517,卖盘
859,13:07:39,5.17,-0.01,1,517,卖盘
860,13:07:36,5.18,0.01,1,518,买盘
861,13:07:30,5.17,--,5,2585,卖盘
862,13:07:12,5.17,--,10,5170,卖盘
863,13:07:00,5.17,-0.01,5,2585,卖盘
864,13:06:18,5.18,--,46,23828,买盘
865,13:06:12,5.18,--,3,1554,买盘
866,13:06:09,5.18,0.01,23,11914,买盘
867,13:06:06,5.17,--,9,4653,卖盘
868,13:05:09,5.17,--,1,517,卖盘
869,13:05:06,5.17,-0.01,60,31020,卖盘
870,13:05:03,5.18,0.01,10,5180,买盘
871,13:05:00,5.17,--,40,20680,卖盘
872,13:04:27,5.17,-0.01,52,26884,卖盘
873,13:04:15,5.18,--,129,66822,买盘
874,13:03:57,5.18,0.01,50,25900,买盘
875,13:03:51,5.17,--,35,18095,卖盘
876,13:03:45,5.17,--,4,2068,卖盘
877,13:03:39,5.17,-0.01,40,20680,卖盘
878,13:03:33,5.18,0.01,557,288526,买盘
879,13:03:18,5.17,--,37,19129,卖盘
880,13:03:03,5.17,--,26,13442,卖盘
881,13:02:39,5.17,--,294,151998,买盘
882,13:02:33,5.17,--,101,52217,买盘
883,13:02:27,5.17,--,20,10340,买盘
884,13:02:21,5.17,--,100,51700,买盘
885,13:02:09,5.17,0.01,100,51700,买盘
886,13:01:57,5.16,-0.01,4,2064,卖盘
887,13:01:51,5.17,--,10,5170,买盘
888,13:01:42,5.17,--,50,25850,买盘
889,13:01:23,5.17,--,3,1551,买盘
890,13:01:08,5.17,0.01,10,5170,买盘
891,13:00:53,5.16,-0.01,1,516,卖盘
892,13:00:44,5.17,--,2,1034,买盘
893,13:00:41,5.17,0.01,3,1551,买盘
894,13:00:35,5.16,--,46,23736,卖盘
895,13:00:05,5.16,-0.01,10,5160,卖盘
896,13:00:02,5.17,0.01,440,227480,买盘
897,11:29:42,5.16,-0.01,46,23736,卖盘
898,11:29:39,5.17,0.01,2,1034,买盘
899,11:29:36,5.16,-0.01,51,26316,卖盘
900,11:29:33,5.17,0.01,2,1034,买盘
901,11:29:18,5.16,-0.01,13,6708,卖盘
902,11:29:03,5.17,--,110,56870,买盘
903,11:29:00,5.17,--,5,2585,买盘
904,11:28:54,5.17,0.01,149,77033,买盘
905,11:28:39,5.16,--,213,109908,卖盘
906,11:28:09,5.16,-0.01,10,5160,卖盘
907,11:27:51,5.17,--,32,16544,买盘
908,11:27:36,5.17,--,50,25850,买盘
909,11:27:33,5.17,0.01,2,1034,买盘
910,11:27:18,5.16,--,30,15480,卖盘
911,11:27:06,5.16,-0.01,10,5160,卖盘
912,11:27:00,5.17,--,18,9306,买盘
913,11:26:57,5.17,--,13,6721,买盘
914,11:26:51,5.17,0.01,80,41360,买盘
915,11:26:36,5.16,--,21,10836,卖盘
916,11:26:27,5.16,--,100,51600,卖盘
917,11:26:24,5.16,--,5,2580,卖盘
918,11:26:21,5.16,--,3,1548,卖盘
919,11:26:12,5.16,--,78,40248,买盘
920,11:26:00,5.16,--,50,25800,买盘
921,11:25:57,5.16,--,112,57792,买盘
922,11:25:54,5.16,--,46,23736,买盘
923,11:25:51,5.16,--,3,1548,买盘
924,11:25:48,5.16,--,84,43344,买盘
925,11:25:45,5.16,--,21,10836,买盘
926,11:25:39,5.16,--,5,2580,买盘
927,11:25:36,5.16,--,50,25800,买盘
928,11:25:33,5.16,--,78,40248,买盘
929,11:25:30,5.16,--,100,51600,买盘
930,11:25:24,5.16,--,2,1032,买盘
931,11:25:18,5.16,0.01,28,14448,买盘
932,11:25:09,5.15,-0.01,8,4120,卖盘
933,11:25:03,5.16,--,1,516,买盘
934,11:25:00,5.16,--,50,25800,买盘
935,11:24:30,5.16,0.01,10,5160,买盘
936,11:24:27,5.15,-0.01,200,103000,卖盘
937,11:24:18,5.16,--,201,103716,买盘
938,11:24:12,5.16,--,10,5160,买盘
939,11:24:09,5.16,0.01,20,10320,买盘
940,11:24:03,5.15,-0.01,569,293035,卖盘
941,11:24:00,5.16,--,26,13416,买盘
942,11:23:57,5.16,0.01,100,51600,买盘
943,11:23:54,5.15,-0.01,311,160165,卖盘
944,11:23:51,5.16,0.01,503,259548,买盘
945,11:23:21,5.15,--,100,51500,卖盘
946,11:23:12,5.15,-0.01,17,8755,卖盘
947,11:23:03,5.16,--,38,19608,买盘
948,11:22:48,5.16,--,30,15480,买盘
949,11:22:42,5.16,--,50,25800,买盘
950,11:22:33,5.16,0.01,105,54180,买盘
951,11:22:30,5.15,-0.01,121,62315,卖盘
952,11:22:15,5.16,--,207,106812,卖盘
953,11:22:09,5.16,--,20,10320,卖盘
954,11:21:57,5.16,--,200,103200,卖盘
955,11:21:33,5.16,--,500,258000,卖盘
956,11:21:18,5.16,-0.01,23,11868,卖盘
957,11:20:42,5.17,0.01,7,3619,买盘
958,11:20:36,5.16,--,500,258000,卖盘
959,11:20:33,5.16,--,10,5160,卖盘
960,11:20:00,5.16,--,20,10320,卖盘
961,11:19:39,5.16,--,15,7740,卖盘
962,11:19:36,5.16,-0.01,150,77400,卖盘
963,11:19:33,5.17,0.01,21,10857,买盘
964,11:19:21,5.16,--,41,21156,买盘
965,11:19:03,5.16,-0.01,184,94944,卖盘
966,11:19:00,5.17,0.01,5,2585,买盘
967,11:18:54,5.16,0.01,7,3612,买盘
968,11:18:51,5.15,-0.01,102,52530,卖盘
969,11:18:48,5.16,--,21,10836,买盘
970,11:18:42,5.16,--,80,41280,买盘
971,11:18:39,5.16,--,30,15480,买盘
972,11:18:27,5.16,0.01,50,25800,中性盘
973,11:18:21,5.15,-0.01,300,154500,卖盘
974,11:18:18,5.16,--,10,5160,卖盘
975,11:18:12,5.16,--,13,6708,买盘
976,11:18:09,5.16,--,87,44892,卖盘
977,11:18:06,5.16,--,20,10320,卖盘
978,11:18:00,5.16,--,10,5160,卖盘
979,11:17:54,5.16,--,45,23220,卖盘
980,11:17:51,5.16,--,4,2064,卖盘
981,11:17:48,5.16,--,30,15480,卖盘
982,11:17:45,5.16,--,9,4644,卖盘
983,11:17:42,5.16,--,20,10320,卖盘
984,11:17:39,5.16,--,66,34056,卖盘
985,11:17:36,5.16,-0.01,195,100620,卖盘
986,11:17:30,5.17,0.01,12,6204,买盘
987,11:17:27,5.16,--,520,268320,卖盘
988,11:17:24,5.16,--,30,15480,卖盘
989,11:17:18,5.16,--,510,263160,卖盘
990,11:17:06,5.16,--,4,2064,卖盘
991,11:17:00,5.16,--,10,5160,卖盘
992,11:16:45,5.16,--,30,15480,卖盘
993,11:16:33,5.16,-0.01,538,277608,卖盘
994,11:16:30,5.17,--,1629,842622,卖盘
995,11:16:27,5.17,--,57,29469,卖盘
996,11:16:24,5.17,--,10,5170,卖盘
997,11:16:21,5.17,-0.01,16,8272,卖盘
998,11:16:18,5.18,0.01,20,10360,买盘
999,11:16:15,5.17,--,200,103400,卖盘
1000,11:16:12,5.17,--,78,40326,卖盘
1001,11:16:09,5.17,--,130,67210,卖盘
1002,11:16:03,5.17,--,139,71863,卖盘
1003,11:15:54,5.17,--,457,236615,卖盘
1004,11:15:48,5.17,--,3,1551,卖盘
1005,11:15:42,5.17,--,4,2068,卖盘
1006,11:15:39,5.17,--,32,16544,卖盘
1007,11:15:36,5.17,--,41,21197,卖盘
1008,11:15:30,5.17,--,60,31020,卖盘
1009,11:15:12,5.17,-0.01,10,5170,卖盘
1010,11:15:09,5.18,0.01,43,22274,买盘
1011,11:15:03,5.17,--,5,2585,卖盘
1012,11:15:00,5.17,-0.01,2,1034,卖盘
1013,11:14:54,5.18,-0.01,3,1554,中性盘
1014,11:14:51,5.19,0.01,1025,531975,买盘
1015,11:14:45,5.18,--,150,77700,买盘
1016,11:14:33,5.18,--,13,6734,买盘
1017,11:14:09,5.18,--,41,21414,卖盘
1018,11:13:18,5.18,--,65,33670,卖盘
1019,11:13:15,5.18,--,30,15540,卖盘
1020,11:13:09,5.18,--,4,2072,卖盘
1021,11:13:03,5.18,--,10,5180,卖盘
1022,11:12:30,5.18,--,14,7252,卖盘
1023,11:12:05,5.18,--,40,20720,卖盘
1024,11:11:44,5.18,--,20,10360,卖盘
1025,11:11:41,5.18,0.01,30,15881,买盘
1026,11:11:05,5.17,-0.01,51,26367,卖盘
1027,11:10:59,5.18,--,69,35918,卖盘
1028,11:10:53,5.18,--,10,5180,卖盘
1029,11:10:50,5.18,--,2,1377,买盘
1030,11:10:47,5.18,-0.01,97,50422,卖盘
1031,11:10:41,5.19,0.01,63,32697,买盘
1032,11:10:35,5.18,--,3,1554,卖盘
1033,11:10:20,5.18,--,225,116550,卖盘
1034,11:10:14,5.18,--,4,2072,卖盘
1035,11:09:59,5.18,-0.01,8,4144,卖盘
1036,11:09:56,5.19,0.01,20,10380,买盘
1037,11:09:50,5.18,--,27,13986,卖盘
1038,11:08:50,5.18,-0.01,479,248122,卖盘
1039,11:08:32,5.19,0.01,53,27507,买盘
1040,11:08:26,5.18,--,10,5180,卖盘
1041,11:08:23,5.18,--,13,6734,卖盘
1042,11:08:08,5.18,--,5,2590,卖盘
1043,11:07:53,5.18,--,54,28313,卖盘
1044,11:07:44,5.18,--,20,10360,卖盘
1045,11:07:41,5.18,--,30,15540,卖盘
1046,11:07:35,5.18,--,10,5180,卖盘
1047,11:07:32,5.18,--,6,3108,卖盘
1048,11:07:17,5.18,--,44,22792,买盘
1049,11:07:11,5.18,--,100,51800,买盘
1050,11:07:08,5.18,--,26,13468,卖盘
1051,11:06:59,5.18,--,6,3108,卖盘
1052,11:06:56,5.18,--,80,41440,卖盘
1053,11:06:53,5.18,--,83,42994,买盘
1054,11:06:41,5.18,--,641,332038,买盘
1055,11:06:29,5.18,0.01,90,46620,买盘
1056,11:06:20,5.17,-0.01,4,2068,卖盘
1057,11:06:14,5.18,0.01,402,208236,买盘
1058,11:06:05,5.17,-0.01,212,109604,卖盘
1059,11:06:02,5.18,0.01,84,43512,买盘
1060,11:05:59,5.17,--,10,5170,卖盘
1061,11:05:53,5.17,--,2,1034,卖盘
1062,11:05:44,5.17,-0.01,37,19129,卖盘
1063,11:05:41,5.18,0.01,23,11914,买盘
1064,11:05:35,5.17,--,20,10340,卖盘
1065,11:05:26,5.17,-0.01,59,30503,卖盘
1066,11:04:53,5.18,--,13,6734,卖盘
1067,11:04:47,5.18,--,400,207200,卖盘
1068,11:04:44,5.18,--,481,249158,卖盘
1069,11:04:41,5.18,--,47,24346,卖盘
1070,11:04:38,5.18,-0.01,29,15022,卖盘
1071,11:04:35,5.19,0.01,1,519,买盘
1072,11:04:29,5.18,--,514,266252,卖盘
1073,11:04:23,5.18,--,10,5180,卖盘
1074,11:04:11,5.18,--,34,17612,卖盘
1075,11:03:59,5.18,--,80,41440,卖盘
1076,11:03:56,5.18,--,50,25900,卖盘
1077,11:03:50,5.18,--,20,10360,卖盘
1078,11:03:35,5.18,-0.01,100,51800,卖盘
1079,11:03:08,5.19,0.01,10,5190,买盘
1080,11:03:05,5.18,-0.01,10,5180,卖盘
1081,11:02:53,5.19,--,100,51900,买盘
1082,11:02:50,5.19,0.01,7,3633,买盘
1083,11:02:44,5.18,--,74,38332,卖盘
1084,11:02:38,5.18,--,19,9842,卖盘
1085,11:02:29,5.18,--,1,518,卖盘
1086,11:02:23,5.18,-0.01,3,1554,卖盘
1087,11:02:14,5.19,0.01,200,103800,买盘
1088,11:02:08,5.18,--,101,52318,卖盘
1089,11:01:56,5.18,-0.01,10,5180,卖盘
1090,11:01:50,5.19,--,100,51900,买盘
1091,11:01:41,5.19,--,58,30102,买盘
1092,11:01:29,5.19,0.01,720,373680,买盘
1093,11:01:26,5.18,--,6,3108,卖盘
1094,11:01:20,5.18,-0.01,500,259000,卖盘
1095,11:01:17,5.19,0.01,41,21279,买盘
1096,11:01:11,5.18,-0.01,310,160580,卖盘
1097,11:01:05,5.19,--,5,2595,买盘
1098,11:00:47,5.19,--,20,10380,买盘
1099,11:00:38,5.19,--,250,129750,买盘
1100,11:00:26,5.19,--,20,10380,买盘
1101,11:00:08,5.19,--,10,5190,买盘
1102,11:00:05,5.19,--,18,9342,买盘
1103,11:00:02,5.19,--,250,129750,买盘
1104,10:59:59,5.19,--,79,41001,买盘
1105,10:59:56,5.19,--,20,10380,买盘
1106,10:59:44,5.19,0.01,23,11937,买盘
1107,10:59:41,5.18,--,10,5180,卖盘
1108,10:59:26,5.18,--,14,7252,卖盘
1109,10:59:23,5.18,-0.01,40,20720,卖盘
1110,10:59:14,5.19,--,44,22836,买盘
1111,10:58:56,5.19,0.01,55,28545,买盘
1112,10:58:50,5.18,--,6,3108,卖盘
1113,10:58:47,5.18,--,40,20720,卖盘
1114,10:58:32,5.18,--,71,36778,卖盘
1115,10:58:26,5.18,--,10,5180,卖盘
1116,10:58:23,5.18,--,5,2590,卖盘
1117,10:58:20,5.18,-0.01,50,25900,卖盘
1118,10:58:17,5.19,0.01,18,9342,买盘
1119,10:58:14,5.18,--,47,24605,卖盘
1120,10:58:11,5.18,--,100,51800,卖盘
1121,10:58:05,5.18,--,38,19684,卖盘
1122,10:57:56,5.18,-0.01,63,32634,卖盘
1123,10:57:53,5.19,0.01,87,45153,买盘
1124,10:57:47,5.18,-0.01,106,54908,卖盘
1125,10:57:41,5.19,0.01,78,40482,买盘
1126,10:57:32,5.18,-0.01,1000,518000,卖盘
1127,10:57:20,5.19,0.01,88,45672,买盘
1128,10:57:17,5.18,--,480,248640,卖盘
1129,10:57:08,5.18,--,29,15022,卖盘
1130,10:57:02,5.18,--,7,3626,卖盘
1131,10:56:56,5.18,-0.01,171,88578,卖盘
1132,10:56:47,5.19,0.01,176,91344,买盘
1133,10:56:35,5.18,--,15,7770,卖盘
1134,10:56:29,5.18,--,373,193214,卖盘
1135,10:56:26,5.18,--,7,3626,卖盘
1136,10:56:14,5.18,-0.01,1,518,卖盘
1137,10:56:11,5.19,0.01,131,67989,买盘
1138,10:56:08,5.18,--,238,123284,卖盘
1139,10:56:02,5.18,--,20,10360,卖盘
1140,10:55:56,5.18,--,500,259000,卖盘
1141,10:55:44,5.18,--,1,518,卖盘
1142,10:55:38,5.18,-0.01,4,2072,卖盘
1143,10:55:05,5.19,0.01,11,5709,买盘
1144,10:54:59,5.18,--,12,6216,卖盘
1145,10:54:56,5.18,-0.01,2,1036,卖盘
1146,10:54:38,5.19,0.01,150,77850,买盘
1147,10:54:35,5.18,--,110,56980,卖盘
1148,10:54:32,5.18,-0.01,121,62678,卖盘
1149,10:54:29,5.19,0.01,30,15570,买盘
1150,10:54:26,5.18,-0.01,16,8288,卖盘
1151,10:54:23,5.19,0.01,825,428175,买盘
1152,10:54:20,5.18,--,3,1554,卖盘
1153,10:54:17,5.18,--,125,64750,卖盘
1154,10:54:11,5.18,--,175,90650,卖盘
1155,10:53:59,5.18,--,50,25900,卖盘
1156,10:53:56,5.18,--,52,26936,卖盘
1157,10:53:50,5.18,--,5,2590,卖盘
1158,10:53:47,5.18,--,20,10360,卖盘
1159,10:53:44,5.18,--,8,4144,卖盘
1160,10:53:41,5.18,--,1,518,卖盘
1161,10:53:38,5.18,--,739,382802,卖盘
1162,10:53:32,5.18,--,16,8288,卖盘
1163,10:53:29,5.18,--,40,20720,卖盘
1164,10:53:14,5.18,-0.01,110,56980,卖盘
1165,10:52:58,5.19,--,1,519,买盘
1166,10:52:46,5.19,--,6,3114,买盘
1167,10:52:40,5.19,--,10,5190,买盘
1168,10:52:34,5.19,0.01,10,5190,买盘
1169,10:52:22,5.18,-0.01,1,518,卖盘
1170,10:52:13,5.19,0.01,20,10380,买盘
1171,10:52:10,5.18,-0.01,10,5180,卖盘
1172,10:51:49,5.19,--,1,519,买盘
1173,10:51:46,5.19,--,100,51900,买盘
1174,10:51:37,5.19,0.01,10,5190,买盘
1175,10:51:31,5.18,--,15,7770,卖盘
1176,10:51:25,5.18,-0.01,5,2590,卖盘
1177,10:51:19,5.19,0.01,1,519,买盘
1178,10:51:13,5.18,-0.01,6,3108,卖盘
1179,10:51:04,5.19,0.01,200,103800,买盘
1180,10:50:46,5.18,--,10,5180,卖盘
1181,10:50:34,5.18,--,0,264,卖盘
1182,10:50:22,5.18,--,5,2590,卖盘
1183,10:50:13,5.18,-0.01,50,25900,卖盘
1184,10:50:01,5.19,0.01,200,103800,买盘
1185,10:49:52,5.18,-0.01,550,284900,卖盘
1186,10:49:43,5.19,0.01,120,62280,买盘
1187,10:49:34,5.18,--,4,2072,卖盘
1188,10:49:28,5.18,--,2,1036,卖盘
1189,10:49:16,5.18,-0.01,3,1554,卖盘
1190,10:49:01,5.19,0.01,30,15570,买盘
1191,10:48:58,5.18,-0.01,10,5180,卖盘
1192,10:48:55,5.19,--,131,67989,买盘
1193,10:48:25,5.19,--,300,155700,买盘
1194,10:48:22,5.19,--,3,1557,买盘
1195,10:48:01,5.19,--,5,2595,买盘
1196,10:47:58,5.19,--,96,49824,买盘
1197,10:47:43,5.19,--,12,6228,买盘
1198,10:47:25,5.19,--,2,1038,买盘
1199,10:46:58,5.19,--,11,5709,买盘
1200,10:46:22,5.19,0.01,127,65913,买盘
1201,10:45:28,5.18,--,7,3626,卖盘
1202,10:44:58,5.18,--,15,7770,卖盘
1203,10:44:55,5.18,--,22,11396,卖盘
1204,10:44:49,5.18,--,177,91686,买盘
1205,10:44:46,5.18,0.01,28,14504,买盘
1206,10:44:28,5.17,--,14,7238,卖盘
1207,10:44:22,5.17,--,860,444620,卖盘
1208,10:44:13,5.17,--,2,1034,卖盘
1209,10:44:04,5.17,--,5,2585,卖盘
1210,10:43:19,5.17,--,20,10340,卖盘
1211,10:43:10,5.17,-0.01,2,1034,卖盘
1212,10:43:01,5.18,0.01,21,10878,买盘
1213,10:42:52,5.17,--,30,15510,卖盘
1214,10:42:49,5.17,-0.01,2,1034,卖盘
1215,10:42:46,5.18,0.01,5,2590,买盘
1216,10:42:43,5.17,--,1,517,卖盘
1217,10:42:25,5.17,--,20,10340,卖盘
1218,10:42:16,5.17,-0.01,10,5170,卖盘
1219,10:42:13,5.18,--,35,18130,买盘
1220,10:41:55,5.18,0.01,198,102564,买盘
1221,10:41:43,5.17,-0.01,1,517,卖盘
1222,10:41:37,5.18,0.01,12,6216,买盘
1223,10:41:31,5.17,-0.01,20,10340,卖盘
1224,10:41:25,5.18,--,6,3108,买盘
1225,10:41:22,5.18,--,14,7252,卖盘
1226,10:41:19,5.18,--,16,8288,买盘
1227,10:41:16,5.18,0.01,1,518,买盘
1228,10:41:10,5.17,-0.01,22,11374,卖盘
1229,10:41:04,5.18,--,50,25900,卖盘
1230,10:41:01,5.18,-0.01,465,240870,卖盘
1231,10:40:58,5.19,0.01,5,2595,买盘
1232,10:40:55,5.18,--,70,36260,卖盘
1233,10:40:52,5.18,--,263,136234,卖盘
1234,10:40:49,5.18,--,300,155400,卖盘
1235,10:40:37,5.18,--,10,5180,卖盘
1236,10:40:34,5.18,--,200,103600,卖盘
1237,10:40:07,5.18,-0.01,103,53354,卖盘
1238,10:40:01,5.19,0.01,1,519,买盘
1239,10:39:58,5.18,--,61,31598,卖盘
1240,10:39:40,5.18,--,15,7770,卖盘
1241,10:39:19,5.18,--,4,2072,卖盘
1242,10:39:13,5.18,-0.01,117,60606,卖盘
1243,10:39:01,5.19,0.01,3,1557,买盘
1244,10:38:46,5.18,--,30,15540,卖盘
1245,10:38:34,5.18,-0.01,20,10360,卖盘
1246,10:38:31,5.19,0.01,10,5190,买盘
1247,10:38:25,5.18,-0.01,1,518,卖盘
1248,10:38:22,5.19,0.01,60,31140,买盘
1249,10:38:19,5.18,-0.01,10,5180,卖盘
1250,10:38:16,5.19,--,14,7266,买盘
1251,10:38:10,5.19,0.01,20,10380,买盘
1252,10:37:58,5.18,-0.01,7,3626,卖盘
1253,10:37:55,5.19,--,60,31140,买盘
1254,10:37:49,5.19,--,7,3633,买盘
1255,10:37:28,5.19,--,133,69027,买盘
1256,10:37:01,5.19,0.01,10,5190,买盘
1257,10:36:58,5.18,--,14,7252,卖盘
1258,10:36:52,5.18,-0.01,14,7252,卖盘
1259,10:36:46,5.19,--,13,6747,买盘
1260,10:36:43,5.19,--,5,2595,买盘
1261,10:36:40,5.19,0.01,17,8823,买盘
1262,10:36:37,5.18,--,10,5180,卖盘
1263,10:36:34,5.18,-0.01,1,518,卖盘
1264,10:36:28,5.19,0.01,1,519,买盘
1265,10:36:22,5.18,-0.01,27,13986,卖盘
1266,10:35:55,5.19,--,3,1557,买盘
1267,10:35:34,5.19,--,2,1038,买盘
1268,10:35:13,5.19,--,2,1038,买盘
1269,10:35:07,5.19,--,50,25950,买盘
1270,10:34:46,5.19,--,41,21279,买盘
1271,10:34:40,5.19,--,3,1557,卖盘
1272,10:34:34,5.19,--,13,6747,买盘
1273,10:34:31,5.19,--,10,5190,买盘
1274,10:34:28,5.19,-0.01,391,202929,卖盘
1275,10:34:16,5.2,0.01,31,16120,买盘
1276,10:34:04,5.19,-0.01,6,3114,卖盘
1277,10:34:01,5.2,--,10,5200,买盘
1278,10:33:54,5.2,0.01,3,1560,买盘
1279,10:33:51,5.19,--,40,20760,卖盘
1280,10:33:45,5.19,--,1,519,卖盘
1281,10:33:39,5.19,--,50,25950,卖盘
1282,10:33:24,5.19,-0.01,10,5190,卖盘
1283,10:33:18,5.2,--,3,1560,买盘
1284,10:33:12,5.2,--,7,3640,买盘
1285,10:33:09,5.2,0.01,9,4680,买盘
1286,10:33:03,5.19,--,145,75255,卖盘
1287,10:33:00,5.19,--,40,20760,卖盘
1288,10:32:54,5.19,--,34,17646,卖盘
1289,10:32:48,5.19,--,98,50862,买盘
1290,10:32:45,5.19,--,10,5190,买盘
1291,10:32:39,5.19,--,80,41520,买盘
1292,10:32:36,5.19,--,6,3114,买盘
1293,10:32:33,5.19,--,32,16608,买盘
1294,10:32:30,5.19,--,50,25950,买盘
1295,10:32:18,5.19,--,40,20760,买盘
1296,10:32:12,5.19,0.01,100,51900,买盘
1297,10:32:00,5.18,-0.01,6,3108,卖盘
1298,10:31:48,5.19,0.01,200,103800,买盘
1299,10:31:45,5.18,--,1,518,卖盘
1300,10:31:33,5.18,-0.01,11,5698,卖盘
1301,10:31:27,5.19,0.01,7,3633,买盘
1302,10:31:24,5.18,--,13,6734,卖盘
1303,10:31:06,5.18,-0.01,20,10360,卖盘
1304,10:31:03,5.19,--,1,519,买盘
1305,10:31:00,5.19,--,121,62799,买盘
1306,10:30:57,5.19,--,5,2595,买盘
1307,10:30:48,5.19,--,78,40482,买盘
1308,10:30:45,5.19,--,225,116775,卖盘
1309,10:30:42,5.19,--,9,4671,卖盘
1310,10:30:36,5.19,--,13,6747,卖盘
1311,10:30:33,5.19,--,64,33216,买盘
1312,10:30:30,5.19,--,9,4671,买盘
1313,10:30:21,5.19,--,20,10380,买盘
1314,10:30:15,5.19,--,11,5709,买盘
1315,10:30:09,5.19,0.01,26,13494,中性盘
1316,10:30:00,5.18,--,45,23310,卖盘
1317,10:29:42,5.18,-0.01,20,10360,卖盘
1318,10:29:39,5.19,--,20,10380,买盘
1319,10:29:33,5.19,--,99,51381,买盘
1320,10:29:27,5.19,--,500,259500,买盘
1321,10:29:24,5.19,--,35,18165,买盘
1322,10:29:21,5.19,--,13,6747,买盘
1323,10:29:09,5.19,--,28,14532,买盘
1324,10:29:03,5.19,--,36,18684,买盘
1325,10:28:48,5.19,--,39,20241,买盘
1326,10:28:36,5.19,--,12,6228,买盘
1327,10:28:33,5.19,--,1,519,买盘
1328,10:28:27,5.19,--,156,80964,买盘
1329,10:28:15,5.19,--,62,32178,买盘
1330,10:28:09,5.19,--,17,8823,买盘
1331,10:28:06,5.19,--,5,2595,买盘
1332,10:28:00,5.19,--,30,15570,买盘
1333,10:27:45,5.19,--,59,30621,买盘
1334,10:27:27,5.19,0.01,47,24393,买盘
1335,10:27:18,5.18,-0.01,1,518,卖盘
1336,10:27:15,5.19,--,20,10380,买盘
1337,10:27:06,5.19,--,21,10899,买盘
1338,10:26:33,5.19,0.01,181,93939,买盘
1339,10:26:09,5.18,--,38,19684,卖盘
1340,10:25:48,5.18,--,1,518,卖盘
1341,10:25:42,5.18,--,2,1036,卖盘
1342,10:25:39,5.18,-0.01,1,518,卖盘
1343,10:25:36,5.19,0.01,2,1038,买盘
1344,10:25:12,5.18,--,17,8806,卖盘
1345,10:25:03,5.18,-0.01,14,7252,卖盘
1346,10:25:00,5.19,0.01,14,7266,买盘
1347,10:24:51,5.18,--,20,10360,卖盘
1348,10:24:45,5.18,-0.01,298,154364,卖盘
1349,10:24:39,5.19,--,6,3114,买盘
1350,10:24:27,5.19,--,100,51900,买盘
1351,10:24:12,5.19,--,12,6228,买盘
1352,10:24:00,5.19,0.01,149,77331,买盘
1353,10:23:39,5.18,-0.01,971,502978,卖盘
1354,10:23:24,5.19,--,1,519,买盘
1355,10:23:12,5.19,--,20,10380,买盘
1356,10:22:48,5.19,--,8,4152,买盘
1357,10:22:42,5.19,0.01,2,1038,买盘
1358,10:22:36,5.18,--,2,1036,卖盘
1359,10:22:30,5.18,--,73,37814,卖盘
1360,10:22:24,5.18,--,1,518,卖盘
1361,10:22:03,5.18,--,6,3108,卖盘
1362,10:21:51,5.18,--,6,3108,卖盘
1363,10:21:48,5.18,--,8,4144,卖盘
1364,10:21:39,5.18,--,42,21756,买盘
1365,10:21:36,5.18,--,100,51800,买盘
1366,10:21:21,5.18,--,74,38332,卖盘
1367,10:21:15,5.18,--,16,8288,卖盘
1368,10:21:03,5.18,--,54,27972,卖盘
1369,10:20:54,5.18,--,5,2590,卖盘
1370,10:20:45,5.18,--,10,5180,卖盘
1371,10:20:42,5.18,--,7,3626,卖盘
1372,10:20:39,5.18,--,20,10360,卖盘
1373,10:20:36,5.18,--,2,1036,卖盘
1374,10:20:33,5.18,--,20,10360,卖盘
1375,10:20:30,5.18,--,1,518,卖盘
1376,10:20:27,5.18,--,30,15540,卖盘
1377,10:20:18,5.18,--,735,380730,买盘
1378,10:20:06,5.18,0.01,193,99974,买盘
1379,10:20:03,5.17,-0.01,14,7238,卖盘
1380,10:20:00,5.18,--,47,24346,买盘
1381,10:19:39,5.18,--,10,5180,买盘
1382,10:19:33,5.18,--,70,36260,买盘
1383,10:19:24,5.18,--,19,9842,买盘
1384,10:19:12,5.18,0.01,126,65268,买盘
1385,10:19:06,5.17,--,96,49632,卖盘
1386,10:19:00,5.17,--,20,10340,卖盘
1387,10:18:51,5.17,-0.01,115,59455,卖盘
1388,10:18:42,5.18,0.01,15,7770,买盘
1389,10:18:36,5.17,-0.01,2,1292,卖盘
1390,10:18:18,5.18,--,41,21238,买盘
1391,10:18:06,5.18,0.01,74,38332,买盘
1392,10:18:00,5.17,-0.01,2,1034,卖盘
1393,10:17:57,5.18,--,22,11396,买盘
1394,10:17:45,5.18,--,1,518,买盘
1395,10:17:42,5.18,--,32,16576,买盘
1396,10:17:39,5.18,--,14,7252,买盘
1397,10:17:33,5.18,--,974,504532,卖盘
1398,10:17:21,5.18,--,90,46620,卖盘
1399,10:17:15,5.18,--,13,6734,卖盘
1400,10:17:09,5.18,-0.01,1,518,卖盘
1401,10:17:06,5.19,0.01,20,10380,买盘
1402,10:16:57,5.18,--,6,3108,卖盘
1403,10:16:54,5.18,--,42,21756,卖盘
1404,10:16:51,5.18,--,9,4662,卖盘
1405,10:16:48,5.18,--,8,4144,卖盘
1406,10:16:45,5.18,--,30,15540,卖盘
1407,10:16:42,5.18,--,2,1036,卖盘
1408,10:16:36,5.18,--,1,518,卖盘
1409,10:16:30,5.18,-0.01,1,518,卖盘
1410,10:16:24,5.19,0.01,100,51900,买盘
1411,10:16:15,5.18,--,3,1554,卖盘
1412,10:16:06,5.18,--,26,13468,卖盘
1413,10:16:00,5.18,-0.01,12,6216,卖盘
1414,10:15:54,5.19,0.01,1,519,买盘
1415,10:15:39,5.18,--,22,11396,卖盘
1416,10:15:33,5.18,--,1,518,卖盘
1417,10:15:24,5.18,--,10,5180,卖盘
1418,10:15:18,5.18,--,12,6216,卖盘
1419,10:15:15,5.18,--,16,8288,卖盘
1420,10:15:12,5.18,--,22,11396,卖盘
1421,10:15:00,5.18,--,49,25382,卖盘
1422,10:14:54,5.18,--,20,10360,卖盘
1423,10:14:45,5.18,--,1,518,卖盘
1424,10:14:35,5.18,--,12,6216,卖盘
1425,10:14:32,5.18,--,8,4144,卖盘
1426,10:14:29,5.18,--,11,5698,卖盘
1427,10:14:26,5.18,--,20,10360,卖盘
1428,10:14:23,5.18,--,124,64232,买盘
1429,10:14:17,5.18,--,150,77700,买盘
1430,10:14:08,5.18,--,20,10360,买盘
1431,10:14:05,5.18,0.01,27,13986,买盘
1432,10:13:56,5.17,-0.01,1,517,卖盘
1433,10:13:53,5.18,0.01,5,2590,买盘
1434,10:13:47,5.17,-0.01,10,5170,卖盘
1435,10:13:41,5.18,--,5,2590,买盘
1436,10:13:38,5.18,--,159,82362,卖盘
1437,10:13:35,5.18,--,102,52836,卖盘
1438,10:13:32,5.18,--,2,1036,卖盘
1439,10:13:26,5.18,0.01,182,94276,买盘
1440,10:13:23,5.17,-0.01,1,517,卖盘
1441,10:13:20,5.18,--,40,20720,买盘
1442,10:13:17,5.18,--,54,27972,买盘
1443,10:13:14,5.18,--,10,5180,买盘
1444,10:13:11,5.18,--,176,91168,买盘
1445,10:13:05,5.18,--,42,21756,买盘
1446,10:12:59,5.18,--,20,10360,买盘
1447,10:12:50,5.18,--,6,3108,买盘
1448,10:12:47,5.18,--,5,2590,买盘
1449,10:12:44,5.18,--,10,5180,买盘
1450,10:12:38,5.18,--,230,119140,买盘
1451,10:12:35,5.18,--,158,81844,买盘
1452,10:12:29,5.18,--,3,1554,买盘
1453,10:12:26,5.18,0.01,245,126910,买盘
1454,10:12:23,5.17,--,11,5687,卖盘
1455,10:12:20,5.17,--,1,517,卖盘
1456,10:12:17,5.17,-0.01,155,80135,卖盘
1457,10:12:11,5.18,0.01,17,8806,买盘
1458,10:12:08,5.17,--,8,4136,卖盘
1459,10:12:05,5.17,-0.01,74,38258,卖盘
1460,10:11:56,5.18,0.01,9,4662,买盘
1461,10:11:44,5.17,-0.01,20,10340,卖盘
1462,10:11:41,5.18,--,50,25900,买盘
1463,10:11:38,5.18,0.01,9,4662,买盘
1464,10:11:35,5.17,-0.01,1,517,卖盘
1465,10:11:32,5.18,0.01,87,45066,买盘
1466,10:11:23,5.17,-0.01,10,5170,卖盘
1467,10:11:14,5.18,--,220,113960,买盘
1468,10:11:11,5.18,--,49,25382,买盘
1469,10:11:08,5.18,0.01,40,20720,买盘
1470,10:11:05,5.17,-0.01,29,14993,卖盘
1471,10:10:59,5.18,--,300,155400,买盘
1472,10:10:53,5.18,--,3,1813,卖盘
1473,10:10:50,5.18,--,67,34706,卖盘
1474,10:10:44,5.18,-0.01,75,38850,卖盘
1475,10:10:41,5.19,0.01,18,9342,买盘
1476,10:10:38,5.18,--,301,155918,卖盘
1477,10:10:35,5.18,--,30,15540,卖盘
1478,10:10:32,5.18,-0.01,60,31080,卖盘
1479,10:10:29,5.19,0.01,35,18165,买盘
1480,10:10:20,5.18,--,5,2590,卖盘
1481,10:10:17,5.18,--,1000,518000,卖盘
1482,10:10:11,5.18,--,19,9842,卖盘
1483,10:10:08,5.18,--,1,518,卖盘
1484,10:10:05,5.18,--,9,4662,卖盘
1485,10:09:56,5.18,-0.01,10,5180,卖盘
1486,10:09:53,5.19,0.01,10,5190,买盘
1487,10:09:50,5.18,--,100,51800,卖盘
1488,10:09:35,5.18,-0.01,2,1036,卖盘
1489,10:09:29,5.19,0.01,20,10380,买盘
1490,10:09:23,5.18,-0.01,100,51800,卖盘
1491,10:09:20,5.19,--,10,5190,买盘
1492,10:09:17,5.19,0.01,163,84597,买盘
1493,10:09:08,5.18,-0.01,1,518,卖盘
1494,10:08:56,5.19,--,110,57090,买盘
1495,10:08:47,5.19,--,30,15570,买盘
1496,10:08:44,5.19,--,27,14013,买盘
1497,10:08:41,5.19,--,352,182688,卖盘
1498,10:08:26,5.19,--,2,1038,卖盘
1499,10:08:23,5.19,--,6,3114,卖盘
1500,10:08:11,5.19,--,6,3114,卖盘
1501,10:08:08,5.19,--,10,5190,卖盘
1502,10:08:05,5.19,--,27,14013,卖盘
1503,10:07:59,5.19,--,40,20760,卖盘
1504,10:07:53,5.19,--,5,2595,卖盘
1505,10:07:41,5.19,--,191,99129,卖盘
1506,10:07:38,5.19,--,56,29064,卖盘
1507,10:07:29,5.19,--,5,2595,卖盘
1508,10:07:20,5.19,--,117,60723,卖盘
1509,10:07:17,5.19,--,25,12975,卖盘
1510,10:07:11,5.19,--,40,20760,卖盘
1511,10:07:08,5.19,-0.01,254,131826,卖盘
1512,10:07:05,5.2,0.01,5,2600,买盘
1513,10:07:02,5.19,--,127,65913,卖盘
1514,10:06:59,5.19,--,55,28545,卖盘
1515,10:06:56,5.19,--,65,33735,卖盘
1516,10:06:50,5.19,--,248,128712,卖盘
1517,10:06:47,5.19,--,16,8304,卖盘
1518,10:06:38,5.19,--,50,25950,卖盘
1519,10:06:29,5.19,--,24,12456,卖盘
1520,10:06:26,5.19,--,139,72141,卖盘
1521,10:06:23,5.19,--,49,25431,卖盘
1522,10:06:11,5.19,--,79,41001,卖盘
1523,10:06:02,5.19,--,3,1557,卖盘
1524,10:05:56,5.19,--,33,17127,卖盘
1525,10:05:50,5.19,--,30,15570,卖盘
1526,10:05:47,5.19,--,20,10380,卖盘
1527,10:05:44,5.19,--,20,10380,卖盘
1528,10:05:41,5.19,--,47,24393,卖盘
1529,10:05:35,5.19,--,91,47229,卖盘
1530,10:05:29,5.19,--,31,16089,卖盘
1531,10:05:23,5.19,-0.01,5,2595,卖盘
1532,10:05:17,5.2,0.01,1,520,买盘
1533,10:05:14,5.19,--,3,1557,卖盘
1534,10:05:11,5.19,--,12,6228,卖盘
1535,10:05:08,5.19,--,220,114180,卖盘
1536,10:05:02,5.19,--,20,10380,卖盘
1537,10:04:56,5.19,--,20,10380,卖盘
1538,10:04:53,5.19,--,111,57609,卖盘
1539,10:04:50,5.19,--,186,96534,卖盘
1540,10:04:47,5.19,--,57,29583,卖盘
1541,10:04:41,5.19,-0.01,100,51900,卖盘
1542,10:04:38,5.2,--,58,30160,买盘
1543,10:04:29,5.2,--,66,34320,买盘
1544,10:04:17,5.2,--,44,22880,买盘
1545,10:04:11,5.2,0.01,4,2080,买盘
1546,10:04:05,5.19,--,20,10380,卖盘
1547,10:04:02,5.19,-0.01,5,2595,卖盘
1548,10:03:59,5.2,--,387,201240,买盘
1549,10:03:44,5.2,--,5,2600,买盘
1550,10:03:41,5.2,--,24,12480,卖盘
1551,10:03:38,5.2,--,83,43160,卖盘
1552,10:03:35,5.2,--,40,20800,卖盘
1553,10:03:32,5.2,--,2,1040,卖盘
1554,10:03:26,5.2,0.01,247,128440,买盘
1555,10:03:23,5.19,--,1,519,卖盘
1556,10:03:17,5.19,-0.01,43,22317,卖盘
1557,10:03:14,5.2,--,102,53040,卖盘
1558,10:03:11,5.2,--,132,68640,卖盘
1559,10:03:08,5.2,-0.01,69,35880,卖盘
1560,10:03:05,5.21,--,60,31260,买盘
1561,10:03:02,5.21,0.01,1017,529857,买盘
1562,10:02:59,5.2,--,98,50960,卖盘
1563,10:02:56,5.2,--,1,520,卖盘
1564,10:02:53,5.2,-0.01,65,33800,卖盘
1565,10:02:50,5.21,0.01,135,70335,买盘
1566,10:02:44,5.2,--,47,24440,卖盘
1567,10:02:35,5.2,--,26,13520,卖盘
1568,10:02:26,5.2,--,15,7800,卖盘
1569,10:02:23,5.2,-0.01,5,2600,卖盘
1570,10:02:17,5.21,--,7,3647,买盘
1571,10:02:14,5.21,--,267,139107,买盘
1572,10:02:05,5.21,--,121,63041,买盘
1573,10:02:02,5.21,--,16,8336,买盘
1574,10:01:56,5.21,0.01,7,3647,买盘
1575,10:01:53,5.2,--,3,1560,卖盘
1576,10:01:47,5.2,-0.01,62,32240,卖盘
1577,10:01:44,5.21,--,13,6773,买盘
1578,10:01:35,5.21,0.01,66,34386,买盘
1579,10:01:32,5.2,--,30,15600,卖盘
1580,10:01:23,5.2,-0.01,720,374400,卖盘
1581,10:01:20,5.21,--,53,27613,买盘
1582,10:01:17,5.21,--,70,36470,买盘
1583,10:01:11,5.21,--,7,3647,买盘
1584,10:01:05,5.21,--,46,23966,买盘
1585,10:00:56,5.21,--,8,4168,买盘
1586,10:00:50,5.21,0.01,2,1042,买盘
1587,10:00:47,5.2,-0.01,9,4680,卖盘
1588,10:00:44,5.21,--,19,9899,买盘
1589,10:00:41,5.21,0.01,218,113578,买盘
1590,10:00:38,5.2,--,20,10400,卖盘
1591,10:00:35,5.2,-0.01,98,50960,卖盘
1592,10:00:29,5.21,0.01,20,10420,买盘
1593,10:00:20,5.2,-0.01,27,14040,卖盘
1594,10:00:17,5.21,--,144,75024,买盘
1595,10:00:14,5.21,--,1,521,买盘
1596,10:00:08,5.21,0.01,11,5731,买盘
1597,09:59:59,5.2,-0.01,5,2600,卖盘
1598,09:59:56,5.21,0.01,96,50016,买盘
1599,09:59:50,5.2,-0.01,5,2600,卖盘
1600,09:59:47,5.21,--,44,22924,买盘
1601,09:59:44,5.21,--,56,29176,买盘
1602,09:59:38,5.21,0.01,1,521,买盘
1603,09:59:32,5.2,-0.01,10,5200,卖盘
1604,09:59:29,5.21,0.01,102,53142,买盘
1605,09:59:26,5.2,-0.01,10,5200,卖盘
1606,09:59:20,5.21,--,1,521,买盘
1607,09:59:17,5.21,0.01,32,16672,买盘
1608,09:59:14,5.2,-0.01,5,2600,卖盘
1609,09:59:11,5.21,0.01,1,521,买盘
1610,09:59:08,5.2,--,2,1040,卖盘
1611,09:59:02,5.2,--,20,10400,卖盘
1612,09:58:59,5.2,--,7,3640,卖盘
1613,09:58:56,5.2,--,20,10400,买盘
1614,09:58:50,5.2,--,43,22360,买盘
1615,09:58:47,5.2,-0.01,5,2600,买盘
1616,09:58:38,5.21,--,33,17661,买盘
1617,09:58:35,5.21,0.01,91,47411,买盘
1618,09:58:32,5.2,--,91,47320,卖盘
1619,09:58:26,5.2,--,20,10400,卖盘
1620,09:58:23,5.2,--,100,52000,卖盘
1621,09:58:14,5.2,-0.01,191,99320,卖盘
1622,09:58:08,5.21,0.01,10,5210,买盘
1623,09:58:02,5.2,--,2,1040,卖盘
1624,09:57:56,5.2,--,16,8320,卖盘
1625,09:57:53,5.2,--,80,41600,卖盘
1626,09:57:50,5.2,--,146,75972,买盘
1627,09:57:47,5.2,--,1,520,买盘
1628,09:57:44,5.2,--,22,11440,买盘
1629,09:57:41,5.2,--,168,87360,买盘
1630,09:57:35,5.2,0.01,276,143520,买盘
1631,09:57:32,5.19,-0.01,355,184245,卖盘
1632,09:57:26,5.2,--,581,302120,买盘
1633,09:57:23,5.2,--,502,261040,买盘
1634,09:57:20,5.2,--,36,18720,买盘
1635,09:57:02,5.2,--,10,5200,买盘
1636,09:56:59,5.2,0.01,380,197600,买盘
1637,09:56:53,5.19,-0.01,1,519,卖盘
1638,09:56:50,5.2,--,100,52000,买盘
1639,09:56:47,5.2,--,14,7280,买盘
1640,09:56:41,5.2,--,36,18720,买盘
1641,09:56:38,5.2,--,35,18200,买盘
1642,09:56:35,5.2,--,10,5200,买盘
1643,09:56:23,5.2,0.01,5,2600,买盘
1644,09:56:17,5.19,-0.01,1,519,卖盘
1645,09:56:14,5.2,0.01,134,69680,买盘
1646,09:56:08,5.19,--,1,519,卖盘
1647,09:56:05,5.19,-0.01,387,200853,卖盘
1648,09:55:56,5.2,--,10,5200,买盘
1649,09:55:53,5.2,--,160,83200,买盘
1650,09:55:44,5.2,--,81,42120,买盘
1651,09:55:41,5.2,--,88,45760,买盘
1652,09:55:38,5.2,--,36,18720,买盘
1653,09:55:35,5.2,0.01,3,1560,买盘
1654,09:55:26,5.19,--,15,7785,卖盘
1655,09:55:19,5.19,--,95,49305,卖盘
1656,09:55:13,5.19,-0.01,5,2595,卖盘
1657,09:55:10,5.2,0.01,73,37960,买盘
1658,09:55:04,5.19,--,3,1557,卖盘
1659,09:54:55,5.19,-0.01,179,92901,卖盘
1660,09:54:49,5.2,0.01,36,18720,买盘
1661,09:54:46,5.19,-0.01,26,13494,卖盘
1662,09:54:40,5.2,0.01,47,24440,买盘
1663,09:54:34,5.19,--,7,3633,卖盘
1664,09:54:31,5.19,-0.01,15,7785,卖盘
1665,09:54:19,5.2,0.01,40,20800,买盘
1666,09:54:16,5.19,--,59,30621,卖盘
1667,09:54:10,5.19,--,131,67989,卖盘
1668,09:54:07,5.19,--,187,97053,买盘
1669,09:54:01,5.19,--,100,51900,买盘
1670,09:53:58,5.19,--,40,20760,买盘
1671,09:53:55,5.19,--,40,20760,买盘
1672,09:53:52,5.19,0.01,7,3633,买盘
1673,09:53:49,5.18,-0.01,16,8288,卖盘
1674,09:53:25,5.19,--,6,3114,买盘
1675,09:53:19,5.19,--,34,17646,买盘
1676,09:53:16,5.19,--,10,5190,买盘
1677,09:53:13,5.19,--,1,519,买盘
1678,09:53:07,5.19,--,20,10380,买盘
1679,09:53:01,5.19,--,20,10380,买盘
1680,09:52:58,5.19,--,101,52419,买盘
1681,09:52:55,5.19,--,99,51381,买盘
1682,09:52:52,5.19,--,24,12456,买盘
1683,09:52:46,5.19,--,10,5190,买盘
1684,09:52:37,5.19,--,2,1038,买盘
1685,09:52:31,5.19,--,164,85116,卖盘
1686,09:52:22,5.19,--,220,114180,卖盘
1687,09:52:19,5.19,--,39,20241,卖盘
1688,09:52:10,5.19,--,180,93420,卖盘
1689,09:52:01,5.19,--,30,15570,卖盘
1690,09:51:55,5.19,0.01,56,29064,买盘
1691,09:51:49,5.18,-0.01,0,259,卖盘
1692,09:51:43,5.19,0.01,16,8304,买盘
1693,09:51:40,5.18,--,7,3626,卖盘
1694,09:51:37,5.18,--,50,25900,卖盘
1695,09:51:31,5.18,-0.01,5,2590,卖盘
1696,09:51:22,5.19,0.01,27,14013,买盘
1697,09:51:16,5.18,--,30,15540,卖盘
1698,09:51:10,5.18,-0.01,3,1554,卖盘
1699,09:51:07,5.19,0.01,13,6747,买盘
1700,09:51:04,5.18,--,4,2072,卖盘
1701,09:50:58,5.18,--,54,27972,卖盘
1702,09:50:55,5.18,--,32,16576,卖盘
1703,09:50:52,5.18,--,20,10360,卖盘
1704,09:50:43,5.18,-0.01,60,31080,卖盘
1705,09:50:40,5.19,--,6,3114,买盘
1706,09:50:34,5.19,--,145,75255,卖盘
1707,09:50:25,5.19,--,10,5190,卖盘
1708,09:50:22,5.19,-0.01,5,2595,卖盘
1709,09:50:13,5.2,--,136,70720,买盘
1710,09:50:10,5.2,--,60,31200,买盘
1711,09:50:04,5.2,0.01,15,7800,买盘
1712,09:50:01,5.19,-0.01,22,11418,卖盘
1713,09:49:58,5.2,--,1,520,买盘
1714,09:49:55,5.2,0.01,74,38480,买盘
1715,09:49:52,5.19,-0.01,31,16089,卖盘
1716,09:49:49,5.2,--,20,10400,买盘
1717,09:49:46,5.2,--,36,18720,买盘
1718,09:49:43,5.2,0.01,45,23400,买盘
1719,09:49:40,5.19,-0.01,5,2595,卖盘
1720,09:49:37,5.2,--,50,26000,买盘
1721,09:49:34,5.2,--,10,5200,买盘
1722,09:49:31,5.2,--,51,26520,买盘
1723,09:49:28,5.2,--,30,15600,买盘
1724,09:49:25,5.2,--,74,38480,买盘
1725,09:49:22,5.2,--,140,72800,买盘
1726,09:49:19,5.2,--,154,80080,买盘
1727,09:49:13,5.2,--,44,22880,买盘
1728,09:49:07,5.2,0.01,1,520,买盘
1729,09:49:04,5.19,-0.01,10,5190,卖盘
1730,09:49:01,5.2,--,236,122720,买盘
1731,09:48:58,5.2,--,74,38480,买盘
1732,09:48:55,5.2,--,75,39000,买盘
1733,09:48:52,5.2,--,66,34320,买盘
1734,09:48:46,5.2,--,46,23920,卖盘
1735,09:48:43,5.2,--,112,58240,买盘
1736,09:48:40,5.2,--,89,46280,卖盘
1737,09:48:37,5.2,--,380,197600,卖盘
1738,09:48:34,5.2,--,6,3120,卖盘
1739,09:48:31,5.2,--,20,10400,卖盘
1740,09:48:28,5.2,--,6,3120,卖盘
1741,09:48:25,5.2,--,130,67600,卖盘
1742,09:48:19,5.2,--,133,69160,买盘
1743,09:48:16,5.2,--,38,19760,买盘
1744,09:48:10,5.2,--,126,65520,买盘
1745,09:48:07,5.2,--,76,39520,买盘
1746,09:48:04,5.2,--,280,145600,卖盘
1747,09:47:58,5.2,--,20,10400,卖盘
1748,09:47:55,5.2,--,457,237640,卖盘
1749,09:47:52,5.2,-0.01,100,52000,卖盘
1750,09:47:49,5.21,0.01,32,16672,买盘
1751,09:47:46,5.2,-0.01,120,62400,卖盘
1752,09:47:43,5.21,0.01,112,58352,买盘
1753,09:47:40,5.2,--,143,74360,卖盘
1754,09:47:37,5.2,--,136,70720,卖盘
1755,09:47:34,5.2,-0.01,91,47320,卖盘
1756,09:47:31,5.21,--,226,117746,买盘
1757,09:47:28,5.21,--,20,10420,买盘
1758,09:47:25,5.21,0.01,359,187039,买盘
1759,09:47:22,5.2,0.01,260,135200,买盘
1760,09:47:19,5.19,-0.01,60,31140,卖盘
1761,09:47:16,5.2,--,17,8840,买盘
1762,09:47:10,5.2,--,358,186160,买盘
1763,09:47:04,5.2,-0.01,226,117520,卖盘
1764,09:47:01,5.21,--,118,61478,买盘
1765,09:46:58,5.21,--,85,44285,买盘
1766,09:46:49,5.21,0.01,33,17193,买盘
1767,09:46:46,5.2,--,369,191880,卖盘
1768,09:46:40,5.2,--,5,2600,卖盘
1769,09:46:37,5.2,-0.01,36,18720,卖盘
1770,09:46:34,5.21,0.02,2842,1480682,买盘
1771,09:46:28,5.19,--,168,87192,买盘
1772,09:46:25,5.19,--,4,2076,买盘
1773,09:46:22,5.19,--,215,111585,买盘
1774,09:46:19,5.19,--,33,17127,买盘
1775,09:46:16,5.19,--,102,52938,买盘
1776,09:46:10,5.19,--,60,31140,买盘
1777,09:46:07,5.19,--,169,87711,买盘
1778,09:46:04,5.19,--,312,161928,买盘
1779,09:46:01,5.19,--,6,3114,买盘
1780,09:45:58,5.19,--,118,61242,买盘
1781,09:45:55,5.19,0.01,195,101205,买盘
1782,09:45:49,5.18,-0.01,20,10360,卖盘
1783,09:45:43,5.19,0.01,6,3114,买盘
1784,09:45:40,5.18,--,14,7252,卖盘
1785,09:45:37,5.18,--,262,135716,买盘
1786,09:45:34,5.18,--,380,196840,买盘
1787,09:45:28,5.18,--,4,2072,买盘
1788,09:45:25,5.18,--,60,31080,买盘
1789,09:45:22,5.18,--,173,89614,买盘
1790,09:45:19,5.18,--,6,3108,买盘
1791,09:45:16,5.18,--,20,10360,买盘
1792,09:45:13,5.18,--,198,102564,买盘
1793,09:45:10,5.18,--,1,518,买盘
1794,09:45:07,5.18,0.01,3,1554,买盘
1795,09:45:04,5.17,--,79,40843,卖盘
1796,09:44:58,5.17,--,3,1551,卖盘
1797,09:44:55,5.17,--,1231,636427,买盘
1798,09:44:52,5.17,--,12,6204,买盘
1799,09:44:49,5.17,0.01,100,51700,买盘
1800,09:44:46,5.16,--,329,169764,卖盘
1801,09:44:43,5.16,-0.01,10,5160,卖盘
1802,09:44:28,5.17,0.01,3,1551,买盘
1803,09:44:22,5.16,-0.01,22,11352,卖盘
1804,09:44:19,5.17,--,2,1034,买盘
1805,09:44:13,5.17,--,78,40326,买盘
1806,09:44:10,5.17,--,4,2068,买盘
1807,09:43:58,5.17,--,5,2585,买盘
1808,09:43:55,5.17,0.01,1,517,买盘
1809,09:43:49,5.16,-0.01,47,24252,卖盘
1810,09:43:46,5.17,--,1,517,买盘
1811,09:43:43,5.17,0.01,21,10857,买盘
1812,09:43:40,5.16,-0.01,5,2580,卖盘
1813,09:43:37,5.17,--,2,1034,买盘
1814,09:43:34,5.17,0.01,24,12408,买盘
1815,09:43:31,5.16,-0.01,44,22704,卖盘
1816,09:43:25,5.17,0.01,2,1034,买盘
1817,09:43:22,5.16,-0.01,187,96492,卖盘
1818,09:43:19,5.17,--,1,517,买盘
1819,09:43:16,5.17,--,1,517,买盘
1820,09:43:13,5.17,--,59,30503,买盘
1821,09:43:10,5.17,0.01,36,18612,买盘
1822,09:43:07,5.16,-0.01,53,27348,卖盘
1823,09:43:04,5.17,--,4,2068,买盘
1824,09:43:01,5.17,--,2,1034,买盘
1825,09:42:58,5.17,--,220,113740,买盘
1826,09:42:55,5.17,--,96,49632,买盘
1827,09:42:52,5.17,--,16,8272,买盘
1828,09:42:49,5.17,0.01,5,2585,买盘
1829,09:42:46,5.16,-0.01,24,12384,卖盘
1830,09:42:40,5.17,--,15,7755,买盘
1831,09:42:37,5.17,--,4,2068,买盘
1832,09:42:34,5.17,0.01,2,1034,买盘
1833,09:42:31,5.16,-0.01,110,56760,卖盘
1834,09:42:28,5.17,0.01,240,124080,买盘
1835,09:42:25,5.16,--,2,1032,卖盘
1836,09:42:16,5.16,--,27,13932,卖盘
1837,09:42:13,5.16,--,30,15480,卖盘
1838,09:42:07,5.16,-0.01,2,1032,卖盘
1839,09:42:04,5.17,--,100,51700,买盘
1840,09:42:01,5.17,--,3,1551,买盘
1841,09:41:58,5.17,--,313,161821,买盘
1842,09:41:52,5.17,--,22,11374,买盘
1843,09:41:49,5.17,0.01,1,517,买盘
1844,09:41:46,5.16,--,10,5160,卖盘
1845,09:41:43,5.16,-0.01,243,125388,卖盘
1846,09:41:40,5.17,0.01,70,36190,买盘
1847,09:41:37,5.16,-0.01,1,516,卖盘
1848,09:41:34,5.17,0.01,3,1551,买盘
1849,09:41:28,5.16,--,17,8772,卖盘
1850,09:41:22,5.16,--,20,10320,卖盘
1851,09:41:19,5.16,--,274,141384,卖盘
1852,09:41:16,5.16,--,6,3096,卖盘
1853,09:41:10,5.16,-0.01,50,25800,卖盘
1854,09:41:04,5.17,0.01,6,3102,买盘
1855,09:40:58,5.16,-0.01,100,51600,卖盘
1856,09:40:52,5.17,0.01,600,310200,买盘
1857,09:40:46,5.16,--,237,122292,买盘
1858,09:40:43,5.16,--,49,25284,买盘
1859,09:40:40,5.16,--,5,2580,买盘
1860,09:40:37,5.16,-0.01,52,26832,中性盘
1861,09:40:34,5.17,0.01,242,125114,买盘
1862,09:40:31,5.16,--,22,11352,卖盘
1863,09:40:25,5.16,--,112,57792,卖盘
1864,09:40:19,5.16,-0.01,100,51600,卖盘
1865,09:40:16,5.17,--,1,517,买盘
1866,09:40:13,5.17,0.01,2,1034,买盘
1867,09:40:10,5.16,--,40,20640,卖盘
1868,09:40:04,5.16,--,346,178536,买盘
1869,09:39:58,5.16,--,5,2580,买盘
1870,09:39:55,5.16,--,74,38184,买盘
1871,09:39:49,5.16,--,10,5160,买盘
1872,09:39:46,5.16,--,50,25800,买盘
1873,09:39:43,5.16,--,73,37668,卖盘
1874,09:39:40,5.16,--,9,4644,卖盘
1875,09:39:37,5.16,--,45,23220,卖盘
1876,09:39:34,5.16,--,15,7740,卖盘
1877,09:39:31,5.16,--,90,46440,买盘
1878,09:39:25,5.16,0.01,3,1548,买盘
1879,09:39:22,5.15,-0.01,23,11845,卖盘
1880,09:39:16,5.16,--,40,20640,买盘
1881,09:39:13,5.16,--,150,77400,买盘
1882,09:39:10,5.16,--,16,8256,买盘
1883,09:39:04,5.16,--,74,38184,卖盘
1884,09:39:01,5.16,--,51,26316,卖盘
1885,09:38:55,5.16,--,712,367392,卖盘
1886,09:38:52,5.16,--,311,160476,卖盘
1887,09:38:43,5.16,--,259,133644,买盘
1888,09:38:40,5.16,--,101,52116,买盘
1889,09:38:37,5.16,0.01,349,180084,买盘
1890,09:38:34,5.15,-0.01,205,105575,卖盘
1891,09:38:28,5.16,0.01,22,11352,买盘
1892,09:38:22,5.15,-0.01,118,60770,卖盘
1893,09:38:19,5.16,--,80,41280,买盘
1894,09:38:13,5.16,--,218,112488,买盘
1895,09:38:07,5.16,--,250,129000,买盘
1896,09:38:01,5.16,--,45,23220,买盘
1897,09:37:55,5.16,--,1,516,买盘
1898,09:37:46,5.16,0.01,150,77400,买盘
1899,09:37:40,5.15,--,29,14935,卖盘
1900,09:37:34,5.15,-0.01,46,23690,卖盘
1901,09:37:25,5.16,--,61,31476,买盘
1902,09:37:22,5.16,--,280,144480,买盘
1903,09:37:16,5.16,0.01,7,3612,买盘
1904,09:37:10,5.15,--,62,31930,卖盘
1905,09:36:52,5.15,-0.01,31,15965,卖盘
1906,09:36:46,5.16,0.01,30,15480,买盘
1907,09:36:34,5.15,--,2,1030,卖盘
1908,09:36:31,5.15,--,20,10300,卖盘
1909,09:36:25,5.15,--,32,16480,卖盘
1910,09:36:10,5.15,--,20,10300,卖盘
1911,09:36:07,5.15,--,364,187460,买盘
1912,09:36:01,5.15,--,168,86520,买盘
1913,09:35:58,5.15,--,73,37595,买盘
1914,09:35:55,5.15,--,32,16480,买盘
1915,09:35:49,5.15,--,30,15450,买盘
1916,09:35:46,5.15,--,5,2575,买盘
1917,09:35:40,5.15,--,100,51500,买盘
1918,09:35:37,5.15,--,101,52015,买盘
1919,09:35:31,5.15,0.01,105,54075,买盘
1920,09:35:25,5.14,-0.01,30,15419,卖盘
1921,09:35:10,5.15,0.01,50,25750,买盘
1922,09:34:57,5.14,--,7,3598,卖盘
1923,09:34:54,5.14,-0.01,13,6682,卖盘
1924,09:34:48,5.15,0.01,162,83430,买盘
1925,09:34:42,5.14,-0.01,10,5140,卖盘
1926,09:34:27,5.15,--,38,19570,买盘
1927,09:34:15,5.15,--,2,1030,买盘
1928,09:34:12,5.15,0.01,33,16995,买盘
1929,09:34:09,5.14,-0.01,271,139294,卖盘
1930,09:34:06,5.15,0.01,7,3605,买盘
1931,09:34:03,5.14,--,33,16962,卖盘
1932,09:34:00,5.14,--,20,10280,卖盘
1933,09:33:57,5.14,-0.01,13,6682,卖盘
1934,09:33:54,5.15,0.01,71,36565,买盘
1935,09:33:51,5.14,--,1,514,卖盘
1936,09:33:48,5.14,-0.01,143,73502,卖盘
1937,09:33:39,5.15,--,58,29870,买盘
1938,09:33:36,5.15,--,50,25750,买盘
1939,09:33:33,5.15,0.01,42,21630,买盘
1940,09:33:18,5.14,-0.01,30,15419,卖盘
1941,09:33:09,5.15,0.01,15,7725,买盘
1942,09:33:03,5.14,--,40,20560,卖盘
1943,09:32:57,5.14,--,73,37522,卖盘
1944,09:32:48,5.14,-0.01,1,514,卖盘
1945,09:32:39,5.15,0.01,71,36565,买盘
1946,09:32:33,5.14,--,1,514,卖盘
1947,09:32:24,5.14,--,32,16448,卖盘
1948,09:32:18,5.14,--,126,64763,卖盘
1949,09:32:12,5.14,--,74,38036,卖盘
1950,09:32:03,5.14,-0.01,2,1028,卖盘
1951,09:31:54,5.15,0.01,4,2060,买盘
1952,09:31:48,5.14,-0.01,20,10280,卖盘
1953,09:31:45,5.15,0.01,39,20085,买盘
1954,09:31:42,5.14,0.01,37,19018,买盘
1955,09:31:36,5.13,--,55,28215,卖盘
1956,09:31:33,5.13,-0.01,30,15390,卖盘
1957,09:31:30,5.14,-0.02,10,5140,卖盘
1958,09:31:27,5.16,0.01,96,49536,买盘
1959,09:31:24,5.15,--,10,5150,买盘
1960,09:31:21,5.15,--,1,515,买盘
1961,09:31:18,5.15,--,21,10815,买盘
1962,09:31:15,5.15,--,718,369770,买盘
1963,09:30:54,5.15,--,43,22145,买盘
1964,09:30:51,5.15,--,15,7725,买盘
1965,09:30:45,5.15,0.01,400,206000,买盘
1966,09:30:30,5.14,0.02,150,77100,买盘
1967,09:30:21,5.12,-0.02,10,5120,卖盘
1968,09:30:18,5.14,--,16,8224,买盘
1969,09:30:15,5.14,--,96,49344,买盘
1970,09:30:12,5.14,0.01,263,135182,买盘
1971,09:30:09,5.13,0.01,12,6156,买盘
1972,09:30:06,5.12,--,203,103936,卖盘
1973,09:30:03,5.12,--,326,166912,卖盘
1974,09:25:21,5.12,--,0,0,卖盘
1975,09:25:00,5.12,5.12,676,346112,买盘
