,time,price,change,volume,amount,type
0,15:00:18,8.33,--,464,386512,卖盘
1,14:57:38,8.33,--,0,0,买盘
2,14:57:05,8.33,-0.01,20,16660,卖盘
3,14:56:59,8.34,0.01,19,15846,买盘
4,14:56:56,8.33,--,60,49980,卖盘
5,14:56:53,8.33,--,1,833,卖盘
6,14:56:41,8.33,--,34,28322,卖盘
7,14:56:35,8.33,--,5,4165,卖盘
8,14:56:32,8.33,--,30,24990,卖盘
9,14:56:29,8.33,--,22,18326,卖盘
10,14:56:26,8.33,--,52,43316,卖盘
11,14:56:20,8.33,--,174,144942,买盘
12,14:56:14,8.33,--,4,3332,买盘
13,14:56:08,8.33,--,30,24990,买盘
14,14:56:02,8.33,--,60,49980,买盘
15,14:55:53,8.33,--,36,29988,卖盘
16,14:55:35,8.33,0.01,89,74137,买盘
17,14:55:29,8.32,-0.02,200,166400,卖盘
18,14:55:26,8.34,0.01,410,341940,买盘
19,14:55:20,8.33,0.01,10,8330,买盘
20,14:55:14,8.32,-0.01,190,158080,卖盘
21,14:55:08,8.33,0.01,2,1666,买盘
22,14:54:59,8.32,--,25,20800,卖盘
23,14:54:53,8.32,--,172,143104,卖盘
24,14:54:38,8.32,-0.01,64,53248,卖盘
25,14:54:35,8.33,0.01,110,91630,买盘
26,14:54:26,8.32,-0.01,2,1664,卖盘
27,14:54:23,8.33,--,2,1666,买盘
28,14:54:17,8.33,0.01,50,41650,买盘
29,14:54:11,8.32,-0.01,58,48256,卖盘
30,14:54:08,8.33,--,63,52479,买盘
31,14:54:05,8.33,--,30,24990,买盘
32,14:54:02,8.33,--,80,66640,买盘
33,14:53:50,8.33,0.01,1,833,买盘
34,14:53:41,8.32,-0.01,309,257088,卖盘
35,14:53:38,8.33,0.01,30,24990,买盘
36,14:53:32,8.32,-0.01,100,83200,卖盘
37,14:53:17,8.33,0.01,36,29988,买盘
38,14:53:08,8.32,0.01,39,32448,买盘
39,14:53:05,8.31,--,12,9972,卖盘
40,14:53:02,8.31,-0.01,20,16620,卖盘
41,14:52:56,8.32,--,65,54080,买盘
42,14:52:50,8.32,--,5,4160,买盘
43,14:52:41,8.32,--,75,62400,卖盘
44,14:52:38,8.32,--,36,29952,卖盘
45,14:52:32,8.32,--,1,832,卖盘
46,14:52:26,8.32,0.01,100,83200,中性盘
47,14:52:23,8.31,-0.02,71,59001,卖盘
48,14:52:17,8.33,0.01,9,7497,买盘
49,14:52:14,8.32,--,66,54912,卖盘
50,14:52:11,8.32,0.01,175,145600,买盘
51,14:52:08,8.31,--,100,83100,卖盘
52,14:51:56,8.31,-0.01,10,8310,中性盘
53,14:51:50,8.32,0.02,30,24960,买盘
54,14:51:44,8.3,-0.02,2500,2075000,卖盘
55,14:51:41,8.32,--,10,8320,买盘
56,14:51:35,8.32,--,324,269568,卖盘
57,14:51:32,8.32,--,86,71552,卖盘
58,14:51:20,8.32,--,600,499200,卖盘
59,14:51:17,8.32,--,20,16640,卖盘
60,14:51:14,8.32,--,12,9984,卖盘
61,14:51:05,8.32,-0.01,10,8320,卖盘
62,14:50:56,8.33,0.01,8,6664,买盘
63,14:50:50,8.32,-0.01,20,16640,卖盘
64,14:50:44,8.33,--,2,1666,买盘
65,14:50:26,8.33,0.01,3,2499,卖盘
66,14:50:23,8.32,-0.01,70,58240,卖盘
67,14:50:20,8.33,--,62,51646,卖盘
68,14:50:17,8.33,--,111,92463,卖盘
69,14:50:11,8.33,--,2,1666,卖盘
70,14:50:08,8.33,--,112,93296,卖盘
71,14:50:05,8.33,--,6,4998,卖盘
72,14:50:02,8.33,--,2,1666,卖盘
73,14:49:56,8.33,--,50,41650,卖盘
74,14:49:53,8.33,--,20,16660,卖盘
75,14:49:50,8.33,--,400,333200,卖盘
76,14:49:47,8.33,--,30,24990,卖盘
77,14:49:44,8.33,--,4,3332,卖盘
78,14:49:38,8.33,--,35,29155,卖盘
79,14:49:14,8.33,--,40,33320,卖盘
80,14:49:11,8.33,-0.01,1,833,卖盘
81,14:48:56,8.34,--,10,8340,买盘
82,14:48:53,8.34,0.01,50,41700,买盘
83,14:48:50,8.33,--,100,83300,卖盘
84,14:48:32,8.33,-0.01,124,103292,卖盘
85,14:48:26,8.34,--,218,181812,买盘
86,14:48:17,8.34,--,188,156792,买盘
87,14:48:05,8.34,--,786,655524,卖盘
88,14:47:56,8.34,--,5,4170,卖盘
89,14:47:47,8.34,--,47,39198,卖盘
90,14:47:32,8.34,--,96,80064,卖盘
91,14:47:29,8.34,-0.01,20,16680,卖盘
92,14:47:20,8.35,0.01,30,25050,买盘
93,14:47:17,8.34,-0.01,81,67554,卖盘
94,14:47:05,8.35,--,282,235470,买盘
95,14:46:47,8.35,0.01,7,5845,买盘
96,14:46:26,8.34,--,46,38364,卖盘
97,14:46:17,8.34,--,2,1668,卖盘
98,14:46:08,8.34,--,339,282726,买盘
99,14:46:05,8.34,0.01,2,1668,买盘
100,14:46:02,8.33,--,17,14161,买盘
101,14:45:47,8.33,--,156,129948,买盘
102,14:45:32,8.33,--,11,9163,买盘
103,14:45:23,8.33,-0.01,136,113288,卖盘
104,14:45:20,8.34,0.01,23,19182,买盘
105,14:45:14,8.33,--,6,4998,卖盘
106,14:45:08,8.33,-0.01,406,338198,卖盘
107,14:44:56,8.34,0.01,30,25020,买盘
108,14:44:35,8.33,--,2,1666,卖盘
109,14:44:26,8.33,--,10,8330,卖盘
110,14:44:20,8.33,--,15,12495,卖盘
111,14:44:17,8.33,--,12,9996,卖盘
112,14:44:08,8.33,--,4,3332,卖盘
113,14:43:59,8.33,--,23,19159,卖盘
114,14:43:47,8.33,-0.01,31,25823,卖盘
115,14:43:41,8.34,0.01,5,4170,买盘
116,14:43:32,8.33,--,80,66640,卖盘
117,14:43:20,8.33,--,33,27489,卖盘
118,14:43:11,8.33,--,20,16660,卖盘
119,14:43:08,8.33,--,3,2499,卖盘
120,14:43:02,8.33,--,14,11662,卖盘
121,14:42:59,8.33,--,26,21658,卖盘
122,14:42:50,8.33,--,108,89964,卖盘
123,14:42:38,8.33,--,30,24990,卖盘
124,14:42:35,8.33,--,200,166600,卖盘
125,14:42:29,8.33,--,43,35819,卖盘
126,14:42:23,8.33,--,1,833,卖盘
127,14:42:11,8.33,--,40,33320,卖盘
128,14:42:02,8.33,--,20,16660,卖盘
129,14:41:59,8.33,--,35,29155,卖盘
130,14:41:53,8.33,0.01,81,67473,买盘
131,14:41:47,8.32,-0.01,11,9152,卖盘
132,14:41:38,8.33,--,65,54145,卖盘
133,14:41:35,8.33,--,10,8330,卖盘
134,14:41:32,8.33,-0.01,300,249900,卖盘
135,14:41:26,8.34,--,29,24186,买盘
136,14:41:20,8.34,--,3,2502,买盘
137,14:41:11,8.34,--,30,25020,买盘
138,14:41:02,8.34,--,9,7506,买盘
139,14:40:53,8.34,0.01,14,11676,买盘
140,14:40:44,8.33,--,58,48314,卖盘
141,14:40:41,8.33,-0.01,7,5831,卖盘
142,14:40:35,8.34,0.01,10,8340,买盘
143,14:40:26,8.33,-0.02,300,249900,卖盘
144,14:40:23,8.35,0.01,4,3340,买盘
145,14:40:20,8.34,--,55,45870,卖盘
146,14:40:17,8.34,--,20,16680,卖盘
147,14:40:11,8.34,--,60,50040,卖盘
148,14:40:05,8.34,--,396,330264,买盘
149,14:39:59,8.34,0.01,6,5004,买盘
150,14:39:53,8.33,--,8,6664,卖盘
151,14:39:50,8.33,--,1,833,卖盘
152,14:39:35,8.33,-0.01,10,8330,卖盘
153,14:39:29,8.34,0.01,8,6672,买盘
154,14:39:26,8.33,--,3,2499,卖盘
155,14:39:20,8.33,--,3,2499,卖盘
156,14:39:17,8.33,0.01,47,39151,买盘
157,14:39:11,8.32,-0.01,11,9152,卖盘
158,14:39:08,8.33,--,5,4165,买盘
159,14:39:02,8.33,--,10,8330,买盘
160,14:38:56,8.33,--,198,164934,卖盘
161,14:38:41,8.33,--,15,12495,卖盘
162,14:38:38,8.33,--,2,1666,卖盘
163,14:38:32,8.33,-0.01,2,1666,卖盘
164,14:38:29,8.34,0.01,15,12510,买盘
165,14:38:17,8.33,--,60,49980,卖盘
166,14:38:14,8.33,--,230,191590,卖盘
167,14:38:11,8.33,0.01,7,5831,买盘
168,14:38:04,8.32,-0.01,15,12480,卖盘
169,14:38:01,8.33,--,113,94129,买盘
170,14:37:49,8.33,--,10,8330,买盘
171,14:37:46,8.33,--,3,2499,买盘
172,14:37:25,8.33,--,6,4998,卖盘
173,14:37:22,8.33,--,23,19159,卖盘
174,14:37:13,8.33,0.01,11,9163,买盘
175,14:37:10,8.32,--,50,41600,卖盘
176,14:37:07,8.32,-0.01,280,232960,卖盘
177,14:37:04,8.33,0.01,102,84966,买盘
178,14:36:52,8.32,--,5,4160,卖盘
179,14:36:49,8.32,--,2,1664,卖盘
180,14:36:34,8.32,0.01,72,59912,买盘
181,14:36:22,8.31,-0.01,130,108030,卖盘
182,14:36:19,8.32,-0.01,84,70711,卖盘
183,14:36:16,8.33,0.01,309,257397,买盘
184,14:36:10,8.32,-0.01,30,24960,卖盘
185,14:36:04,8.33,0.01,53,44149,买盘
186,14:36:01,8.32,--,5,4160,卖盘
187,14:35:55,8.32,--,54,44928,卖盘
188,14:35:49,8.32,--,10,8320,卖盘
189,14:35:40,8.32,--,10,8320,卖盘
190,14:35:16,8.32,-0.01,100,83200,卖盘
191,14:35:10,8.33,--,2,1666,卖盘
192,14:35:07,8.33,--,26,21658,卖盘
193,14:35:04,8.33,--,80,66640,卖盘
194,14:34:58,8.33,--,116,96636,买盘
195,14:34:55,8.33,0.01,20,16660,买盘
196,14:34:52,8.32,-0.01,9,7488,卖盘
197,14:34:40,8.33,--,14,11662,买盘
198,14:34:37,8.33,0.01,24,19992,买盘
199,14:34:31,8.32,-0.01,7,5824,卖盘
200,14:34:28,8.33,--,10,8330,买盘
201,14:34:25,8.33,--,121,100793,买盘
202,14:34:19,8.33,--,100,83300,买盘
203,14:34:16,8.33,0.01,9,7497,买盘
204,14:34:10,8.32,-0.01,140,116480,卖盘
205,14:34:07,8.33,--,150,124950,买盘
206,14:34:01,8.33,--,97,80801,买盘
207,14:33:58,8.33,--,102,84966,买盘
208,14:33:46,8.33,--,10,8330,买盘
209,14:33:34,8.33,-0.02,489,408161,卖盘
210,14:33:31,8.35,--,1,835,买盘
211,14:33:16,8.35,--,74,62608,卖盘
212,14:33:07,8.35,--,20,16700,卖盘
213,14:32:49,8.35,--,130,108550,卖盘
214,14:32:46,8.35,--,158,131930,卖盘
215,14:32:43,8.35,-0.01,20,16700,卖盘
216,14:32:37,8.36,--,1,836,买盘
217,14:32:31,8.36,0.01,2,1672,买盘
218,14:32:28,8.35,--,14,11690,卖盘
219,14:32:22,8.35,-0.01,200,167000,卖盘
220,14:32:16,8.36,0.01,103,86108,买盘
221,14:32:13,8.35,--,1,835,卖盘
222,14:32:10,8.35,--,50,41750,卖盘
223,14:32:04,8.35,-0.01,15,12525,卖盘
224,14:31:58,8.36,--,2,1672,买盘
225,14:31:49,8.36,--,180,150480,买盘
226,14:31:40,8.36,--,28,23408,卖盘
227,14:31:28,8.36,--,20,16720,卖盘
228,14:31:07,8.36,--,64,53504,买盘
229,14:31:04,8.36,--,81,67716,卖盘
230,14:30:55,8.36,--,100,83600,卖盘
231,14:30:52,8.36,--,5,4180,卖盘
232,14:30:28,8.36,0.01,4,3344,买盘
233,14:30:25,8.35,-0.01,20,16700,卖盘
234,14:30:22,8.36,--,5,4180,买盘
235,14:30:13,8.36,--,91,76076,卖盘
236,14:29:58,8.36,-0.01,10,8360,卖盘
237,14:29:55,8.37,--,44,36828,买盘
238,14:29:49,8.37,0.01,36,30131,买盘
239,14:29:31,8.36,-0.01,26,21736,卖盘
240,14:29:16,8.37,--,2,1673,卖盘
241,14:29:13,8.37,-0.01,62,51893,卖盘
242,14:29:07,8.38,0.01,20,16760,买盘
243,14:29:04,8.37,--,45,37665,卖盘
244,14:29:01,8.37,--,103,86210,卖盘
245,14:28:55,8.37,--,40,33480,卖盘
246,14:28:52,8.37,--,60,50219,卖盘
247,14:28:49,8.37,--,100,83699,卖盘
248,14:28:46,8.37,--,20,16740,卖盘
249,14:28:43,8.37,--,80,66960,卖盘
250,14:28:40,8.37,-0.01,16,13391,卖盘
251,14:28:37,8.38,0.01,20,16760,买盘
252,14:28:34,8.37,--,16,13391,卖盘
253,14:28:31,8.37,--,12,10043,卖盘
254,14:28:25,8.37,--,5,4185,卖盘
255,14:28:22,8.37,--,168,140616,卖盘
256,14:28:16,8.37,--,11,9207,卖盘
257,14:28:13,8.37,--,15,12554,卖盘
258,14:28:10,8.37,--,50,41849,卖盘
259,14:28:07,8.37,--,300,251099,卖盘
260,14:28:01,8.37,--,4,3347,卖盘
261,14:27:58,8.37,--,171,143127,买盘
262,14:27:43,8.37,--,33,27620,卖盘
263,14:27:40,8.37,--,20,16740,卖盘
264,14:27:31,8.37,--,10,8370,卖盘
265,14:27:25,8.37,--,149,124712,卖盘
266,14:27:16,8.37,--,211,176606,卖盘
267,14:27:07,8.37,--,517,432728,卖盘
268,14:27:04,8.37,--,32,26783,卖盘
269,14:26:58,8.37,--,23,19251,卖盘
270,14:26:46,8.37,--,5,4185,卖盘
271,14:26:43,8.37,--,16,13391,卖盘
272,14:26:40,8.37,--,80,66960,卖盘
273,14:26:28,8.37,-0.01,50,41849,卖盘
274,14:26:25,8.38,0.01,10,8380,买盘
275,14:26:19,8.37,--,10,8370,卖盘
276,14:26:16,8.37,-0.01,50,41849,卖盘
277,14:26:07,8.38,0.01,13,10894,买盘
278,14:26:01,8.37,--,431,360746,卖盘
279,14:25:55,8.37,--,2,1673,卖盘
280,14:25:52,8.37,--,21,17577,卖盘
281,14:25:49,8.37,--,27,22598,卖盘
282,14:25:46,8.37,--,2,1673,卖盘
283,14:25:37,8.37,--,32,26783,卖盘
284,14:25:31,8.37,-0.01,60,50219,卖盘
285,14:25:25,8.38,--,10,8380,买盘
286,14:25:19,8.38,--,5,4190,买盘
287,14:25:13,8.38,--,4,3352,买盘
288,14:25:10,8.38,--,8,6704,买盘
289,14:24:46,8.38,--,12,10056,买盘
290,14:24:43,8.38,--,18,15084,买盘
291,14:24:40,8.38,0.01,68,56984,买盘
292,14:24:25,8.37,0.01,391,327266,买盘
293,14:24:22,8.36,-0.01,10,8360,卖盘
294,14:23:58,8.37,--,10,8370,买盘
295,14:23:52,8.37,--,85,71145,买盘
296,14:23:46,8.37,--,20,16740,买盘
297,14:23:37,8.37,--,10,8370,买盘
298,14:23:25,8.37,--,28,23435,买盘
299,14:23:19,8.37,0.01,22,18414,买盘
300,14:23:01,8.36,--,7,5852,卖盘
301,14:22:19,8.36,--,8,6688,卖盘
302,14:22:16,8.36,--,71,59355,买盘
303,14:22:13,8.36,0.01,27,22572,买盘
304,14:22:10,8.35,-0.01,12,10020,卖盘
305,14:22:01,8.36,--,20,16720,买盘
306,14:21:46,8.36,--,54,45144,卖盘
307,14:21:37,8.36,--,6,5016,卖盘
308,14:21:13,8.36,--,2,1672,卖盘
309,14:21:10,8.36,--,19,15883,卖盘
310,14:21:07,8.36,--,30,25080,卖盘
311,14:21:04,8.36,--,10,8360,卖盘
312,14:20:43,8.36,--,105,87780,卖盘
313,14:20:40,8.36,--,190,158840,卖盘
314,14:19:55,8.36,--,173,144628,卖盘
315,14:19:28,8.36,--,16,13376,卖盘
316,14:19:25,8.36,--,10,8360,卖盘
317,14:19:10,8.36,-0.01,40,33440,卖盘
318,14:18:52,8.37,0.01,5,4185,买盘
319,14:18:43,8.36,--,10,8360,卖盘
320,14:18:34,8.36,--,189,158004,卖盘
321,14:18:31,8.36,--,20,16720,卖盘
322,14:18:16,8.36,--,50,41800,卖盘
323,14:18:10,8.36,--,2,1672,卖盘
324,14:18:00,8.36,-0.01,21,17556,卖盘
325,14:17:54,8.37,--,14,11717,买盘
326,14:17:36,8.37,-0.01,19,15902,买盘
327,14:17:15,8.38,0.02,250,209500,买盘
328,14:17:00,8.36,-0.01,113,94468,卖盘
329,14:16:51,8.37,0.01,179,149823,买盘
330,14:16:39,8.36,--,5,4180,卖盘
331,14:16:36,8.36,--,100,83600,卖盘
332,14:16:30,8.36,--,40,33440,卖盘
333,14:16:12,8.36,--,32,26752,卖盘
334,14:16:00,8.36,-0.01,24,20064,卖盘
335,14:15:54,8.37,--,90,75330,买盘
336,14:15:45,8.37,--,102,85373,买盘
337,14:15:27,8.37,--,154,128897,买盘
338,14:15:21,8.37,--,2,1673,买盘
339,14:15:09,8.37,0.01,2,1673,买盘
340,14:15:03,8.36,--,43,35948,卖盘
341,14:14:57,8.36,--,1,836,卖盘
342,14:14:54,8.36,--,18,15047,卖盘
343,14:14:45,8.36,--,10,8360,卖盘
344,14:14:39,8.36,-0.01,41,34276,卖盘
345,14:14:30,8.37,0.01,6,5021,买盘
346,14:14:27,8.36,--,60,50160,卖盘
347,14:14:21,8.36,--,15,12540,卖盘
348,14:14:18,8.36,0.01,238,198968,买盘
349,14:14:00,8.35,-0.01,10,8350,卖盘
350,14:13:51,8.36,0.01,2,1672,买盘
351,14:13:48,8.35,--,10,8350,卖盘
352,14:13:42,8.35,-0.01,20,16700,卖盘
353,14:13:30,8.36,0.01,10,8360,买盘
354,14:13:15,8.35,--,5,4175,卖盘
355,14:13:09,8.35,--,13,10855,卖盘
356,14:13:06,8.35,--,10,8350,卖盘
357,14:12:57,8.35,--,5,4175,卖盘
358,14:12:42,8.35,--,2,1670,卖盘
359,14:12:27,8.35,--,10,8350,卖盘
360,14:12:21,8.35,--,10,8350,卖盘
361,14:12:18,8.35,--,20,16700,卖盘
362,14:12:15,8.35,--,20,16700,卖盘
363,14:12:06,8.35,-0.01,4,3340,卖盘
364,14:12:00,8.36,--,2,1672,买盘
365,14:11:54,8.36,--,34,28423,卖盘
366,14:11:51,8.36,--,25,20900,买盘
367,14:11:36,8.36,0.01,42,35112,买盘
368,14:11:30,8.35,-0.01,2,1670,卖盘
369,14:11:27,8.36,--,42,35112,买盘
370,14:11:12,8.36,--,10,8360,买盘
371,14:11:06,8.36,--,6,5016,卖盘
372,14:10:57,8.36,--,7,5852,买盘
373,14:10:54,8.36,-0.01,292,244111,卖盘
374,14:10:39,8.37,--,20,16740,买盘
375,14:10:30,8.37,0.01,2,1673,买盘
376,14:10:24,8.36,-0.01,2,1672,卖盘
377,14:10:18,8.37,--,2,1673,买盘
378,14:10:15,8.37,--,278,232685,买盘
379,14:10:12,8.37,--,7,5858,买盘
380,14:10:06,8.37,--,5,4185,买盘
381,14:09:57,8.37,0.01,40,33480,买盘
382,14:09:54,8.36,--,2,1672,卖盘
383,14:09:48,8.36,-0.01,100,83600,卖盘
384,14:09:45,8.37,--,11,9207,买盘
385,14:09:24,8.37,--,15,12554,买盘
386,14:09:21,8.37,--,28,23435,买盘
387,14:09:12,8.37,--,15,12554,买盘
388,14:09:00,8.37,0.01,24,20087,买盘
389,14:08:51,8.36,-0.01,33,27587,卖盘
390,14:08:48,8.37,--,32,26783,买盘
391,14:08:45,8.37,0.01,2,1673,买盘
392,14:08:33,8.36,-0.01,6,5016,卖盘
393,14:08:30,8.37,--,9,7532,买盘
394,14:08:21,8.37,0.01,7,5858,买盘
395,14:08:15,8.36,--,25,20900,卖盘
396,14:08:09,8.36,-0.01,22,18392,卖盘
397,14:07:57,8.37,--,100,83699,买盘
398,14:07:36,8.37,--,26,21761,买盘
399,14:07:30,8.37,--,44,36828,卖盘
400,14:07:27,8.37,--,10,8370,卖盘
401,14:07:24,8.37,--,21,17577,卖盘
402,14:07:21,8.37,-0.01,85,71145,卖盘
403,14:07:18,8.38,0.01,13,10894,买盘
404,14:07:15,8.37,--,20,16740,卖盘
405,14:07:09,8.37,--,300,251099,卖盘
406,14:07:06,8.37,--,336,281232,卖盘
407,14:07:03,8.37,--,20,16740,卖盘
408,14:07:00,8.37,--,10,8370,卖盘
409,14:06:54,8.37,--,10,8370,卖盘
410,14:06:51,8.37,--,30,25109,卖盘
411,14:06:45,8.37,--,20,16740,卖盘
412,14:06:33,8.37,-0.01,63,52730,卖盘
413,14:06:27,8.38,--,22,18436,买盘
414,14:06:21,8.38,--,18,15084,买盘
415,14:06:15,8.38,--,22,18436,买盘
416,14:06:09,8.38,--,22,18436,买盘
417,14:06:06,8.38,0.01,21,17598,买盘
418,14:06:03,8.37,-0.01,3,2510,卖盘
419,14:06:00,8.38,0.01,22,18436,买盘
420,14:05:51,8.37,--,26,21761,卖盘
421,14:05:39,8.37,--,23,19251,卖盘
422,14:05:30,8.37,--,1,836,卖盘
423,14:05:27,8.37,0.01,131,109646,买盘
424,14:05:21,8.36,-0.01,30,25080,卖盘
425,14:05:18,8.37,--,22,18414,买盘
426,14:05:06,8.37,--,5,4185,买盘
427,14:05:03,8.37,--,22,18414,买盘
428,14:05:00,8.37,0.01,60,50219,买盘
429,14:04:57,8.36,-0.01,120,100320,卖盘
430,14:04:51,8.37,--,22,18414,买盘
431,14:04:45,8.37,0.01,50,41849,买盘
432,14:04:42,8.36,-0.01,10,8360,卖盘
433,14:04:36,8.37,--,22,18414,买盘
434,14:04:18,8.37,0.01,25,20924,买盘
435,14:04:06,8.36,-0.01,30,25080,卖盘
436,14:03:48,8.37,--,21,17577,买盘
437,14:03:45,8.37,0.01,100,83699,买盘
438,14:03:42,8.36,-0.01,56,46816,卖盘
439,14:03:21,8.37,0.01,50,41849,买盘
440,14:03:18,8.36,--,10,8360,卖盘
441,14:03:12,8.36,--,2,1672,卖盘
442,14:02:48,8.36,--,11,9196,卖盘
443,14:02:45,8.36,-0.01,30,25080,卖盘
444,14:02:36,8.37,--,50,41849,买盘
445,14:02:21,8.37,--,126,105461,买盘
446,14:02:18,8.37,--,30,25109,买盘
447,14:01:57,8.37,--,62,51893,买盘
448,14:01:39,8.37,--,300,251099,卖盘
449,14:01:30,8.37,-0.01,43,35991,卖盘
450,14:01:24,8.38,0.01,4,3352,买盘
451,14:01:12,8.37,-0.01,2,1673,卖盘
452,14:01:09,8.38,0.01,20,16760,买盘
453,14:01:03,8.37,--,32,26783,卖盘
454,14:00:51,8.37,--,10,8370,卖盘
455,14:00:48,8.37,-0.01,20,16740,卖盘
456,14:00:45,8.38,0.01,20,16760,买盘
457,14:00:42,8.37,--,40,33480,卖盘
458,14:00:36,8.37,--,106,88721,买盘
459,14:00:27,8.37,--,200,167399,买盘
460,14:00:24,8.37,--,206,172421,卖盘
461,14:00:15,8.37,--,21,17577,卖盘
462,14:00:06,8.37,--,20,16740,卖盘
463,13:59:57,8.37,--,121,101276,买盘
464,13:59:54,8.37,--,66,55241,买盘
465,13:59:51,8.37,--,66,55241,买盘
466,13:59:48,8.37,--,3,2510,买盘
467,13:59:39,8.37,--,300,251099,买盘
468,13:59:36,8.37,0.01,205,171584,买盘
469,13:59:30,8.36,--,15,12540,卖盘
470,13:59:24,8.36,--,151,126235,买盘
471,13:59:21,8.36,--,203,169708,买盘
472,13:59:14,8.36,--,20,16720,买盘
473,13:59:11,8.36,--,252,210672,买盘
474,13:59:08,8.36,--,50,41800,买盘
475,13:59:05,8.36,0.01,424,354464,买盘
476,13:58:56,8.35,--,502,419186,买盘
477,13:58:50,8.35,--,20,16700,买盘
478,13:58:47,8.35,--,9,7515,买盘
479,13:58:44,8.35,--,43,35905,买盘
480,13:58:32,8.35,--,2,1670,买盘
481,13:58:20,8.35,0.01,2,1670,买盘
482,13:58:14,8.34,-0.01,100,83400,卖盘
483,13:58:11,8.35,--,13,10855,买盘
484,13:58:08,8.35,--,40,33400,买盘
485,13:57:44,8.35,0.01,10,8350,买盘
486,13:57:41,8.34,--,20,16680,卖盘
487,13:57:38,8.34,-0.01,55,45870,卖盘
488,13:57:29,8.35,--,20,16700,买盘
489,13:57:23,8.35,--,94,78490,买盘
490,13:57:11,8.35,0.01,5,4175,买盘
491,13:57:08,8.34,--,49,40866,卖盘
492,13:57:05,8.34,-0.01,33,27530,卖盘
493,13:57:02,8.35,0.01,5,4175,买盘
494,13:56:50,8.34,--,25,20850,卖盘
495,13:56:47,8.34,--,9,7506,卖盘
496,13:56:41,8.34,--,181,150954,买盘
497,13:56:38,8.34,--,7,5838,买盘
498,13:56:29,8.34,--,500,417000,买盘
499,13:56:02,8.34,--,2,1668,买盘
500,13:55:59,8.34,--,109,90906,买盘
501,13:55:50,8.34,--,336,280224,卖盘
502,13:55:44,8.34,--,16,13344,卖盘
503,13:55:38,8.34,--,5,4170,卖盘
504,13:55:20,8.34,--,57,47538,卖盘
505,13:55:08,8.34,-0.01,5,4170,卖盘
506,13:55:05,8.35,--,30,25050,买盘
507,13:54:35,8.35,--,5,4175,买盘
508,13:54:14,8.35,0.01,7,5845,买盘
509,13:53:56,8.34,-0.01,5,4170,卖盘
510,13:53:41,8.35,0.01,10,8350,买盘
511,13:53:35,8.34,--,10,8340,卖盘
512,13:52:44,8.34,--,1,834,卖盘
513,13:52:23,8.34,--,60,50040,卖盘
514,13:51:59,8.34,--,7,5838,卖盘
515,13:51:41,8.34,--,20,16680,卖盘
516,13:51:17,8.34,--,20,16680,卖盘
517,13:51:11,8.34,-0.01,11,9174,卖盘
518,13:50:53,8.35,--,10,8350,买盘
519,13:50:47,8.35,--,10,8350,买盘
520,13:50:38,8.35,--,1,835,买盘
521,13:50:32,8.35,0.01,27,22545,买盘
522,13:50:23,8.34,-0.01,150,125100,卖盘
523,13:50:02,8.35,0.01,50,41750,买盘
524,13:49:59,8.34,--,1,834,卖盘
525,13:49:56,8.34,-0.01,10,8340,卖盘
526,13:49:53,8.35,0.01,10,8350,买盘
527,13:49:47,8.34,--,3,2502,卖盘
528,13:49:44,8.34,--,17,14178,卖盘
529,13:49:17,8.34,--,20,16680,卖盘
530,13:49:02,8.34,--,2,1668,卖盘
531,13:48:59,8.34,--,2,1668,卖盘
532,13:48:53,8.34,--,2,1668,卖盘
533,13:48:47,8.34,--,15,12510,卖盘
534,13:48:23,8.34,-0.01,196,164281,卖盘
535,13:48:14,8.35,--,205,171175,卖盘
536,13:48:11,8.35,--,4,3340,卖盘
537,13:47:59,8.35,--,300,250500,卖盘
538,13:47:50,8.35,-0.01,50,41750,卖盘
539,13:47:44,8.36,0.01,1,836,买盘
540,13:47:41,8.35,--,30,25050,卖盘
541,13:47:23,8.35,--,211,176185,卖盘
542,13:47:05,8.35,--,30,25050,卖盘
543,13:47:02,8.35,-0.01,20,16700,卖盘
544,13:46:59,8.36,--,5,4180,买盘
545,13:46:53,8.36,--,63,52668,买盘
546,13:46:50,8.36,--,23,19228,买盘
547,13:46:29,8.36,0.01,40,33440,买盘
548,13:46:26,8.35,--,30,25050,卖盘
549,13:45:53,8.35,-0.01,19,15865,卖盘
550,13:45:50,8.36,--,2,1672,买盘
551,13:45:47,8.36,--,50,41800,买盘
552,13:45:38,8.36,--,162,135432,卖盘
553,13:45:35,8.36,-0.01,2,1672,卖盘
554,13:45:32,8.37,0.01,4,3347,买盘
555,13:45:26,8.36,--,13,10868,卖盘
556,13:45:23,8.36,--,2,1672,卖盘
557,13:45:20,8.36,--,60,50160,卖盘
558,13:45:17,8.36,--,310,259159,卖盘
559,13:45:14,8.36,--,93,77748,卖盘
560,13:45:08,8.36,--,4,3344,卖盘
561,13:44:59,8.36,--,20,16720,卖盘
562,13:44:50,8.36,-0.01,20,16720,卖盘
563,13:44:41,8.37,0.01,5,4185,买盘
564,13:44:32,8.36,-0.01,2,1672,卖盘
565,13:44:26,8.37,0.01,97,81188,买盘
566,13:44:08,8.36,--,99,82764,卖盘
567,13:44:02,8.36,--,3,2508,卖盘
568,13:43:59,8.36,--,46,38456,卖盘
569,13:43:56,8.36,--,225,188100,买盘
570,13:43:50,8.36,0.01,13,10868,买盘
571,13:43:47,8.35,-0.01,4,3340,卖盘
572,13:43:41,8.36,0.01,135,112859,买盘
573,13:43:38,8.35,-0.01,4,3340,卖盘
574,13:43:32,8.36,--,100,83600,买盘
575,13:43:29,8.36,--,20,16720,买盘
576,13:43:17,8.36,--,50,41800,买盘
577,13:43:11,8.36,--,19,15883,买盘
578,13:43:08,8.36,0.01,27,22572,买盘
579,13:43:02,8.35,-0.01,77,64295,卖盘
580,13:42:59,8.36,--,5,4180,卖盘
581,13:42:50,8.36,--,800,668800,买盘
582,13:42:44,8.36,--,50,41800,买盘
583,13:42:41,8.36,0.01,32,26752,买盘
584,13:42:14,8.35,--,20,16700,卖盘
585,13:42:05,8.35,--,608,507696,买盘
586,13:41:59,8.35,--,8,6680,买盘
587,13:41:53,8.35,--,9,7515,买盘
588,13:41:50,8.35,--,18,15030,买盘
589,13:41:44,8.35,--,207,172845,卖盘
590,13:41:38,8.35,-0.01,200,167000,卖盘
591,13:41:26,8.36,0.01,20,16720,买盘
592,13:41:17,8.35,--,20,16700,卖盘
593,13:41:14,8.35,--,5,4175,卖盘
594,13:41:08,8.35,--,636,531060,买盘
595,13:40:53,8.35,0.01,20,16700,买盘
596,13:40:50,8.34,-0.01,1,834,卖盘
597,13:40:44,8.35,--,10,8350,买盘
598,13:40:35,8.35,0.01,2,1670,买盘
599,13:40:23,8.34,-0.01,1,834,卖盘
600,13:40:17,8.35,0.01,2,1670,买盘
601,13:40:05,8.34,-0.01,34,28356,卖盘
602,13:39:44,8.35,--,281,234635,卖盘
603,13:39:41,8.35,--,7,5845,卖盘
604,13:39:29,8.35,--,20,16700,卖盘
605,13:39:23,8.35,--,54,45090,卖盘
606,13:39:17,8.35,--,5,4175,卖盘
607,13:39:05,8.35,--,32,26720,卖盘
608,13:38:52,8.35,--,80,66800,卖盘
609,13:38:37,8.35,--,100,83500,卖盘
610,13:38:34,8.35,--,5,4175,卖盘
611,13:38:22,8.35,--,1,835,卖盘
612,13:38:13,8.35,--,248,207080,买盘
613,13:38:10,8.35,--,13,10855,买盘
614,13:38:07,8.35,--,10,8350,买盘
615,13:37:46,8.35,0.01,20,16700,中性盘
616,13:37:37,8.34,-0.01,60,50040,卖盘
617,13:37:31,8.35,--,15,12525,卖盘
618,13:37:28,8.35,--,49,40915,买盘
619,13:37:25,8.35,--,10,8350,买盘
620,13:37:19,8.35,--,30,25050,买盘
621,13:37:13,8.35,--,2,1670,卖盘
622,13:37:10,8.35,--,84,70140,买盘
623,13:37:04,8.35,--,2,1670,买盘
624,13:36:55,8.35,--,100,83500,买盘
625,13:36:40,8.35,--,5,4175,买盘
626,13:36:34,8.35,--,30,25050,买盘
627,13:36:31,8.35,--,15,12525,买盘
628,13:36:25,8.35,--,5,4175,买盘
629,13:36:19,8.35,--,70,58450,卖盘
630,13:36:07,8.35,--,5,4175,卖盘
631,13:35:58,8.35,--,18,15030,卖盘
632,13:35:55,8.35,--,32,26720,卖盘
633,13:35:52,8.35,0.01,8,6680,买盘
634,13:35:49,8.34,-0.01,6,5004,卖盘
635,13:35:46,8.35,--,58,48430,卖盘
636,13:35:40,8.35,--,1,835,卖盘
637,13:35:31,8.35,--,35,29225,卖盘
638,13:35:28,8.35,--,60,50100,卖盘
639,13:35:25,8.35,--,2,1670,卖盘
640,13:35:22,8.35,--,365,304775,买盘
641,13:35:19,8.35,--,30,25050,买盘
642,13:35:13,8.35,0.01,8,6680,买盘
643,13:35:10,8.34,--,42,35028,卖盘
644,13:35:07,8.34,-0.01,57,47538,卖盘
645,13:35:01,8.35,--,15,12525,买盘
646,13:34:58,8.35,0.01,50,41750,买盘
647,13:34:55,8.34,--,1,834,卖盘
648,13:34:52,8.34,--,2,1668,卖盘
649,13:34:43,8.34,--,244,203496,买盘
650,13:34:37,8.34,--,18,15012,买盘
651,13:34:31,8.34,0.01,1,834,买盘
652,13:34:22,8.33,-0.01,5,4165,卖盘
653,13:34:16,8.34,--,31,25854,买盘
654,13:34:07,8.34,--,29,24186,买盘
655,13:33:55,8.34,0.01,100,83400,买盘
656,13:33:13,8.33,--,58,48314,买盘
657,13:33:07,8.33,0.01,18,14994,买盘
658,13:32:58,8.32,--,2,1664,卖盘
659,13:32:43,8.32,-0.01,56,46592,卖盘
660,13:32:40,8.33,0.01,100,83300,买盘
661,13:32:31,8.32,-0.01,12,9984,卖盘
662,13:32:07,8.33,--,20,16660,买盘
663,13:32:01,8.33,--,30,24990,买盘
664,13:31:46,8.33,--,33,27489,买盘
665,13:31:28,8.33,-0.01,133,110813,卖盘
666,13:31:22,8.34,0.01,54,45036,买盘
667,13:31:16,8.33,-0.01,5,4165,卖盘
668,13:31:04,8.34,0.01,350,291900,买盘
669,13:31:01,8.33,--,50,42458,卖盘
670,13:30:55,8.33,--,84,69972,买盘
671,13:30:49,8.33,--,3,2499,买盘
672,13:30:43,8.33,--,1,833,买盘
673,13:30:37,8.33,--,11,9163,卖盘
674,13:30:34,8.33,--,30,24990,卖盘
675,13:30:31,8.33,--,2,1666,卖盘
676,13:30:28,8.33,--,2,1666,卖盘
677,13:30:25,8.33,0.01,37,30821,买盘
678,13:30:22,8.32,-0.01,5,4160,卖盘
679,13:30:13,8.33,--,2,1666,买盘
680,13:30:10,8.33,--,220,183260,卖盘
681,13:29:58,8.33,--,91,75803,卖盘
682,13:29:55,8.33,--,2,1666,卖盘
683,13:29:52,8.33,--,100,83300,卖盘
684,13:29:43,8.33,--,10,8330,卖盘
685,13:29:40,8.33,--,1,833,卖盘
686,13:29:25,8.33,--,308,256564,买盘
687,13:29:19,8.33,--,435,362355,买盘
688,13:29:07,8.33,--,32,26656,买盘
689,13:29:04,8.33,--,53,44149,买盘
690,13:29:01,8.33,0.01,20,16660,买盘
691,13:28:58,8.32,-0.01,37,30784,卖盘
692,13:28:46,8.33,--,14,11662,买盘
693,13:28:37,8.33,--,50,41650,买盘
694,13:28:28,8.33,0.01,50,41650,买盘
695,13:28:04,8.32,-0.01,2,1664,卖盘
696,13:27:58,8.33,0.01,20,16660,买盘
697,13:27:55,8.32,--,8,6656,卖盘
698,13:27:52,8.32,--,1,832,卖盘
699,13:27:28,8.32,--,29,24128,买盘
700,13:27:13,8.32,0.01,20,16640,买盘
701,13:27:01,8.31,-0.01,25,20775,卖盘
702,13:26:55,8.32,0.01,10,8320,买盘
703,13:26:43,8.31,-0.01,95,78945,卖盘
704,13:26:28,8.32,--,20,16640,买盘
705,13:26:13,8.32,--,6,4992,买盘
706,13:25:10,8.32,--,35,29120,买盘
707,13:25:07,8.32,--,16,13312,买盘
708,13:25:04,8.32,--,23,19136,买盘
709,13:24:52,8.32,--,276,229632,卖盘
710,13:24:34,8.32,0.01,80,66560,中性盘
711,13:24:28,8.31,-0.02,510,423810,卖盘
712,13:24:10,8.33,0.01,12,9996,买盘
713,13:23:58,8.32,0.01,29,24128,买盘
714,13:23:52,8.31,-0.01,10,8310,卖盘
715,13:23:49,8.32,--,29,24128,买盘
716,13:23:43,8.32,--,100,83200,买盘
717,13:23:31,8.32,0.01,79,65728,买盘
718,13:23:16,8.31,-0.01,100,83100,卖盘
719,13:22:55,8.32,--,546,454272,买盘
720,13:22:40,8.32,0.01,6,4992,买盘
721,13:22:37,8.31,--,2,1662,卖盘
722,13:22:13,8.31,--,50,41982,买盘
723,13:22:04,8.31,--,88,73128,买盘
724,13:21:46,8.31,--,37,30747,买盘
725,13:21:22,8.31,--,3,2493,买盘
726,13:21:19,8.31,--,37,30747,买盘
727,13:21:07,8.31,--,5,4155,买盘
728,13:20:58,8.31,--,20,16620,买盘
729,13:20:34,8.31,--,7,5817,买盘
730,13:20:25,8.31,--,5,4155,买盘
731,13:20:10,8.31,--,156,130034,卖盘
732,13:20:07,8.31,--,5,4155,卖盘
733,13:20:04,8.31,--,15,12465,卖盘
734,13:19:58,8.31,--,77,63987,卖盘
735,13:19:55,8.31,--,10,8310,卖盘
736,13:19:46,8.31,--,71,59001,卖盘
737,13:19:40,8.31,--,20,16620,卖盘
738,13:19:34,8.31,--,20,16620,卖盘
739,13:19:22,8.31,--,10,8310,卖盘
740,13:19:13,8.31,-0.01,1,831,卖盘
741,13:19:10,8.32,--,61,50752,买盘
742,13:17:33,8.32,0.01,12,9984,买盘
743,13:17:15,8.31,--,1,831,卖盘
744,13:17:12,8.31,-0.01,8,6648,卖盘
745,13:17:03,8.32,0.01,28,23296,买盘
746,13:16:48,8.31,-0.01,10,8310,卖盘
747,13:16:27,8.32,--,5,4160,买盘
748,13:16:24,8.32,--,2,1664,买盘
749,13:16:09,8.32,--,3,2496,买盘
750,13:15:57,8.32,0.01,10,8320,买盘
751,13:15:48,8.31,-0.01,17,14559,卖盘
752,13:15:45,8.32,--,89,74048,买盘
753,13:15:18,8.32,0.01,37,30784,买盘
754,13:14:54,8.31,-0.01,3,2493,卖盘
755,13:14:45,8.32,--,39,32448,买盘
756,13:14:24,8.32,0.01,50,41600,买盘
757,13:13:45,8.31,--,1,831,卖盘
758,13:13:27,8.31,--,12,9972,买盘
759,13:13:18,8.31,--,3,2493,卖盘
760,13:12:12,8.31,--,33,27423,买盘
761,13:11:51,8.31,--,35,29085,买盘
762,13:11:21,8.31,--,20,16620,买盘
763,13:11:18,8.31,--,41,34071,卖盘
764,13:11:12,8.31,--,4,3324,卖盘
765,13:11:00,8.31,--,55,45705,卖盘
766,13:10:18,8.31,0.01,33,27423,买盘
767,13:10:15,8.3,-0.01,15,12450,卖盘
768,13:10:09,8.31,--,76,63156,买盘
769,13:10:03,8.31,--,63,52353,买盘
770,13:09:57,8.31,--,3,2493,买盘
771,13:09:54,8.31,--,50,41550,买盘
772,13:09:45,8.31,--,2,1662,买盘
773,13:08:36,8.31,--,11,9141,买盘
774,13:08:30,8.31,0.01,11,9141,买盘
775,13:07:54,8.3,--,17,14110,卖盘
776,13:07:18,8.3,--,50,41500,卖盘
777,13:07:03,8.3,--,5,4150,卖盘
778,13:06:27,8.3,-0.01,56,46480,卖盘
779,13:06:09,8.31,0.01,111,92241,买盘
780,13:05:33,8.3,--,245,203350,买盘
781,13:05:15,8.3,--,29,24070,买盘
782,13:05:12,8.3,--,5,4150,买盘
783,13:04:45,8.3,--,2,1660,买盘
784,13:04:27,8.3,--,5,4150,卖盘
785,13:04:06,8.3,--,9,7470,买盘
786,13:03:51,8.3,--,389,322870,买盘
787,13:03:03,8.3,--,2,1660,买盘
788,13:02:42,8.3,--,250,207500,卖盘
789,13:02:24,8.3,-0.01,6,4980,卖盘
790,13:02:15,8.31,--,46,38226,买盘
791,13:01:42,8.31,0.01,32,26592,买盘
792,13:01:32,8.3,-0.01,700,581000,卖盘
793,13:01:29,8.31,--,12,9972,买盘
794,13:01:14,8.31,0.01,20,16620,买盘
795,13:00:08,8.3,--,5,4150,卖盘
796,13:00:05,8.3,0.01,541,449030,买盘
797,13:00:02,8.29,--,28,23211,卖盘
798,11:28:57,8.29,--,10,8290,卖盘
799,11:28:18,8.29,-0.01,24,19895,卖盘
800,11:27:27,8.3,0.01,6,4980,买盘
801,11:26:24,8.29,-0.01,7,5802,卖盘
802,11:26:15,8.3,--,2,1660,买盘
803,11:25:39,8.3,0.01,58,48140,买盘
804,11:25:36,8.29,-0.01,12,9947,卖盘
805,11:25:30,8.3,--,25,20750,买盘
806,11:25:21,8.3,0.01,1,830,买盘
807,11:25:18,8.29,-0.01,10,8290,卖盘
808,11:25:00,8.3,0.01,100,83000,买盘
809,11:24:57,8.29,--,40,33160,卖盘
810,11:24:39,8.29,-0.01,6,4973,卖盘
811,11:24:21,8.3,0.01,4,3320,买盘
812,11:23:39,8.29,--,9,7460,卖盘
813,11:23:30,8.29,0.01,1,828,卖盘
814,11:23:21,8.28,-0.01,40,33120,卖盘
815,11:23:09,8.29,--,96,79583,买盘
816,11:22:36,8.29,--,10,8290,买盘
817,11:22:30,8.29,0.01,50,41449,买盘
818,11:21:45,8.28,-0.01,60,49679,卖盘
819,11:21:27,8.29,--,8,6631,买盘
820,11:21:21,8.29,--,112,92847,买盘
821,11:21:03,8.29,0.01,30,24869,买盘
822,11:21:00,8.28,-0.01,4,3311,卖盘
823,11:20:54,8.29,--,50,41449,买盘
824,11:20:27,8.29,0.01,2,1657,买盘
825,11:20:21,8.28,--,2,1655,卖盘
826,11:20:00,8.28,-0.01,100,82800,卖盘
827,11:19:48,8.29,0.01,156,129323,买盘
828,11:19:39,8.28,-0.01,200,165600,卖盘
829,11:19:36,8.29,0.01,1,828,买盘
830,11:19:27,8.28,--,38,31463,卖盘
831,11:19:18,8.28,-0.01,30,24839,卖盘
832,11:19:12,8.29,--,1,828,买盘
833,11:19:09,8.29,--,2,1657,买盘
834,11:19:06,8.29,--,1,828,买盘
835,11:18:48,8.29,--,10,8290,买盘
836,11:18:42,8.29,--,2,1657,买盘
837,11:18:21,8.29,0.01,20,16580,买盘
838,11:18:18,8.28,-0.01,30,24839,卖盘
839,11:17:57,8.29,--,23,19066,买盘
840,11:17:39,8.29,--,10,8290,买盘
841,11:17:24,8.29,--,1,828,买盘
842,11:17:21,8.29,--,6,4973,卖盘
843,11:17:09,8.29,--,66,54713,卖盘
844,11:17:06,8.29,0.01,315,261134,买盘
845,11:17:03,8.28,--,1,827,卖盘
846,11:17:00,8.28,-0.01,3,2484,卖盘
847,11:16:54,8.29,0.01,18,14921,买盘
848,11:16:48,8.28,--,5,4140,卖盘
849,11:16:42,8.28,--,10,8280,卖盘
850,11:16:39,8.28,--,158,130823,买盘
851,11:16:33,8.28,--,27,22356,卖盘
852,11:16:30,8.28,0.01,8,6623,卖盘
853,11:16:27,8.27,-0.01,281,232387,卖盘
854,11:16:24,8.28,--,3,2484,卖盘
855,11:16:12,8.28,--,23,19044,卖盘
856,11:16:03,8.28,--,5,4140,卖盘
857,11:15:57,8.28,--,84,69552,卖盘
858,11:15:48,8.28,--,13,10764,卖盘
859,11:15:45,8.28,--,46,38088,卖盘
860,11:15:36,8.28,--,66,54647,卖盘
861,11:15:21,8.28,--,351,290628,卖盘
862,11:15:15,8.28,--,2,1655,卖盘
863,11:15:12,8.28,--,162,134136,卖盘
864,11:15:03,8.28,--,2,1655,卖盘
865,11:15:00,8.28,-0.01,30,24839,卖盘
866,11:14:57,8.29,--,232,192327,卖盘
867,11:14:51,8.29,--,13,10776,卖盘
868,11:14:48,8.29,--,239,198130,卖盘
869,11:14:45,8.29,--,121,100308,卖盘
870,11:14:42,8.29,-0.01,4,3315,卖盘
871,11:14:24,8.3,0.01,5,4150,买盘
872,11:14:18,8.29,-0.01,547,453462,卖盘
873,11:14:15,8.3,--,2,1660,卖盘
874,11:14:06,8.3,--,2,1660,卖盘
875,11:13:57,8.3,--,15,12450,卖盘
876,11:13:54,8.3,-0.01,8,6640,卖盘
877,11:13:51,8.31,0.01,1,831,买盘
878,11:13:39,8.3,--,150,124500,卖盘
879,11:13:36,8.3,--,2,1660,卖盘
880,11:13:30,8.3,-0.01,56,46480,卖盘
881,11:13:27,8.31,--,72,59832,买盘
882,11:13:21,8.31,0.01,20,16620,买盘
883,11:13:09,8.3,-0.01,11,9130,卖盘
884,11:13:00,8.31,--,5,4155,买盘
885,11:12:48,8.31,0.01,31,25761,买盘
886,11:12:45,8.3,-0.01,1,830,卖盘
887,11:12:42,8.31,--,50,41550,买盘
888,11:12:39,8.31,--,1,831,买盘
889,11:12:24,8.31,--,11,9141,买盘
890,11:12:21,8.31,0.01,5,4155,买盘
891,11:12:02,8.3,-0.01,10,8300,卖盘
892,11:11:59,8.31,--,100,83100,买盘
893,11:11:50,8.31,--,1,831,买盘
894,11:11:44,8.31,--,8,6648,买盘
895,11:11:41,8.31,0.01,20,16620,买盘
896,11:11:38,8.3,-0.01,40,33200,卖盘
897,11:11:20,8.31,0.01,5,4155,中性盘
898,11:11:02,8.3,-0.02,36,29880,卖盘
899,11:10:50,8.32,0.02,1,832,买盘
900,11:10:20,8.3,0.01,1156,959480,买盘
901,11:10:11,8.29,--,55,45594,卖盘
902,11:10:08,8.29,--,20,16580,卖盘
903,11:09:59,8.29,--,18,14921,卖盘
904,11:09:53,8.29,--,78,64661,卖盘
905,11:09:35,8.29,--,114,94505,买盘
906,11:09:29,8.29,--,72,59687,买盘
907,11:09:20,8.29,--,313,259476,卖盘
908,11:09:14,8.29,--,10,8290,卖盘
909,11:09:05,8.29,--,123,101966,卖盘
910,11:08:47,8.29,--,30,24869,买盘
911,11:08:44,8.29,--,110,91189,买盘
912,11:08:41,8.29,--,30,24869,买盘
913,11:08:32,8.29,--,23,19066,买盘
914,11:08:29,8.29,--,14,11605,买盘
915,11:08:26,8.29,0.01,64,53055,买盘
916,11:08:20,8.28,-0.01,235,194579,卖盘
917,11:08:17,8.29,--,17,14092,买盘
918,11:08:05,8.29,--,10,8290,买盘
919,11:08:02,8.29,--,50,41449,买盘
920,11:07:50,8.29,--,13,10776,买盘
921,11:07:41,8.29,--,20,16580,买盘
922,11:07:20,8.29,0.01,2,1657,买盘
923,11:07:17,8.28,--,25,20700,卖盘
924,11:07:05,8.28,--,4,3311,卖盘
925,11:06:53,8.28,--,58,48023,卖盘
926,11:06:47,8.28,-0.01,10,8280,卖盘
927,11:06:41,8.29,--,50,41449,买盘
928,11:06:26,8.29,0.01,24,19895,买盘
929,11:06:17,8.28,-0.01,98,81144,卖盘
930,11:06:11,8.29,--,2,1657,买盘
931,11:06:05,8.29,0.01,10,8290,买盘
932,11:06:02,8.28,-0.01,15,12419,卖盘
933,11:05:59,8.29,0.01,9,7460,买盘
934,11:05:53,8.28,--,50,41400,卖盘
935,11:05:41,8.28,-0.01,70,57959,卖盘
936,11:05:29,8.29,0.01,13,10776,买盘
937,11:05:26,8.28,--,21,17388,卖盘
938,11:05:02,8.28,--,16,13247,卖盘
939,11:04:38,8.28,--,5,4140,中性盘
940,11:04:29,8.28,--,32,26495,卖盘
941,11:04:26,8.28,--,6,4968,卖盘
942,11:04:23,8.28,--,15,12419,卖盘
943,11:04:17,8.28,0.01,231,191267,中性盘
944,11:03:38,8.27,--,80,66160,卖盘
945,11:03:32,8.27,--,10,8270,卖盘
946,11:03:26,8.27,-0.01,25,20675,卖盘
947,11:03:23,8.28,--,25,20700,买盘
948,11:03:17,8.28,--,10,8280,买盘
949,11:03:11,8.28,--,28,23184,卖盘
950,11:03:02,8.28,--,30,24839,卖盘
951,11:02:59,8.28,--,14,11592,卖盘
952,11:02:41,8.28,--,38,31463,买盘
953,11:02:38,8.28,--,2,1655,买盘
954,11:02:35,8.28,0.01,110,91080,买盘
955,11:02:32,8.27,--,8,6616,卖盘
956,11:02:08,8.27,-0.01,30,24810,卖盘
957,11:02:05,8.28,--,32,26495,买盘
958,11:01:56,8.28,--,72,59615,买盘
959,11:01:47,8.28,--,42,34776,买盘
960,11:01:38,8.28,--,48,39744,买盘
961,11:01:23,8.28,--,85,70471,卖盘
962,11:01:20,8.28,--,40,33120,卖盘
963,11:01:17,8.28,--,153,126683,卖盘
964,11:01:02,8.28,--,2,1655,卖盘
965,11:00:59,8.28,-0.01,171,141588,卖盘
966,11:00:56,8.29,0.01,100,82899,买盘
967,11:00:53,8.28,--,41,33948,卖盘
968,11:00:44,8.28,-0.01,40,33120,卖盘
969,11:00:41,8.29,0.01,10,8290,买盘
970,11:00:38,8.28,-0.01,130,107639,卖盘
971,11:00:17,8.29,--,10,8290,买盘
972,11:00:02,8.29,--,50,41449,买盘
973,10:59:56,8.29,--,208,172431,买盘
974,10:59:44,8.29,--,130,107769,买盘
975,10:59:41,8.29,--,113,93676,卖盘
976,10:59:32,8.29,0.01,187,155022,买盘
977,10:59:14,8.28,--,75,62836,买盘
978,10:59:08,8.28,--,27,22356,买盘
979,10:59:05,8.28,--,13,10764,买盘
980,10:58:59,8.28,--,69,57131,买盘
981,10:58:56,8.28,--,6,4968,买盘
982,10:58:53,8.28,-0.01,681,563959,卖盘
983,10:58:47,8.29,0.01,20,16580,买盘
984,10:58:41,8.28,-0.01,100,82800,卖盘
985,10:58:32,8.29,--,30,24869,买盘
986,10:58:29,8.29,0.01,1,828,买盘
987,10:58:26,8.28,--,5,4140,卖盘
988,10:58:23,8.28,--,5,4140,卖盘
989,10:58:14,8.28,-0.01,50,41400,卖盘
990,10:58:11,8.29,0.01,1,828,买盘
991,10:58:02,8.28,--,20,16560,卖盘
992,10:57:59,8.28,-0.01,2,1655,卖盘
993,10:57:56,8.29,0.01,100,82899,买盘
994,10:57:41,8.28,-0.01,25,20700,卖盘
995,10:57:38,8.29,0.01,77,63832,买盘
996,10:57:32,8.28,--,20,16560,卖盘
997,10:57:26,8.28,--,69,57868,买盘
998,10:57:23,8.28,--,20,16560,买盘
999,10:57:20,8.28,--,100,82800,买盘
1000,10:57:14,8.28,--,79,65503,卖盘
1001,10:57:05,8.28,--,72,59615,卖盘
1002,10:56:56,8.28,--,5,4140,卖盘
1003,10:56:53,8.28,--,313,259900,买盘
1004,10:56:50,8.28,--,13,10764,买盘
1005,10:56:47,8.28,--,44,36432,买盘
1006,10:56:38,8.28,--,120,99359,卖盘
1007,10:56:35,8.28,--,67,55475,卖盘
1008,10:56:32,8.28,-0.01,13,10764,卖盘
1009,10:56:29,8.29,--,103,85386,买盘
1010,10:56:26,8.29,0.01,5,4145,买盘
1011,10:56:23,8.28,0.01,20,16560,卖盘
1012,10:56:11,8.27,-0.01,50,41350,卖盘
1013,10:56:08,8.28,--,18,14903,买盘
1014,10:56:05,8.28,--,23,19044,买盘
1015,10:55:56,8.28,0.01,100,82800,买盘
1016,10:55:47,8.27,--,8,6616,卖盘
1017,10:55:41,8.27,--,8,6616,卖盘
1018,10:55:38,8.27,--,20,16540,卖盘
1019,10:55:35,8.27,-0.01,20,16540,卖盘
1020,10:55:32,8.28,0.01,20,16560,买盘
1021,10:55:29,8.27,--,10,8270,卖盘
1022,10:55:26,8.27,--,33,27291,卖盘
1023,10:55:23,8.27,-0.01,2,1654,卖盘
1024,10:55:20,8.28,0.01,4,3311,买盘
1025,10:55:14,8.27,--,18,14886,卖盘
1026,10:55:05,8.27,-0.01,8,6616,卖盘
1027,10:54:59,8.28,0.01,10,8280,买盘
1028,10:54:56,8.27,-0.01,78,64506,卖盘
1029,10:54:53,8.28,0.01,52,43056,买盘
1030,10:54:47,8.27,--,6,4962,卖盘
1031,10:54:44,8.27,0.01,1,827,中性盘
1032,10:54:35,8.26,--,51,42126,卖盘
1033,10:54:32,8.26,-0.01,25,20650,卖盘
1034,10:54:29,8.27,--,2,1654,买盘
1035,10:54:26,8.27,--,201,166227,买盘
1036,10:54:20,8.27,--,44,36388,卖盘
1037,10:54:17,8.27,-0.01,1100,909700,卖盘
1038,10:54:11,8.28,--,25,20700,卖盘
1039,10:54:05,8.28,-0.01,129,106811,卖盘
1040,10:53:59,8.29,--,1,828,卖盘
1041,10:53:56,8.29,--,20,16580,卖盘
1042,10:53:53,8.29,--,113,93676,卖盘
1043,10:53:50,8.29,--,476,394603,卖盘
1044,10:53:47,8.29,--,45,37304,卖盘
1045,10:53:44,8.29,--,45,37304,卖盘
1046,10:53:38,8.29,--,35,29014,卖盘
1047,10:53:29,8.29,-0.01,70,58029,卖盘
1048,10:53:26,8.3,--,10,8300,买盘
1049,10:53:17,8.3,--,1183,981890,卖盘
1050,10:53:14,8.3,--,56,46480,卖盘
1051,10:53:07,8.3,--,80,66400,卖盘
1052,10:52:58,8.3,--,2,1660,卖盘
1053,10:52:46,8.3,-0.01,600,498000,卖盘
1054,10:52:37,8.31,--,5,4155,卖盘
1055,10:52:22,8.31,--,5,4155,卖盘
1056,10:52:19,8.31,--,5,4155,卖盘
1057,10:52:10,8.31,--,4,3324,卖盘
1058,10:52:07,8.31,--,2,1662,卖盘
1059,10:52:04,8.31,--,3,2493,卖盘
1060,10:52:01,8.31,-0.01,3,2493,卖盘
1061,10:51:58,8.32,0.01,5,4160,买盘
1062,10:51:49,8.31,-0.01,1,831,卖盘
1063,10:51:43,8.32,0.01,9,7488,买盘
1064,10:51:31,8.31,-0.01,30,24930,卖盘
1065,10:51:16,8.32,--,151,126447,卖盘
1066,10:51:13,8.32,--,10,8320,卖盘
1067,10:50:37,8.32,-0.01,99,82368,卖盘
1068,10:50:19,8.33,0.01,114,94962,买盘
1069,10:49:58,8.32,--,12,9984,卖盘
1070,10:49:28,8.32,--,76,63248,买盘
1071,10:49:19,8.32,0.01,50,41600,买盘
1072,10:49:01,8.31,-0.01,16,13296,卖盘
1073,10:48:58,8.32,0.01,55,45760,买盘
1074,10:48:52,8.31,--,124,103044,卖盘
1075,10:48:49,8.31,--,15,12465,卖盘
1076,10:48:34,8.31,--,20,16620,卖盘
1077,10:48:07,8.31,--,60,49860,买盘
1078,10:48:01,8.31,--,25,20775,买盘
1079,10:47:52,8.31,--,2,1662,买盘
1080,10:47:46,8.31,-0.01,216,179496,卖盘
1081,10:47:40,8.32,-0.01,37,31599,卖盘
1082,10:47:25,8.33,0.01,600,499800,买盘
1083,10:47:22,8.32,--,2,1664,卖盘
1084,10:47:16,8.32,--,23,19136,卖盘
1085,10:47:01,8.32,0.01,342,284560,买盘
1086,10:46:58,8.31,--,19,15789,买盘
1087,10:46:55,8.31,--,40,33240,买盘
1088,10:46:52,8.31,--,3,2493,买盘
1089,10:46:46,8.31,--,2,1662,买盘
1090,10:46:37,8.31,--,156,130458,卖盘
1091,10:46:31,8.31,-0.01,7,5817,卖盘
1092,10:46:28,8.32,0.01,114,94848,买盘
1093,10:46:22,8.31,--,32,26592,卖盘
1094,10:46:13,8.31,--,26,21606,卖盘
1095,10:46:07,8.31,--,1,831,卖盘
1096,10:46:01,8.31,--,329,273399,卖盘
1097,10:45:52,8.31,--,57,47367,卖盘
1098,10:45:37,8.31,--,8,6648,卖盘
1099,10:45:25,8.31,--,3,2493,卖盘
1100,10:45:19,8.31,--,2,1662,卖盘
1101,10:45:13,8.31,--,56,46536,卖盘
1102,10:45:07,8.31,--,30,24930,卖盘
1103,10:45:01,8.31,-0.01,20,16620,卖盘
1104,10:44:58,8.32,--,2,1664,买盘
1105,10:44:52,8.32,--,12,9984,买盘
1106,10:44:49,8.32,0.01,104,86528,买盘
1107,10:44:46,8.31,-0.01,20,16620,卖盘
1108,10:44:43,8.32,--,66,54912,买盘
1109,10:44:28,8.32,--,4,3328,买盘
1110,10:44:22,8.32,0.01,80,66560,买盘
1111,10:44:16,8.31,--,83,68973,卖盘
1112,10:44:13,8.31,--,3,2493,卖盘
1113,10:44:01,8.31,-0.01,123,102213,卖盘
1114,10:43:58,8.32,0.01,101,84032,买盘
1115,10:43:55,8.31,--,2,1662,卖盘
1116,10:43:37,8.31,--,10,8310,卖盘
1117,10:43:31,8.31,-0.01,0,8,卖盘
1118,10:42:55,8.32,--,430,357760,卖盘
1119,10:42:52,8.32,--,20,16640,卖盘
1120,10:42:40,8.32,--,1,832,卖盘
1121,10:42:28,8.32,-0.01,39,32448,卖盘
1122,10:42:16,8.33,0.01,30,24990,买盘
1123,10:42:07,8.32,--,6,4992,卖盘
1124,10:42:04,8.32,-0.01,10,8320,卖盘
1125,10:41:37,8.33,--,2,1666,买盘
1126,10:41:19,8.33,--,16,13328,卖盘
1127,10:41:16,8.33,0.01,21,17493,买盘
1128,10:41:10,8.32,--,50,41600,卖盘
1129,10:41:07,8.32,--,174,144768,卖盘
1130,10:40:52,8.32,-0.01,1,832,卖盘
1131,10:40:46,8.33,--,21,17493,买盘
1132,10:40:37,8.33,--,1,833,买盘
1133,10:40:34,8.33,-0.01,1,833,中性盘
1134,10:40:28,8.34,0.01,625,521250,买盘
1135,10:40:19,8.33,--,50,41650,卖盘
1136,10:40:16,8.33,--,31,25823,卖盘
1137,10:40:07,8.33,--,126,104958,卖盘
1138,10:40:01,8.33,--,17,14161,卖盘
1139,10:39:58,8.33,--,240,199920,买盘
1140,10:39:49,8.33,-0.01,30,24990,中性盘
1141,10:39:28,8.34,0.02,1,834,买盘
1142,10:39:16,8.32,-0.01,303,252096,卖盘
1143,10:39:13,8.33,0.01,368,306544,买盘
1144,10:39:10,8.32,--,25,20800,卖盘
1145,10:39:01,8.32,--,1,832,卖盘
1146,10:38:49,8.32,--,1,832,卖盘
1147,10:38:43,8.32,-0.01,7,5824,卖盘
1148,10:38:13,8.33,--,3,2499,买盘
1149,10:38:10,8.33,--,10,8330,买盘
1150,10:37:46,8.33,--,12,9996,买盘
1151,10:37:31,8.33,0.01,17,14161,买盘
1152,10:37:01,8.32,--,29,24128,买盘
1153,10:36:58,8.32,--,100,83200,买盘
1154,10:36:52,8.32,--,30,24960,买盘
1155,10:36:40,8.32,0.01,10,8320,买盘
1156,10:36:34,8.31,-0.01,150,124650,卖盘
1157,10:36:22,8.32,--,21,17472,买盘
1158,10:36:13,8.32,0.01,2,1664,买盘
1159,10:36:10,8.31,-0.01,120,99720,卖盘
1160,10:36:04,8.32,--,16,13312,买盘
1161,10:35:43,8.32,0.01,20,16640,买盘
1162,10:35:37,8.31,-0.01,6,4986,卖盘
1163,10:35:34,8.32,0.01,4,3328,买盘
1164,10:35:31,8.31,-0.01,1,831,卖盘
1165,10:35:28,8.32,--,379,315328,卖盘
1166,10:35:25,8.32,--,5,4160,卖盘
1167,10:35:13,8.32,--,5,4160,卖盘
1168,10:35:07,8.32,--,202,168064,卖盘
1169,10:35:01,8.32,-0.01,10,8320,卖盘
1170,10:34:46,8.33,--,10,8330,买盘
1171,10:34:43,8.33,--,3,2499,买盘
1172,10:34:34,8.33,-0.01,147,122451,卖盘
1173,10:34:31,8.34,0.01,15,12510,买盘
1174,10:34:28,8.33,-0.01,28,23324,卖盘
1175,10:34:16,8.34,0.01,180,150120,买盘
1176,10:34:13,8.33,--,6,4998,卖盘
1177,10:34:04,8.33,--,29,24157,卖盘
1178,10:34:01,8.33,--,273,227409,买盘
1179,10:33:58,8.33,0.01,3,2499,买盘
1180,10:33:54,8.32,-0.01,2,1664,卖盘
1181,10:33:45,8.33,0.01,10,8330,买盘
1182,10:33:39,8.32,-0.01,9,7488,卖盘
1183,10:33:33,8.33,--,50,41650,买盘
1184,10:33:30,8.33,--,102,84966,买盘
1185,10:33:18,8.33,--,22,18326,买盘
1186,10:33:09,8.33,--,37,30821,买盘
1187,10:32:57,8.33,--,469,390677,卖盘
1188,10:32:45,8.33,-0.01,10,8330,卖盘
1189,10:32:30,8.34,0.01,40,33360,买盘
1190,10:32:18,8.33,--,8,6664,卖盘
1191,10:32:12,8.33,--,27,22491,卖盘
1192,10:32:00,8.33,--,100,83300,卖盘
1193,10:31:48,8.33,--,5,4165,卖盘
1194,10:31:15,8.33,-0.01,90,74970,卖盘
1195,10:31:09,8.34,--,50,41700,买盘
1196,10:31:03,8.34,--,87,72558,买盘
1197,10:30:51,8.34,--,10,8340,买盘
1198,10:30:39,8.34,--,46,38364,买盘
1199,10:30:24,8.34,--,1,834,买盘
1200,10:30:09,8.34,--,114,95076,买盘
1201,10:29:30,8.34,0.01,120,100080,买盘
1202,10:29:27,8.33,-0.01,11,9163,卖盘
1203,10:29:18,8.34,--,18,15012,买盘
1204,10:29:12,8.34,0.01,80,66720,买盘
1205,10:29:09,8.33,--,1,833,卖盘
1206,10:29:03,8.33,--,146,121618,卖盘
1207,10:29:00,8.33,--,37,30821,卖盘
1208,10:28:54,8.33,-0.01,4,3332,卖盘
1209,10:28:42,8.34,--,20,16680,买盘
1210,10:28:36,8.34,0.01,2,1668,买盘
1211,10:28:33,8.33,-0.01,10,8330,卖盘
1212,10:28:18,8.34,--,61,50874,买盘
1213,10:28:00,8.34,--,50,41700,买盘
1214,10:27:45,8.34,--,1,834,买盘
1215,10:27:39,8.34,--,12,10008,买盘
1216,10:27:33,8.34,0.01,20,16680,买盘
1217,10:27:09,8.33,0.01,104,86632,买盘
1218,10:26:48,8.32,--,10,8320,卖盘
1219,10:26:45,8.32,--,10,8320,卖盘
1220,10:26:30,8.32,--,87,72384,买盘
1221,10:26:21,8.32,--,19,15808,卖盘
1222,10:26:12,8.32,-0.01,11,9152,卖盘
1223,10:25:57,8.33,0.01,108,89964,买盘
1224,10:25:51,8.32,--,13,10816,卖盘
1225,10:25:45,8.32,--,40,33280,卖盘
1226,10:25:39,8.32,--,23,19136,卖盘
1227,10:25:33,8.32,--,2,1664,卖盘
1228,10:25:21,8.32,--,22,18304,买盘
1229,10:25:09,8.32,0.01,10,8320,买盘
1230,10:25:03,8.31,-0.01,217,180327,卖盘
1231,10:25:00,8.32,--,150,124800,买盘
1232,10:24:54,8.32,--,3,2496,买盘
1233,10:24:51,8.32,--,10,8320,买盘
1234,10:24:45,8.32,--,82,68224,买盘
1235,10:24:39,8.32,--,2,1664,买盘
1236,10:24:21,8.32,--,214,178048,买盘
1237,10:24:15,8.32,0.01,6,4992,买盘
1238,10:24:12,8.31,-0.01,87,72297,卖盘
1239,10:23:51,8.32,--,132,109824,卖盘
1240,10:23:39,8.32,-0.01,200,166400,卖盘
1241,10:23:24,8.33,0.01,1,833,买盘
1242,10:23:12,8.32,-0.01,30,24960,卖盘
1243,10:23:09,8.33,0.01,57,47481,买盘
1244,10:22:51,8.32,--,2,1664,卖盘
1245,10:22:48,8.32,--,119,99008,买盘
1246,10:22:33,8.32,--,20,16640,买盘
1247,10:22:09,8.32,0.01,56,46592,买盘
1248,10:22:00,8.31,-0.01,6,4986,卖盘
1249,10:21:57,8.32,--,8,6656,买盘
1250,10:21:54,8.32,0.01,110,91520,买盘
1251,10:21:51,8.31,--,5,4155,卖盘
1252,10:21:42,8.31,--,12,9972,卖盘
1253,10:21:15,8.31,--,2,1662,卖盘
1254,10:21:12,8.31,--,20,16620,卖盘
1255,10:21:09,8.31,--,160,132960,买盘
1256,10:21:00,8.31,--,31,25761,买盘
1257,10:20:54,8.31,0.01,30,24930,买盘
1258,10:20:51,8.3,--,90,74700,卖盘
1259,10:20:48,8.3,-0.01,123,102090,卖盘
1260,10:20:36,8.31,--,10,8310,买盘
1261,10:20:30,8.31,0.01,6,4986,买盘
1262,10:20:27,8.3,-0.01,247,205010,卖盘
1263,10:20:18,8.31,--,10,8310,买盘
1264,10:20:15,8.31,--,10,8310,买盘
1265,10:20:09,8.31,0.01,20,16620,买盘
1266,10:20:03,8.3,-0.02,42,34860,卖盘
1267,10:20:00,8.32,0.01,10,8320,买盘
1268,10:19:51,8.31,0.01,2,1662,中性盘
1269,10:19:45,8.3,-0.01,101,83830,卖盘
1270,10:19:42,8.31,0.01,70,58170,买盘
1271,10:19:36,8.3,--,80,66400,卖盘
1272,10:19:30,8.3,--,57,47310,卖盘
1273,10:19:27,8.3,--,39,32370,卖盘
1274,10:19:15,8.3,-0.01,1,830,卖盘
1275,10:19:03,8.31,--,38,31578,买盘
1276,10:18:51,8.31,--,9,7479,买盘
1277,10:18:48,8.31,--,53,44043,卖盘
1278,10:18:39,8.31,--,2,1662,卖盘
1279,10:18:30,8.31,0.01,3,2493,买盘
1280,10:18:21,8.3,-0.01,32,26560,卖盘
1281,10:18:06,8.31,0.01,196,162876,买盘
1282,10:18:00,8.3,--,100,83000,卖盘
1283,10:17:54,8.3,--,98,81340,卖盘
1284,10:17:51,8.3,-0.01,7,5810,卖盘
1285,10:17:39,8.31,--,80,66480,卖盘
1286,10:17:21,8.31,-0.01,40,33240,卖盘
1287,10:17:15,8.32,0.02,8,6656,买盘
1288,10:17:06,8.3,-0.02,300,249000,卖盘
1289,10:16:51,8.32,-0.01,98,81536,卖盘
1290,10:16:45,8.33,--,55,45815,买盘
1291,10:16:42,8.33,--,2,1666,买盘
1292,10:16:15,8.33,--,5,4165,买盘
1293,10:16:12,8.33,0.01,19,15827,买盘
1294,10:15:57,8.32,--,1,832,卖盘
1295,10:15:54,8.32,-0.01,159,132288,卖盘
1296,10:15:51,8.33,0.01,20,16660,买盘
1297,10:15:48,8.32,--,40,33280,卖盘
1298,10:15:33,8.32,--,44,36608,卖盘
1299,10:15:30,8.32,--,78,64896,买盘
1300,10:15:24,8.32,--,50,41600,买盘
1301,10:15:21,8.32,--,20,16640,买盘
1302,10:14:57,8.32,--,10,8320,买盘
1303,10:14:54,8.32,--,6,4992,买盘
1304,10:14:23,8.32,--,4,3328,买盘
1305,10:14:14,8.32,--,20,16640,买盘
1306,10:14:08,8.32,--,12,9984,买盘
1307,10:14:05,8.32,--,99,82368,买盘
1308,10:13:59,8.32,--,3,2496,买盘
1309,10:13:53,8.32,--,1,832,买盘
1310,10:13:47,8.32,0.01,17,14144,买盘
1311,10:13:44,8.31,--,124,103044,卖盘
1312,10:13:41,8.31,-0.01,15,12465,卖盘
1313,10:13:38,8.32,0.01,4,3328,买盘
1314,10:13:35,8.31,-0.01,45,37395,卖盘
1315,10:13:23,8.32,0.01,7,5824,买盘
1316,10:13:20,8.31,--,68,56549,买盘
1317,10:13:17,8.31,--,30,24930,买盘
1318,10:13:14,8.31,--,25,20775,买盘
1319,10:13:11,8.31,--,145,120495,买盘
1320,10:13:08,8.31,0.01,5,4155,买盘
1321,10:13:05,8.3,-0.01,10,8300,卖盘
1322,10:13:02,8.31,--,488,405528,买盘
1323,10:12:59,8.31,--,5,4155,买盘
1324,10:12:56,8.31,0.01,12,9972,买盘
1325,10:12:53,8.3,-0.01,34,28220,卖盘
1326,10:12:50,8.31,--,30,24930,买盘
1327,10:12:47,8.31,--,10,8310,买盘
1328,10:12:44,8.31,0.01,20,16620,买盘
1329,10:12:35,8.3,--,99,82576,卖盘
1330,10:12:32,8.3,--,181,150230,卖盘
1331,10:12:26,8.3,-0.01,137,113710,卖盘
1332,10:12:23,8.31,0.01,100,83100,买盘
1333,10:12:20,8.3,--,11,9130,卖盘
1334,10:12:14,8.3,--,50,41500,卖盘
1335,10:12:11,8.3,--,332,275560,卖盘
1336,10:12:08,8.3,--,20,16600,卖盘
1337,10:12:05,8.3,--,20,16600,卖盘
1338,10:12:02,8.3,--,63,52290,卖盘
1339,10:11:59,8.3,--,120,99600,卖盘
1340,10:11:56,8.3,--,202,167660,卖盘
1341,10:11:50,8.3,-0.01,323,268090,卖盘
1342,10:11:47,8.31,--,110,91410,买盘
1343,10:11:35,8.31,--,5,4155,买盘
1344,10:11:32,8.31,--,145,120495,买盘
1345,10:11:14,8.31,--,214,178374,卖盘
1346,10:11:05,8.31,--,120,99720,卖盘
1347,10:10:59,8.31,--,87,72297,卖盘
1348,10:10:56,8.31,-0.01,96,79776,卖盘
1349,10:10:53,8.32,0.01,15,12480,买盘
1350,10:10:50,8.31,--,13,10803,卖盘
1351,10:10:47,8.31,--,26,21606,卖盘
1352,10:10:44,8.31,--,134,111354,卖盘
1353,10:10:38,8.31,--,654,543764,卖盘
1354,10:10:35,8.31,-0.01,20,16620,卖盘
1355,10:10:26,8.32,--,48,39936,买盘
1356,10:10:23,8.32,--,30,24960,买盘
1357,10:10:20,8.32,--,193,160825,卖盘
1358,10:10:17,8.32,--,20,16640,卖盘
1359,10:10:14,8.32,--,217,180544,卖盘
1360,10:10:11,8.32,--,60,49920,卖盘
1361,10:10:05,8.32,--,633,527238,卖盘
1362,10:09:56,8.32,-0.01,30,24960,卖盘
1363,10:09:44,8.33,--,136,113288,卖盘
1364,10:09:41,8.33,--,50,41650,卖盘
1365,10:09:35,8.33,--,53,44149,卖盘
1366,10:09:32,8.33,--,20,16660,卖盘
1367,10:09:29,8.33,--,2,1666,卖盘
1368,10:09:26,8.33,--,4,3332,卖盘
1369,10:09:17,8.33,--,269,224077,卖盘
1370,10:09:14,8.33,--,154,128282,卖盘
1371,10:09:08,8.33,--,290,241570,卖盘
1372,10:08:56,8.33,--,21,17493,卖盘
1373,10:08:53,8.33,--,32,26656,卖盘
1374,10:08:47,8.33,--,20,16660,卖盘
1375,10:08:38,8.33,--,168,139944,卖盘
1376,10:08:35,8.33,--,31,25823,卖盘
1377,10:08:26,8.33,--,4,3332,卖盘
1378,10:08:23,8.33,--,111,92463,买盘
1379,10:08:17,8.33,--,155,129115,买盘
1380,10:08:14,8.33,--,25,20825,买盘
1381,10:08:11,8.33,--,69,57477,买盘
1382,10:08:05,8.33,--,59,49147,买盘
1383,10:07:59,8.33,--,5,4165,买盘
1384,10:07:56,8.33,--,4,3332,买盘
1385,10:07:47,8.33,--,10,8330,买盘
1386,10:07:41,8.33,--,10,8330,买盘
1387,10:07:38,8.33,--,36,29988,买盘
1388,10:07:29,8.33,--,7,5831,买盘
1389,10:07:26,8.33,--,391,325703,卖盘
1390,10:07:17,8.33,--,149,124117,卖盘
1391,10:07:08,8.33,--,5,4165,卖盘
1392,10:07:05,8.33,--,73,60809,卖盘
1393,10:06:59,8.33,--,15,12495,卖盘
1394,10:06:53,8.33,--,40,33320,卖盘
1395,10:06:41,8.33,--,1,833,卖盘
1396,10:06:32,8.33,--,1,833,卖盘
1397,10:06:29,8.33,--,151,125783,买盘
1398,10:06:23,8.33,0.01,204,169932,买盘
1399,10:06:11,8.32,-0.01,89,74048,卖盘
1400,10:06:08,8.33,--,3,2499,买盘
1401,10:06:02,8.33,--,73,60809,买盘
1402,10:05:59,8.33,0.01,10,8330,买盘
1403,10:05:56,8.32,-0.02,126,104832,卖盘
1404,10:05:50,8.34,0.01,100,83400,买盘
1405,10:05:44,8.33,--,4,3332,卖盘
1406,10:05:41,8.33,0.01,30,24990,买盘
1407,10:05:32,8.32,-0.01,40,33280,卖盘
1408,10:05:29,8.33,--,46,38318,买盘
1409,10:05:23,8.33,--,147,122451,卖盘
1410,10:05:17,8.33,--,177,147441,卖盘
1411,10:05:05,8.33,--,15,12495,卖盘
1412,10:05:02,8.33,--,24,19992,卖盘
1413,10:04:53,8.33,--,201,167433,卖盘
1414,10:04:44,8.33,--,14,11662,卖盘
1415,10:04:41,8.33,0.01,15,12495,卖盘
1416,10:04:35,8.32,-0.02,54,44928,卖盘
1417,10:04:32,8.34,0.01,100,83400,买盘
1418,10:04:29,8.33,--,260,216580,买盘
1419,10:04:23,8.33,--,308,256564,卖盘
1420,10:04:20,8.33,-0.01,147,122451,卖盘
1421,10:04:17,8.34,--,104,86736,买盘
1422,10:04:11,8.34,--,14,11676,买盘
1423,10:04:05,8.34,--,132,110338,卖盘
1424,10:04:02,8.34,--,84,70056,卖盘
1425,10:03:56,8.34,-0.01,513,427842,卖盘
1426,10:03:53,8.35,--,131,109385,买盘
1427,10:03:50,8.35,--,5,4175,买盘
1428,10:03:47,8.35,0.01,91,75985,买盘
1429,10:03:44,8.34,--,9,7506,卖盘
1430,10:03:41,8.34,-0.01,52,43368,卖盘
1431,10:03:38,8.35,--,1,835,买盘
1432,10:03:32,8.35,--,11,9185,买盘
1433,10:03:29,8.35,--,38,31730,卖盘
1434,10:03:23,8.35,0.01,4,3340,卖盘
1435,10:03:20,8.34,-0.02,4,3336,卖盘
1436,10:03:14,8.36,0.02,301,251635,买盘
1437,10:03:02,8.34,-0.01,1048,874032,卖盘
1438,10:02:59,8.35,-0.01,2,1670,卖盘
1439,10:02:50,8.36,--,18,15047,买盘
1440,10:02:47,8.36,--,159,133342,卖盘
1441,10:02:41,8.36,--,35,29259,卖盘
1442,10:02:38,8.36,--,9,7941,卖盘
1443,10:02:35,8.36,--,1,836,卖盘
1444,10:02:29,8.36,--,6,5016,卖盘
1445,10:02:26,8.36,--,29,24244,卖盘
1446,10:02:20,8.36,--,26,21736,卖盘
1447,10:02:11,8.36,--,4,3344,卖盘
1448,10:02:02,8.36,--,67,56011,卖盘
1449,10:01:56,8.36,--,55,45980,卖盘
1450,10:01:41,8.36,-0.01,29,24244,卖盘
1451,10:01:35,8.37,--,100,83699,买盘
1452,10:01:32,8.37,--,10,8370,买盘
1453,10:01:05,8.37,--,150,125549,买盘
1454,10:01:02,8.37,0.01,13,10880,买盘
1455,10:00:56,8.36,-0.01,55,45980,卖盘
1456,10:00:47,8.37,--,17,14228,买盘
1457,10:00:44,8.37,--,80,66960,买盘
1458,10:00:35,8.37,0.01,6,5021,买盘
1459,10:00:29,8.36,--,17,14211,卖盘
1460,10:00:20,8.36,-0.01,51,42636,卖盘
1461,10:00:17,8.37,0.01,227,189998,买盘
1462,10:00:14,8.36,--,33,27587,卖盘
1463,10:00:11,8.36,-0.01,2,1672,买盘
1464,10:00:08,8.37,0.01,23,19251,买盘
1465,10:00:02,8.36,--,60,50160,买盘
1466,09:59:59,8.36,-0.01,545,455619,卖盘
1467,09:59:50,8.37,--,13,10880,买盘
1468,09:59:38,8.37,--,8,6695,买盘
1469,09:59:32,8.37,0.01,1,836,买盘
1470,09:59:26,8.36,-0.01,27,22572,卖盘
1471,09:59:20,8.37,--,10,8370,买盘
1472,09:59:17,8.37,--,10,8370,买盘
1473,09:59:14,8.37,--,19,15902,买盘
1474,09:59:11,8.37,--,37,30968,买盘
1475,09:59:08,8.37,--,8,6695,买盘
1476,09:59:05,8.37,0.01,10,8370,买盘
1477,09:59:02,8.36,-0.01,138,115367,卖盘
1478,09:58:59,8.37,--,100,83699,买盘
1479,09:58:56,8.37,0.01,45,37665,买盘
1480,09:58:50,8.36,-0.01,131,109515,卖盘
1481,09:58:44,8.37,--,20,16740,买盘
1482,09:58:41,8.37,--,29,24272,买盘
1483,09:58:38,8.37,--,30,25109,买盘
1484,09:58:35,8.37,--,48,40175,买盘
1485,09:58:29,8.37,--,40,33480,买盘
1486,09:58:23,8.37,0.01,50,41849,买盘
1487,09:58:20,8.36,--,9,7523,卖盘
1488,09:58:14,8.36,-0.01,14,11704,卖盘
1489,09:58:11,8.37,--,242,202553,卖盘
1490,09:58:02,8.37,-0.01,200,167399,卖盘
1491,09:57:56,8.38,0.01,31,25978,买盘
1492,09:57:53,8.37,--,15,12554,卖盘
1493,09:57:47,8.37,--,4,3347,卖盘
1494,09:57:44,8.37,--,1,836,卖盘
1495,09:57:38,8.37,0.01,42,35154,买盘
1496,09:57:32,8.36,-0.01,41,34276,卖盘
1497,09:57:20,8.37,--,79,66123,买盘
1498,09:57:17,8.37,0.01,10,8370,买盘
1499,09:57:11,8.36,-0.01,5,4180,卖盘
1500,09:57:08,8.37,--,5,4185,买盘
1501,09:56:59,8.37,--,40,33480,买盘
1502,09:56:47,8.37,0.01,20,16740,买盘
1503,09:56:38,8.36,-0.01,30,25080,卖盘
1504,09:56:29,8.37,--,200,167399,买盘
1505,09:56:26,8.37,0.01,55,46034,买盘
1506,09:56:05,8.36,--,11,9196,买盘
1507,09:55:59,8.36,--,10,8360,买盘
1508,09:55:56,8.36,-0.01,2,1672,卖盘
1509,09:55:50,8.37,0.02,100,83699,买盘
1510,09:55:35,8.35,-0.01,408,340680,卖盘
1511,09:55:29,8.36,--,62,51832,买盘
1512,09:55:19,8.36,--,61,50996,买盘
1513,09:55:04,8.36,--,10,8360,买盘
1514,09:54:46,8.36,--,64,53504,买盘
1515,09:54:31,8.36,--,30,25080,卖盘
1516,09:54:22,8.36,--,148,123727,卖盘
1517,09:54:13,8.36,--,14,11704,卖盘
1518,09:54:07,8.36,--,9,7523,卖盘
1519,09:54:04,8.36,-0.01,8,6688,卖盘
1520,09:53:55,8.37,0.01,10,8370,买盘
1521,09:53:49,8.36,--,5,4180,卖盘
1522,09:53:43,8.36,--,1,836,卖盘
1523,09:53:28,8.36,--,4,3344,卖盘
1524,09:53:16,8.36,--,86,71896,买盘
1525,09:53:07,8.36,--,5,4180,买盘
1526,09:53:04,8.36,-0.01,23,19228,卖盘
1527,09:53:01,8.37,0.01,10,8370,买盘
1528,09:52:58,8.36,--,17,14211,卖盘
1529,09:52:34,8.36,0.01,1,836,买盘
1530,09:52:31,8.35,-0.01,175,146125,卖盘
1531,09:52:22,8.36,--,9,7523,卖盘
1532,09:52:13,8.36,--,3,2508,卖盘
1533,09:52:10,8.36,--,88,73568,买盘
1534,09:52:07,8.36,--,112,93632,卖盘
1535,09:51:58,8.36,--,38,31767,卖盘
1536,09:51:55,8.36,--,2,1672,买盘
1537,09:51:52,8.36,--,10,8360,买盘
1538,09:51:43,8.36,--,1,836,买盘
1539,09:51:37,8.36,--,85,71060,买盘
1540,09:51:34,8.36,--,10,8360,买盘
1541,09:51:31,8.36,--,84,70224,买盘
1542,09:51:28,8.36,0.01,20,16720,买盘
1543,09:51:22,8.35,--,100,83500,卖盘
1544,09:51:16,8.35,-0.01,218,182030,卖盘
1545,09:50:52,8.36,--,16,13376,卖盘
1546,09:50:49,8.36,--,20,16720,卖盘
1547,09:50:40,8.36,--,5,4180,卖盘
1548,09:50:34,8.36,--,101,84436,卖盘
1549,09:50:25,8.36,--,1,836,卖盘
1550,09:50:22,8.36,--,3,2508,卖盘
1551,09:50:19,8.36,--,120,100320,卖盘
1552,09:50:16,8.36,--,2,1672,卖盘
1553,09:50:13,8.36,-0.01,17,14211,卖盘
1554,09:50:07,8.37,--,115,96254,卖盘
1555,09:49:58,8.37,--,55,46034,卖盘
1556,09:49:55,8.37,--,36,30131,卖盘
1557,09:49:40,8.37,--,5,4185,卖盘
1558,09:49:37,8.37,--,1,836,卖盘
1559,09:49:34,8.37,--,3,2510,卖盘
1560,09:49:28,8.37,--,102,85373,买盘
1561,09:49:19,8.37,0.01,100,83699,买盘
1562,09:49:07,8.36,-0.01,160,133760,卖盘
1563,09:48:58,8.37,--,27,22598,买盘
1564,09:48:55,8.37,--,47,39338,卖盘
1565,09:48:52,8.37,--,3,2510,卖盘
1566,09:48:46,8.37,--,52,43523,卖盘
1567,09:48:43,8.37,--,13,10880,卖盘
1568,09:48:34,8.37,--,5,4185,卖盘
1569,09:48:28,8.37,--,5,4185,买盘
1570,09:48:13,8.37,--,1,836,卖盘
1571,09:48:07,8.37,--,25,20924,买盘
1572,09:48:04,8.37,--,91,76167,卖盘
1573,09:48:01,8.37,--,1,836,卖盘
1574,09:47:52,8.37,--,3,2510,卖盘
1575,09:47:49,8.37,--,20,16740,卖盘
1576,09:47:40,8.37,--,143,119690,买盘
1577,09:47:37,8.37,-0.01,9,7532,中性盘
1578,09:47:13,8.38,0.01,17,14246,买盘
1579,09:47:10,8.37,--,3,2510,卖盘
1580,09:47:04,8.37,--,200,167399,卖盘
1581,09:47:01,8.37,--,248,207575,卖盘
1582,09:46:58,8.37,--,12,10043,卖盘
1583,09:46:52,8.37,--,9,7532,卖盘
1584,09:46:46,8.37,-0.01,37,30968,卖盘
1585,09:46:40,8.38,0.01,211,176818,买盘
1586,09:46:28,8.37,--,120,100439,卖盘
1587,09:46:25,8.37,--,190,159029,买盘
1588,09:46:22,8.37,--,27,22598,买盘
1589,09:46:19,8.37,--,113,94580,买盘
1590,09:46:16,8.37,--,50,41849,买盘
1591,09:46:10,8.37,--,1,836,卖盘
1592,09:46:07,8.37,--,2,1673,买盘
1593,09:46:04,8.37,--,2,1673,卖盘
1594,09:45:49,8.37,--,169,141453,买盘
1595,09:45:40,8.37,--,24,20087,买盘
1596,09:45:37,8.37,--,18,15065,买盘
1597,09:45:34,8.37,--,73,61100,卖盘
1598,09:45:13,8.37,--,10,8370,卖盘
1599,09:45:07,8.37,0.01,97,81188,买盘
1600,09:44:58,8.36,-0.01,50,41800,卖盘
1601,09:44:55,8.37,--,170,142290,买盘
1602,09:44:34,8.37,0.01,21,17577,买盘
1603,09:44:31,8.36,-0.01,5,4180,卖盘
1604,09:44:13,8.37,0.01,16,13391,买盘
1605,09:44:04,8.36,--,20,16720,卖盘
1606,09:44:01,8.36,--,2,1672,卖盘
1607,09:43:58,8.36,--,61,50996,卖盘
1608,09:43:49,8.36,--,176,147136,卖盘
1609,09:43:43,8.36,--,4,3344,买盘
1610,09:43:37,8.36,-0.01,1,836,卖盘
1611,09:43:34,8.37,--,100,83699,买盘
1612,09:43:31,8.37,0.01,200,167399,买盘
1613,09:43:28,8.36,--,6,5016,买盘
1614,09:43:25,8.36,--,20,16720,买盘
1615,09:43:19,8.36,--,4,3344,买盘
1616,09:43:16,8.36,-0.01,10,8360,卖盘
1617,09:43:10,8.37,--,7,5858,买盘
1618,09:43:01,8.37,--,2,1673,买盘
1619,09:42:55,8.37,0.02,2,1673,买盘
1620,09:42:52,8.35,-0.01,180,150300,卖盘
1621,09:42:49,8.36,--,16,13376,卖盘
1622,09:42:37,8.36,--,50,41800,卖盘
1623,09:42:28,8.36,--,2,1672,卖盘
1624,09:42:25,8.36,--,97,81092,买盘
1625,09:42:22,8.36,0.01,15,12540,买盘
1626,09:42:19,8.35,--,21,17535,卖盘
1627,09:42:16,8.35,--,298,248830,卖盘
1628,09:42:13,8.35,-0.01,187,156145,卖盘
1629,09:42:10,8.36,--,100,83600,买盘
1630,09:42:07,8.36,0.01,20,16720,买盘
1631,09:42:04,8.35,--,20,16700,卖盘
1632,09:42:01,8.35,--,10,8350,卖盘
1633,09:41:58,8.35,--,10,8350,卖盘
1634,09:41:52,8.35,--,81,67635,卖盘
1635,09:41:49,8.35,--,14,11690,卖盘
1636,09:41:43,8.35,--,40,33400,卖盘
1637,09:41:40,8.35,--,80,66800,卖盘
1638,09:41:34,8.35,--,12,10020,卖盘
1639,09:41:22,8.35,--,62,51770,卖盘
1640,09:41:19,8.35,-0.01,24,20040,卖盘
1641,09:41:16,8.36,0.01,50,41800,买盘
1642,09:41:13,8.35,-0.01,30,25050,卖盘
1643,09:41:10,8.36,0.01,2,1672,买盘
1644,09:41:04,8.35,-0.01,8,6680,卖盘
1645,09:41:01,8.36,0.01,80,66880,买盘
1646,09:40:58,8.35,--,41,34235,卖盘
1647,09:40:55,8.35,--,1,835,卖盘
1648,09:40:49,8.35,--,15,12525,卖盘
1649,09:40:40,8.35,-0.01,300,250500,卖盘
1650,09:40:37,8.36,0.01,15,12540,买盘
1651,09:40:34,8.35,-0.01,2,1670,卖盘
1652,09:40:31,8.36,0.01,5,4180,买盘
1653,09:40:25,8.35,--,31,26302,卖盘
1654,09:39:58,8.35,-0.01,30,25050,卖盘
1655,09:39:43,8.36,--,324,270864,卖盘
1656,09:39:37,8.36,--,9,7523,卖盘
1657,09:39:25,8.36,--,6,5016,卖盘
1658,09:39:19,8.36,--,45,37620,卖盘
1659,09:39:13,8.36,--,42,35112,卖盘
1660,09:39:10,8.36,-0.01,192,160512,卖盘
1661,09:38:58,8.37,--,60,50219,买盘
1662,09:38:46,8.37,0.01,5,4185,买盘
1663,09:38:43,8.36,--,60,50160,卖盘
1664,09:38:40,8.36,--,60,50160,卖盘
1665,09:38:31,8.36,--,47,39292,卖盘
1666,09:38:22,8.36,--,126,105336,卖盘
1667,09:38:13,8.36,-0.01,1,836,卖盘
1668,09:38:07,8.37,--,60,50219,买盘
1669,09:38:04,8.37,--,81,67797,卖盘
1670,09:37:52,8.37,--,100,83699,卖盘
1671,09:37:43,8.37,0.01,19,15902,买盘
1672,09:37:40,8.36,-0.01,10,8360,卖盘
1673,09:37:37,8.37,--,100,83699,买盘
1674,09:37:34,8.37,0.01,46,38502,买盘
1675,09:37:22,8.36,--,20,16720,卖盘
1676,09:37:13,8.36,--,20,16720,卖盘
1677,09:37:10,8.36,0.01,530,443079,买盘
1678,09:37:01,8.35,--,202,168670,卖盘
1679,09:36:58,8.35,-0.01,5,4175,卖盘
1680,09:36:52,8.36,0.01,5,4180,买盘
1681,09:36:46,8.35,--,0,167,卖盘
1682,09:36:43,8.35,-0.01,60,50100,卖盘
1683,09:36:40,8.36,0.01,45,37620,买盘
1684,09:36:37,8.35,-0.01,60,50100,卖盘
1685,09:36:31,8.36,0.01,30,25080,买盘
1686,09:36:19,8.35,0.01,45,37575,卖盘
1687,09:36:16,8.34,-0.02,169,140946,卖盘
1688,09:36:13,8.36,0.01,17,14211,买盘
1689,09:36:10,8.35,--,14,11690,买盘
1690,09:36:07,8.35,--,6,5010,买盘
1691,09:36:04,8.35,--,45,37575,卖盘
1692,09:36:01,8.35,--,55,45925,买盘
1693,09:35:52,8.35,--,182,151970,买盘
1694,09:35:46,8.35,--,24,20040,买盘
1695,09:35:40,8.35,--,51,42585,买盘
1696,09:35:31,8.35,--,24,20040,买盘
1697,09:35:25,8.35,--,279,232965,卖盘
1698,09:35:19,8.35,-0.01,32,26720,卖盘
1699,09:34:54,8.36,0.01,35,29259,中性盘
1700,09:34:45,8.35,-0.01,32,26720,卖盘
1701,09:34:42,8.36,--,49,40964,卖盘
1702,09:34:36,8.36,--,20,16720,卖盘
1703,09:34:30,8.36,--,1,836,卖盘
1704,09:34:27,8.36,-0.01,10,8360,卖盘
1705,09:34:21,8.37,0.01,46,38502,买盘
1706,09:34:12,8.36,-0.01,50,41800,卖盘
1707,09:34:09,8.37,--,53,44360,买盘
1708,09:34:06,8.37,--,1,836,买盘
1709,09:33:54,8.37,--,8,6695,买盘
1710,09:33:48,8.37,--,429,359072,卖盘
1711,09:33:42,8.37,-0.01,13,10880,卖盘
1712,09:33:39,8.38,--,116,97208,买盘
1713,09:33:36,8.38,0.01,10,8380,买盘
1714,09:33:24,8.37,--,10,8370,卖盘
1715,09:33:21,8.37,--,20,16740,卖盘
1716,09:33:18,8.37,--,62,51893,买盘
1717,09:33:12,8.37,-0.01,87,72819,卖盘
1718,09:33:06,8.38,--,186,155868,买盘
1719,09:32:57,8.38,0.01,100,83800,买盘
1720,09:32:48,8.37,0.01,26,21761,买盘
1721,09:32:45,8.36,-0.02,4,3344,卖盘
1722,09:32:21,8.38,0.01,250,209500,买盘
1723,09:32:12,8.37,--,70,58589,买盘
1724,09:32:06,8.37,0.02,20,16740,买盘
1725,09:32:03,8.35,-0.02,39,32565,卖盘
1726,09:31:57,8.37,--,100,83699,买盘
1727,09:31:48,8.37,0.02,20,16740,买盘
1728,09:31:36,8.35,-0.02,20,16700,卖盘
1729,09:31:33,8.37,0.02,200,167399,买盘
1730,09:31:30,8.35,--,1275,1064625,卖盘
1731,09:31:24,8.35,--,5,4175,卖盘
1732,09:31:21,8.35,-0.02,10,8350,卖盘
1733,09:31:18,8.37,0.02,1,836,买盘
1734,09:31:15,8.35,--,39,32565,买盘
1735,09:31:06,8.35,--,8,6680,买盘
1736,09:31:00,8.35,0.01,2,1670,买盘
1737,09:30:54,8.34,-0.01,20,16680,卖盘
1738,09:30:48,8.35,--,2,1670,买盘
1739,09:30:45,8.35,--,8,6680,买盘
1740,09:30:42,8.35,--,120,100200,卖盘
1741,09:30:36,8.35,--,10,8350,买盘
1742,09:30:27,8.35,--,30,25050,卖盘
1743,09:30:24,8.35,-0.02,11,9185,卖盘
1744,09:30:18,8.37,--,1,836,买盘
1745,09:30:12,8.37,0.02,50,41849,买盘
1746,09:30:09,8.35,--,9,7515,买盘
1747,09:30:06,8.35,-0.03,214,178690,卖盘
1748,09:25:21,8.38,--,0,0,买盘
1749,09:25:00,8.38,8.38,505,423190,买盘
