,time,price,change,volume,amount,type
0,15:00:21,7.08,-0.01,1944,1376352,卖盘
1,14:57:38,7.09,--,0,0,买盘
2,14:57:05,7.09,0.01,216,153144,卖盘
3,14:56:59,7.08,-0.01,155,109740,卖盘
4,14:56:56,7.09,0.02,359,254531,买盘
5,14:56:50,7.07,-0.01,2,1414,买盘
6,14:56:47,7.08,--,2,1416,卖盘
7,14:56:44,7.08,0.03,915,647820,买盘
8,14:56:41,7.05,-0.02,10,7050,中性盘
9,14:56:38,7.07,--,120,84840,买盘
10,14:56:32,7.07,-0.01,17,12301,卖盘
11,14:56:29,7.08,-0.01,17,12460,卖盘
12,14:56:26,7.09,--,154,109186,买盘
13,14:56:23,7.09,0.03,156,110604,买盘
14,14:56:17,7.06,-0.02,523,369238,卖盘
15,14:56:14,7.08,-0.01,7,4956,卖盘
16,14:56:11,7.09,0.03,441,312669,买盘
17,14:56:08,7.06,--,397,280282,卖盘
18,14:56:02,7.06,--,6,4236,卖盘
19,14:55:59,7.06,--,10,7060,卖盘
20,14:55:53,7.06,0.01,362,255572,买盘
21,14:55:50,7.05,--,6,4230,卖盘
22,14:55:47,7.05,-0.01,10,7050,卖盘
23,14:55:44,7.06,0.01,290,204740,买盘
24,14:55:41,7.05,0.01,970,684526,买盘
25,14:55:35,7.04,0.01,64,45056,买盘
26,14:55:32,7.03,-0.01,5,3515,卖盘
27,14:55:29,7.04,0.01,142,99968,买盘
28,14:55:26,7.03,0.01,80,56240,买盘
29,14:55:14,7.02,-0.01,26,18252,中性盘
30,14:55:05,7.03,0.03,180,126540,买盘
31,14:55:02,7.0,--,5,3500,卖盘
32,14:54:59,7.0,-0.02,2,1400,卖盘
33,14:54:56,7.02,0.01,576,404352,买盘
34,14:54:53,7.01,0.01,150,105150,买盘
35,14:54:41,7.0,0.01,277,193907,买盘
36,14:54:35,6.99,--,18,12582,卖盘
37,14:54:14,6.99,-0.01,33,23067,中性盘
38,14:54:11,7.0,0.01,100,70000,买盘
39,14:54:05,6.99,-0.01,1,1391,卖盘
40,14:54:02,7.0,0.01,18,12600,买盘
41,14:53:50,6.99,--,84,58722,买盘
42,14:53:44,6.99,--,5,3495,买盘
43,14:53:41,6.99,0.01,30,20970,买盘
44,14:53:23,6.98,-0.01,50,34900,卖盘
45,14:53:20,6.99,--,356,249536,卖盘
46,14:53:17,6.99,--,15,10485,卖盘
47,14:53:05,6.99,--,4,2802,买盘
48,14:53:02,6.99,--,22,16070,卖盘
49,14:52:56,6.99,0.01,3,2103,买盘
50,14:52:47,6.98,-0.01,250,174500,卖盘
51,14:52:41,6.99,0.01,525,366975,买盘
52,14:52:29,6.98,--,10,6980,卖盘
53,14:52:23,6.98,--,24,16752,卖盘
54,14:52:17,6.98,--,3,2094,卖盘
55,14:52:11,6.98,--,6,4188,卖盘
56,14:52:08,6.98,--,112,78176,卖盘
57,14:51:59,6.98,--,10,6980,卖盘
58,14:51:53,6.98,--,17,11866,卖盘
59,14:51:35,6.98,--,5,3490,卖盘
60,14:51:32,6.98,0.03,23,16054,买盘
61,14:51:26,6.95,-0.04,437,303715,卖盘
62,14:51:23,6.99,0.02,177,123723,买盘
63,14:51:08,6.97,-0.01,130,90610,卖盘
64,14:50:47,6.98,--,85,59330,卖盘
65,14:50:41,6.98,--,136,94928,卖盘
66,14:50:38,6.98,--,22,15356,卖盘
67,14:50:35,6.98,--,158,110284,卖盘
68,14:50:26,6.98,--,10,6980,卖盘
69,14:50:05,6.98,0.02,57,39786,买盘
70,14:49:41,6.96,--,78,54350,卖盘
71,14:49:35,6.96,--,38,26448,卖盘
72,14:49:26,6.96,0.01,159,110664,买盘
73,14:49:23,6.95,-0.01,102,70890,卖盘
74,14:49:11,6.96,--,663,461448,卖盘
75,14:48:53,6.96,-0.02,179,124584,卖盘
76,14:48:50,6.98,0.01,121,84458,买盘
77,14:48:41,6.97,--,20,13940,卖盘
78,14:48:32,6.97,-0.01,213,148461,卖盘
79,14:48:17,6.98,--,313,219109,卖盘
80,14:48:08,6.98,--,5,3490,卖盘
81,14:48:05,6.98,--,30,20940,卖盘
82,14:48:02,6.98,--,8,5584,卖盘
83,14:47:59,6.98,--,176,123434,卖盘
84,14:47:53,6.98,--,99,69102,卖盘
85,14:47:38,6.98,--,16,11168,卖盘
86,14:47:11,6.98,-0.01,47,32806,卖盘
87,14:47:08,6.99,0.01,50,34950,买盘
88,14:47:05,6.98,-0.01,10,6980,卖盘
89,14:46:56,6.99,0.01,50,34950,买盘
90,14:46:38,6.98,--,50,34900,卖盘
91,14:46:32,6.98,--,10,6980,卖盘
92,14:46:23,6.98,--,13,9074,卖盘
93,14:46:20,6.98,--,10,6980,卖盘
94,14:46:11,6.98,--,40,27920,卖盘
95,14:46:08,6.98,-0.01,2,1396,卖盘
96,14:45:56,6.99,0.01,5,3495,买盘
97,14:45:50,6.98,--,5,3490,卖盘
98,14:45:47,6.98,-0.01,20,13960,卖盘
99,14:45:26,6.99,--,5,3495,买盘
100,14:45:23,6.99,0.01,52,36348,买盘
101,14:45:02,6.98,-0.01,300,209400,卖盘
102,14:44:47,6.99,0.01,2,1398,买盘
103,14:44:38,6.98,--,149,104002,卖盘
104,14:44:32,6.98,--,2,1396,卖盘
105,14:44:29,6.98,--,20,13960,卖盘
106,14:44:20,6.98,--,289,201722,卖盘
107,14:44:05,6.98,--,51,35598,卖盘
108,14:44:02,6.98,--,80,55840,卖盘
109,14:43:38,6.98,--,80,55840,卖盘
110,14:43:32,6.98,--,34,23732,卖盘
111,14:42:47,6.98,--,15,10470,卖盘
112,14:42:32,6.98,--,100,69800,卖盘
113,14:42:23,6.98,--,110,76780,卖盘
114,14:42:02,6.98,-0.01,215,150070,卖盘
115,14:41:50,6.99,--,14,9786,买盘
116,14:41:38,6.99,0.01,36,25164,买盘
117,14:41:26,6.98,-0.01,110,76780,卖盘
118,14:40:53,6.99,0.01,20,13980,买盘
119,14:40:50,6.98,0.01,110,76954,买盘
120,14:40:32,6.97,-0.01,42,29274,卖盘
121,14:40:29,6.98,--,1,1221,卖盘
122,14:40:26,6.98,-0.01,32,22336,卖盘
123,14:40:17,6.99,--,17,11883,买盘
124,14:40:14,6.99,0.01,12,8388,买盘
125,14:40:02,6.98,--,166,116042,买盘
126,14:39:59,6.98,-0.01,133,93357,卖盘
127,14:39:47,6.99,0.01,167,116733,买盘
128,14:39:44,6.98,--,50,34900,卖盘
129,14:39:38,6.98,--,274,191252,卖盘
130,14:39:05,6.98,0.01,52,36470,买盘
131,14:38:53,6.97,-0.01,40,27880,卖盘
132,14:38:50,6.98,--,166,116391,卖盘
133,14:38:44,6.98,--,20,13960,卖盘
134,14:38:38,6.98,--,3,2094,卖盘
135,14:38:29,6.98,--,27,18846,卖盘
136,14:38:04,6.98,--,87,60900,买盘
137,14:38:01,6.98,0.02,322,224756,买盘
138,14:37:55,6.96,--,60,41760,卖盘
139,14:37:43,6.96,0.01,8,5568,中性盘
140,14:37:16,6.95,-0.01,34,23630,卖盘
141,14:37:13,6.96,-0.01,10,6960,中性盘
142,14:36:58,6.97,--,20,13940,买盘
143,14:36:49,6.97,--,6,4446,卖盘
144,14:36:40,6.97,0.02,644,449300,买盘
145,14:36:31,6.95,--,37,25715,卖盘
146,14:36:22,6.95,-0.01,10,6950,卖盘
147,14:36:16,6.96,-0.01,38,26448,卖盘
148,14:36:07,6.97,-0.01,261,182404,卖盘
149,14:36:01,6.98,--,99,69102,买盘
150,14:35:55,6.98,0.01,107,74686,买盘
151,14:35:43,6.97,--,100,69700,卖盘
152,14:35:25,6.97,-0.01,7,4879,卖盘
153,14:35:22,6.98,--,100,69800,卖盘
154,14:35:16,6.98,--,30,20940,卖盘
155,14:35:04,6.98,--,70,48860,卖盘
156,14:34:40,6.98,--,40,27920,卖盘
157,14:34:37,6.98,--,9,6282,卖盘
158,14:34:34,6.98,--,10,6980,卖盘
159,14:34:25,6.98,--,100,69800,卖盘
160,14:34:19,6.98,-0.01,37,25826,卖盘
161,14:34:16,6.99,0.01,187,130713,买盘
162,14:34:10,6.98,--,41,28618,买盘
163,14:34:04,6.98,--,20,13960,买盘
164,14:33:55,6.98,0.01,141,98418,中性盘
165,14:33:46,6.97,--,50,34850,卖盘
166,14:33:25,6.97,-0.02,100,69700,卖盘
167,14:33:22,6.99,0.02,30,20970,买盘
168,14:33:04,6.97,-0.01,34,23698,卖盘
169,14:33:01,6.98,--,15,10470,卖盘
170,14:32:58,6.98,--,30,20940,卖盘
171,14:32:43,6.98,--,200,139600,卖盘
172,14:32:28,6.98,--,56,39088,卖盘
173,14:32:19,6.98,--,34,23732,卖盘
174,14:32:13,6.98,--,30,20940,卖盘
175,14:32:04,6.98,--,1,698,卖盘
176,14:31:52,6.98,--,10,6980,卖盘
177,14:31:46,6.98,--,5,3490,卖盘
178,14:31:19,6.98,-0.01,5,3490,卖盘
179,14:31:16,6.99,--,4,2796,买盘
180,14:31:07,6.99,0.01,2,1398,买盘
181,14:31:01,6.98,--,60,41880,卖盘
182,14:30:43,6.98,--,50,34900,卖盘
183,14:30:37,6.98,--,24,16752,卖盘
184,14:30:25,6.98,--,34,23732,卖盘
185,14:30:19,6.98,--,10,6980,卖盘
186,14:30:01,6.98,-0.01,10,6980,卖盘
187,14:29:58,6.99,--,33,23067,买盘
188,14:29:16,6.99,--,6,4194,买盘
189,14:29:07,6.99,0.01,20,13980,买盘
190,14:28:49,6.98,--,30,20940,卖盘
191,14:28:37,6.98,--,279,194742,卖盘
192,14:28:13,6.98,-0.01,3,2094,卖盘
193,14:28:10,6.99,0.01,80,55920,买盘
194,14:28:01,6.98,--,20,13960,卖盘
195,14:27:55,6.98,--,183,127734,卖盘
196,14:27:52,6.98,--,228,159144,卖盘
197,14:27:19,6.98,--,103,71894,卖盘
198,14:27:16,6.98,--,82,57236,卖盘
199,14:27:13,6.98,--,20,13960,卖盘
200,14:26:28,6.98,--,596,416008,卖盘
201,14:26:25,6.98,--,10,6980,卖盘
202,14:25:58,6.98,--,117,81666,卖盘
203,14:25:52,6.98,--,74,51652,卖盘
204,14:25:31,6.98,--,75,52350,卖盘
205,14:25:07,6.98,--,5,3490,卖盘
206,14:24:49,6.98,-0.02,5,3490,卖盘
207,14:24:37,7.0,--,300,210000,买盘
208,14:23:46,7.0,0.02,60,42000,买盘
209,14:23:40,6.98,-0.01,140,97720,卖盘
210,14:23:16,6.99,--,1,699,卖盘
211,14:22:55,6.99,--,2,1398,买盘
212,14:22:52,6.99,--,20,13980,买盘
213,14:22:46,6.99,--,30,20970,卖盘
214,14:22:22,6.99,-0.01,20,13980,中性盘
215,14:21:34,7.0,0.02,85,59500,买盘
216,14:21:25,6.98,--,0,209,卖盘
217,14:21:16,6.98,-0.01,10,6980,卖盘
218,14:21:10,6.99,--,29,20271,买盘
219,14:20:58,6.99,0.01,26,18174,买盘
220,14:20:55,6.98,--,3,2094,卖盘
221,14:20:40,6.98,0.01,45,31410,买盘
222,14:20:37,6.97,--,316,220252,卖盘
223,14:20:25,6.97,--,30,20910,卖盘
224,14:20:22,6.97,-0.01,50,34850,卖盘
225,14:19:58,6.98,-0.01,315,220358,卖盘
226,14:19:40,6.99,0.01,98,68502,买盘
227,14:19:28,6.98,0.01,300,209609,买盘
228,14:19:16,6.97,-0.01,10,6970,卖盘
229,14:18:37,6.98,--,239,166822,卖盘
230,14:17:57,6.98,-0.01,151,105398,卖盘
231,14:17:45,6.99,0.01,23,16077,买盘
232,14:17:30,6.98,--,29,20242,卖盘
233,14:17:24,6.98,--,5,3490,卖盘
234,14:17:00,6.98,--,131,91438,卖盘
235,14:16:45,6.98,--,2,1396,卖盘
236,14:16:21,6.98,--,3,2094,卖盘
237,14:16:09,6.98,--,24,16752,卖盘
238,14:15:54,6.98,--,30,20940,卖盘
239,14:15:48,6.98,--,100,69800,卖盘
240,14:15:39,6.98,--,10,6980,卖盘
241,14:15:21,6.98,--,5,3490,卖盘
242,14:14:57,6.98,0.01,51,35598,买盘
243,14:14:27,6.97,-0.01,30,20910,卖盘
244,14:14:21,6.98,0.02,30,20940,买盘
245,14:13:39,6.96,--,10,6960,卖盘
246,14:13:33,6.96,--,10,6960,卖盘
247,14:13:15,6.96,-0.02,213,148248,卖盘
248,14:13:03,6.98,--,30,20940,卖盘
249,14:12:57,6.98,--,65,45370,卖盘
250,14:12:21,6.98,--,81,56538,卖盘
251,14:12:15,6.98,--,80,55840,卖盘
252,14:12:00,6.98,--,40,27920,卖盘
253,14:11:48,6.98,-0.01,132,92136,卖盘
254,14:11:03,6.99,--,14,9786,卖盘
255,14:10:48,6.99,--,5,3495,卖盘
256,14:10:36,6.99,--,50,34950,卖盘
257,14:10:21,6.99,--,20,13980,卖盘
258,14:10:12,6.99,--,100,69900,卖盘
259,14:10:00,6.99,-0.01,5,3495,卖盘
260,14:09:57,7.0,0.01,6,4200,买盘
261,14:09:24,6.99,--,3,2097,卖盘
262,14:09:18,6.99,--,98,68502,买盘
263,14:09:09,6.99,--,2,1398,买盘
264,14:09:06,6.99,0.01,70,48930,买盘
265,14:09:03,6.98,--,20,13960,卖盘
266,14:08:51,6.98,-0.01,20,13960,卖盘
267,14:08:42,6.99,0.01,3,2097,买盘
268,14:08:33,6.98,--,24,16752,卖盘
269,14:08:21,6.98,--,50,34900,卖盘
270,14:08:15,6.98,-0.01,17,11866,卖盘
271,14:08:09,6.99,0.01,10,6990,买盘
272,14:07:57,6.98,--,9,6282,卖盘
273,14:07:03,6.98,0.01,467,325966,买盘
274,14:07:00,6.97,--,126,87822,卖盘
275,14:06:51,6.97,--,40,27880,买盘
276,14:06:30,6.97,--,6,4182,买盘
277,14:06:27,6.97,-0.01,114,79458,卖盘
278,14:06:24,6.98,--,6,4188,卖盘
279,14:06:18,6.98,--,203,142217,卖盘
280,14:06:15,6.98,--,4,2792,卖盘
281,14:06:03,6.98,--,244,170312,卖盘
282,14:05:45,6.98,--,10,6980,卖盘
283,14:05:39,6.98,--,40,27920,卖盘
284,14:05:24,6.98,-0.01,88,61424,卖盘
285,14:05:12,6.99,0.01,5,3495,买盘
286,14:05:03,6.98,-0.01,50,34900,卖盘
287,14:05:00,6.99,--,28,19572,买盘
288,14:04:51,6.99,--,1,699,买盘
289,14:04:33,6.99,-0.01,235,164265,卖盘
290,14:04:24,7.0,--,40,28000,买盘
291,14:04:21,7.0,--,2,1400,买盘
292,14:04:18,7.0,--,99,69300,买盘
293,14:04:09,7.0,--,100,70000,买盘
294,14:03:57,7.0,--,40,28000,买盘
295,14:03:45,7.0,--,10,7000,买盘
296,14:03:36,7.0,--,8,5600,买盘
297,14:03:30,7.0,--,26,18200,买盘
298,14:03:27,7.0,--,257,180159,卖盘
299,14:03:18,7.0,--,51,35700,卖盘
300,14:03:12,7.0,-0.01,2,1400,卖盘
301,14:03:09,7.01,0.01,100,70100,买盘
302,14:03:03,7.0,--,6,4200,卖盘
303,14:02:57,7.0,-0.01,47,32900,卖盘
304,14:02:54,7.01,0.01,3,2103,买盘
305,14:02:45,7.0,--,1,700,卖盘
306,14:02:33,7.0,--,10,7000,卖盘
307,14:02:30,7.0,--,247,173341,买盘
308,14:02:27,7.0,--,16,11200,买盘
309,14:02:21,7.0,0.01,26,18200,买盘
310,14:02:18,6.99,--,4,2796,卖盘
311,14:02:12,6.99,-0.01,28,19572,卖盘
312,14:02:09,7.0,0.01,10,7000,买盘
313,14:01:48,6.99,-0.01,30,20970,中性盘
314,14:01:42,7.0,--,60,42000,买盘
315,14:01:39,7.0,--,10,7000,买盘
316,14:01:09,7.0,--,10,7000,买盘
317,14:01:03,7.0,--,739,517559,卖盘
318,14:01:00,7.0,--,40,28000,卖盘
319,14:00:54,7.0,-0.01,8,5600,卖盘
320,14:00:48,7.01,--,46,32246,卖盘
321,14:00:45,7.01,0.01,4,2804,中性盘
322,14:00:39,7.0,-0.01,600,420000,卖盘
323,14:00:33,7.01,-0.01,50,35050,卖盘
324,14:00:15,7.02,-0.01,181,127061,卖盘
325,14:00:06,7.03,--,69,48507,买盘
326,14:00:03,7.03,--,139,97717,卖盘
327,13:59:57,7.03,--,90,63270,卖盘
328,13:59:45,7.03,0.01,51,35853,买盘
329,13:59:42,7.02,--,90,63179,卖盘
330,13:59:39,7.02,--,17,11934,卖盘
331,13:59:36,7.02,--,10,7020,卖盘
332,13:59:33,7.02,--,30,21060,卖盘
333,13:59:24,7.02,0.02,198,138996,买盘
334,13:59:21,7.0,-0.01,443,310100,卖盘
335,13:59:14,7.01,0.01,10,7010,买盘
336,13:59:05,7.0,--,70,49000,卖盘
337,13:58:59,7.0,0.04,274,192241,买盘
338,13:58:56,6.96,-0.04,15,10440,中性盘
339,13:58:47,7.0,0.04,2000,1400000,买盘
340,13:58:38,6.96,--,48,33408,卖盘
341,13:58:26,6.96,--,10,6960,卖盘
342,13:58:23,6.96,-0.01,60,41760,卖盘
343,13:58:08,6.97,--,2,1394,买盘
344,13:57:56,6.97,0.01,2,1394,买盘
345,13:57:50,6.96,--,27,18792,卖盘
346,13:57:44,6.96,--,10,6960,卖盘
347,13:57:26,6.96,--,79,54984,卖盘
348,13:57:23,6.96,0.01,432,300672,买盘
349,13:57:11,6.95,0.02,450,312750,买盘
350,13:56:50,6.93,--,5,3465,卖盘
351,13:56:47,6.93,-0.01,4,2772,卖盘
352,13:56:17,6.94,--,30,20820,买盘
353,13:56:05,6.94,--,9,6246,买盘
354,13:55:56,6.94,0.01,210,145740,买盘
355,13:55:20,6.93,--,80,55440,卖盘
356,13:54:53,6.93,-0.01,2,1386,卖盘
357,13:54:32,6.94,0.01,10,6940,买盘
358,13:54:23,6.93,--,40,27720,卖盘
359,13:54:20,6.93,0.01,5,3465,买盘
360,13:54:02,6.92,--,40,27680,卖盘
361,13:53:44,6.92,--,74,51208,卖盘
362,13:53:23,6.92,--,12,8304,卖盘
363,13:53:14,6.92,-0.01,15,10380,卖盘
364,13:52:44,6.93,--,5,3465,卖盘
365,13:52:32,6.93,--,3,2079,买盘
366,13:52:14,6.93,--,1,693,卖盘
367,13:52:02,6.93,0.01,24,16632,买盘
368,13:51:53,6.92,-0.01,15,10380,卖盘
369,13:51:44,6.93,--,6,4158,买盘
370,13:51:35,6.93,--,20,13860,买盘
371,13:51:26,6.93,--,60,41580,买盘
372,13:51:02,6.93,0.01,1,693,买盘
373,13:50:50,6.92,--,13,8996,卖盘
374,13:50:41,6.92,--,44,30448,卖盘
375,13:50:26,6.92,--,50,34600,卖盘
376,13:49:41,6.92,-0.01,40,27680,卖盘
377,13:49:38,6.93,--,10,6930,卖盘
378,13:49:11,6.93,--,21,14553,卖盘
379,13:49:08,6.93,--,25,17325,卖盘
380,13:49:02,6.93,--,40,27720,卖盘
381,13:48:26,6.93,-0.01,18,12474,卖盘
382,13:47:56,6.94,0.01,21,14574,买盘
383,13:47:38,6.93,--,10,6930,卖盘
384,13:47:14,6.93,-0.01,1,693,卖盘
385,13:46:17,6.94,--,60,41640,买盘
386,13:45:53,6.94,--,10,6940,买盘
387,13:45:14,6.94,--,15,10410,买盘
388,13:44:47,6.94,-0.01,26,18044,卖盘
389,13:44:35,6.95,0.01,8,5560,买盘
390,13:44:26,6.94,--,26,18044,卖盘
391,13:44:23,6.94,--,71,49274,卖盘
392,13:44:20,6.94,--,49,34006,买盘
393,13:44:02,6.94,0.01,43,29842,买盘
394,13:43:56,6.93,-0.01,12,8316,卖盘
395,13:43:44,6.94,0.01,81,56214,买盘
396,13:43:23,6.93,--,9,6237,卖盘
397,13:42:11,6.93,--,2,1386,买盘
398,13:41:41,6.93,--,90,62370,买盘
399,13:41:08,6.93,--,10,6930,买盘
400,13:40:59,6.93,0.01,50,34650,买盘
401,13:40:50,6.92,-0.01,8,5536,卖盘
402,13:40:35,6.93,0.01,8,5544,买盘
403,13:40:32,6.92,--,9,6228,卖盘
404,13:40:29,6.92,--,12,8857,卖盘
405,13:39:53,6.92,0.01,9,6228,中性盘
406,13:39:32,6.91,--,66,45606,卖盘
407,13:39:29,6.91,-0.02,20,13820,卖盘
408,13:39:02,6.93,0.02,3,2079,买盘
409,13:38:59,6.91,-0.02,4,2764,卖盘
410,13:38:40,6.93,0.02,1,693,买盘
411,13:38:34,6.91,-0.01,116,80522,卖盘
412,13:38:19,6.92,-0.01,55,38613,卖盘
413,13:38:04,6.93,--,11,7623,卖盘
414,13:36:55,6.93,-0.01,10,6930,卖盘
415,13:36:49,6.94,0.01,9,6246,买盘
416,13:36:43,6.93,0.01,9,6237,中性盘
417,13:36:22,6.92,--,80,55360,卖盘
418,13:36:19,6.92,-0.02,66,45672,卖盘
419,13:36:16,6.94,0.02,45,31230,买盘
420,13:36:04,6.92,--,80,55360,卖盘
421,13:35:58,6.92,--,66,45672,卖盘
422,13:35:31,6.92,-0.01,77,53284,卖盘
423,13:35:13,6.93,--,21,14553,卖盘
424,13:35:07,6.93,--,39,27027,卖盘
425,13:34:52,6.93,--,9,6237,卖盘
426,13:34:40,6.93,--,57,39639,卖盘
427,13:34:07,6.93,--,8,5544,卖盘
428,13:33:49,6.93,--,65,45045,卖盘
429,13:33:13,6.93,-0.01,1,693,卖盘
430,13:32:43,6.94,0.01,3,2082,买盘
431,13:32:40,6.93,--,80,55440,卖盘
432,13:32:34,6.93,--,9,6237,卖盘
433,13:32:28,6.93,-0.01,80,55440,卖盘
434,13:32:19,6.94,0.01,20,13880,买盘
435,13:32:16,6.93,-0.01,9,6237,卖盘
436,13:32:07,6.94,--,103,71482,买盘
437,13:31:49,6.94,--,48,33312,卖盘
438,13:31:46,6.94,--,77,53438,卖盘
439,13:31:40,6.94,--,9,6246,卖盘
440,13:31:34,6.94,-0.01,200,138800,卖盘
441,13:31:22,6.95,0.01,10,6950,买盘
442,13:31:04,6.94,--,68,47192,买盘
443,13:30:49,6.94,--,380,263720,买盘
444,13:30:43,6.94,0.01,1,694,买盘
445,13:29:55,6.93,-0.01,70,48510,卖盘
446,13:29:19,6.94,--,20,13880,买盘
447,13:28:52,6.94,--,1,694,买盘
448,13:28:34,6.94,--,1,694,买盘
449,13:28:16,6.94,--,16,11104,买盘
450,13:27:52,6.94,0.01,16,11104,买盘
451,13:27:40,6.93,--,152,105336,买盘
452,13:27:31,6.93,0.01,64,44352,买盘
453,13:27:19,6.92,-0.01,200,138400,卖盘
454,13:26:31,6.93,0.02,50,34650,买盘
455,13:25:40,6.91,-0.03,9,6219,卖盘
456,13:25:22,6.94,0.03,20,13880,买盘
457,13:25:07,6.91,-0.01,300,207300,卖盘
458,13:24:55,6.92,-0.01,16,11072,卖盘
459,13:24:25,6.93,--,15,10395,买盘
460,13:24:16,6.93,--,16,11088,买盘
461,13:24:10,6.93,--,10,6930,买盘
462,13:24:01,6.93,0.01,16,11088,买盘
463,13:23:46,6.92,--,52,35984,买盘
464,13:23:40,6.92,--,15,10380,买盘
465,13:23:19,6.92,--,11,7612,买盘
466,13:23:13,6.92,--,16,11072,买盘
467,13:22:58,6.92,-0.01,16,11072,中性盘
468,13:22:28,6.93,--,16,11088,买盘
469,13:22:22,6.93,--,5,3465,买盘
470,13:22:01,6.93,--,16,11088,买盘
471,13:21:19,6.93,0.03,15,10395,买盘
472,13:20:58,6.9,-0.03,100,69000,卖盘
473,13:20:43,6.93,--,16,11088,买盘
474,13:20:16,6.93,--,16,11088,买盘
475,13:19:34,6.93,0.03,106,73458,买盘
476,13:19:31,6.9,--,14,9660,买盘
477,13:19:16,6.9,--,10,6900,买盘
478,13:19:13,6.9,--,16,11040,买盘
479,13:19:04,6.9,--,2,1380,买盘
480,13:18:52,6.9,--,43,29670,买盘
481,13:18:28,6.9,--,2,1380,卖盘
482,13:18:24,6.9,-0.03,9,6210,卖盘
483,13:18:18,6.93,--,16,11088,买盘
484,13:17:42,6.93,0.03,16,11088,买盘
485,13:17:27,6.9,--,51,35190,买盘
486,13:17:06,6.9,--,16,11040,买盘
487,13:17:00,6.9,--,97,66930,买盘
488,13:16:48,6.9,--,16,11040,买盘
489,13:16:27,6.9,--,10,6900,买盘
490,13:16:24,6.9,-0.03,30,20700,卖盘
491,13:16:03,6.93,0.04,15,10395,买盘
492,13:15:42,6.89,-0.01,100,68900,卖盘
493,13:15:39,6.9,-0.03,26,17940,卖盘
494,13:15:24,6.93,0.03,16,11088,买盘
495,13:15:06,6.9,--,1,690,买盘
496,13:15:03,6.9,--,10,6900,买盘
497,13:14:48,6.9,--,2,1380,买盘
498,13:14:39,6.9,-0.01,187,129030,卖盘
499,13:14:12,6.91,--,10,6910,卖盘
500,13:14:09,6.91,--,52,35932,卖盘
501,13:13:54,6.91,-0.01,20,13820,卖盘
502,13:13:48,6.92,0.01,272,188570,买盘
503,13:13:18,6.91,0.01,43,29713,买盘
504,13:13:06,6.9,--,1,690,卖盘
505,13:12:30,6.9,--,1,690,卖盘
506,13:11:45,6.9,-0.01,108,74520,卖盘
507,13:11:42,6.91,--,42,29022,买盘
508,13:11:18,6.91,0.01,50,34550,买盘
509,13:10:21,6.9,-0.01,0,345,卖盘
510,13:09:39,6.91,0.03,42,29022,买盘
511,13:07:30,6.88,-0.03,10,6880,卖盘
512,13:06:06,6.91,0.03,46,31786,买盘
513,13:05:24,6.88,--,15,10320,卖盘
514,13:04:12,6.88,--,12,8256,卖盘
515,13:03:51,6.88,-0.02,20,13760,卖盘
516,13:03:03,6.9,--,39,26910,卖盘
517,13:02:51,6.9,0.03,1,690,中性盘
518,13:01:14,6.87,-0.04,893,613491,卖盘
519,13:00:26,6.91,--,5,3455,买盘
520,13:00:05,6.91,--,1,691,买盘
521,13:00:02,6.91,--,337,232867,卖盘
522,11:28:57,6.91,-0.01,20,13820,卖盘
523,11:28:27,6.92,--,112,77504,卖盘
524,11:28:06,6.92,0.01,196,135632,买盘
525,11:27:51,6.91,0.01,124,85684,买盘
526,11:27:39,6.9,--,53,36570,买盘
527,11:27:24,6.9,-0.01,10,6900,中性盘
528,11:26:33,6.91,0.02,40,27640,中性盘
529,11:26:03,6.89,-0.01,30,20670,卖盘
530,11:25:45,6.9,--,45,31050,买盘
531,11:25:09,6.9,--,31,21390,买盘
532,11:23:24,6.9,--,5,3450,买盘
533,11:21:33,6.9,0.01,3,2070,中性盘
534,11:21:27,6.89,-0.03,69,47541,卖盘
535,11:21:18,6.92,0.03,35,24220,买盘
536,11:20:42,6.89,--,18,12402,买盘
537,11:20:21,6.89,--,5,3445,买盘
538,11:20:15,6.89,--,9,6201,卖盘
539,11:20:06,6.89,--,12,8268,卖盘
540,11:19:54,6.89,--,226,155714,买盘
541,11:19:06,6.89,0.01,5,3445,买盘
542,11:19:00,6.88,--,10,6880,卖盘
543,11:18:48,6.88,--,1,688,卖盘
544,11:18:45,6.88,--,6,4128,卖盘
545,11:18:39,6.88,--,3,2064,卖盘
546,11:18:33,6.88,--,1,839,买盘
547,11:18:27,6.88,0.01,100,68800,买盘
548,11:18:21,6.87,-0.01,5,3435,卖盘
549,11:18:12,6.88,0.01,16,11008,买盘
550,11:18:06,6.87,-0.01,32,21984,卖盘
551,11:18:03,6.88,--,50,34400,买盘
552,11:18:00,6.88,0.01,10,6880,买盘
553,11:17:51,6.87,--,10,6870,卖盘
554,11:17:30,6.87,--,51,35037,卖盘
555,11:17:24,6.87,-0.01,2,1374,卖盘
556,11:16:51,6.88,0.01,5,3440,买盘
557,11:16:45,6.87,-0.01,50,34350,卖盘
558,11:16:39,6.88,--,7,4816,买盘
559,11:16:33,6.88,--,1,688,买盘
560,11:16:21,6.88,--,5,3440,买盘
561,11:16:15,6.88,--,180,124376,卖盘
562,11:16:12,6.88,--,10,6880,卖盘
563,11:16:03,6.88,-0.01,10,6880,卖盘
564,11:16:00,6.89,0.01,5,3445,买盘
565,11:15:57,6.88,--,100,68800,卖盘
566,11:15:54,6.88,--,1,688,卖盘
567,11:15:48,6.88,--,110,75680,卖盘
568,11:15:36,6.88,--,50,34400,卖盘
569,11:15:12,6.88,-0.01,124,85312,卖盘
570,11:15:09,6.89,--,124,85436,卖盘
571,11:14:42,6.89,--,80,55120,卖盘
572,11:14:39,6.89,-0.03,80,55120,卖盘
573,11:14:33,6.92,0.02,79,54668,买盘
574,11:14:27,6.9,--,16,11454,卖盘
575,11:14:06,6.9,--,76,52440,卖盘
576,11:14:03,6.9,-0.02,24,16560,卖盘
577,11:13:30,6.92,--,40,27956,卖盘
578,11:12:48,6.92,-0.01,3,2076,卖盘
579,11:12:15,6.93,--,7,4851,卖盘
580,11:12:02,6.93,--,1,693,卖盘
581,11:11:50,6.93,--,40,27720,卖盘
582,11:11:41,6.93,0.01,57,39501,买盘
583,11:11:29,6.92,--,66,45672,卖盘
584,11:10:59,6.92,0.02,462,320119,买盘
585,11:10:56,6.9,-0.01,47,32430,卖盘
586,11:10:35,6.91,0.01,60,41460,买盘
587,11:10:17,6.9,--,2,1380,卖盘
588,11:10:14,6.9,--,8,5520,卖盘
589,11:10:08,6.9,-0.01,14,9660,卖盘
590,11:09:59,6.91,0.01,5,3455,买盘
591,11:09:50,6.9,-0.01,2,1380,卖盘
592,11:09:29,6.91,0.01,46,31786,买盘
593,11:09:08,6.9,--,50,34500,卖盘
594,11:09:05,6.9,-0.01,5,3450,卖盘
595,11:09:02,6.91,0.02,5,3455,买盘
596,11:08:29,6.89,-0.01,200,137800,卖盘
597,11:08:26,6.9,-0.01,35,24150,卖盘
598,11:08:05,6.91,0.01,29,20039,买盘
599,11:07:56,6.9,0.01,0,427,买盘
600,11:07:53,6.89,-0.01,76,52364,卖盘
601,11:07:47,6.9,--,92,63480,买盘
602,11:07:20,6.9,--,6,4140,买盘
603,11:06:20,6.9,--,5,3450,买盘
604,11:06:08,6.9,-0.01,156,107640,卖盘
605,11:06:05,6.91,--,20,13820,买盘
606,11:05:53,6.91,--,10,6910,买盘
607,11:05:44,6.91,0.01,10,6910,买盘
608,11:05:29,6.9,--,5,3450,卖盘
609,11:05:11,6.9,-0.01,5,3450,卖盘
610,11:04:56,6.91,--,67,46297,买盘
611,11:04:32,6.91,0.01,45,31095,买盘
612,11:04:26,6.9,-0.01,20,13800,卖盘
613,11:04:05,6.91,0.01,69,47679,买盘
614,11:03:08,6.9,--,10,6900,卖盘
615,11:03:05,6.9,-0.01,4,2760,卖盘
616,11:02:50,6.91,0.01,7,4837,买盘
617,11:02:05,6.9,--,15,10350,卖盘
618,11:01:59,6.9,--,1,690,卖盘
619,11:01:41,6.9,--,37,25530,买盘
620,11:01:32,6.9,-0.01,204,140760,中性盘
621,11:01:17,6.91,0.02,14,9674,买盘
622,11:01:08,6.89,--,124,85436,卖盘
623,11:01:05,6.89,--,36,24804,卖盘
624,11:00:59,6.89,-0.02,1,689,卖盘
625,11:00:41,6.91,--,72,49752,买盘
626,11:00:08,6.91,-0.01,25,17275,卖盘
627,11:00:05,6.92,0.01,3,2076,买盘
628,10:59:56,6.91,--,73,50443,买盘
629,10:59:47,6.91,0.02,3,2073,买盘
630,10:59:23,6.89,--,40,27560,买盘
631,10:59:11,6.89,-0.02,60,41340,卖盘
632,10:59:05,6.91,0.01,25,17275,买盘
633,10:58:56,6.9,0.02,50,34500,买盘
634,10:58:23,6.88,--,24,16512,买盘
635,10:58:20,6.88,--,20,13760,买盘
636,10:58:17,6.88,0.01,56,38528,买盘
637,10:58:14,6.87,-0.04,204,140148,卖盘
638,10:58:05,6.91,--,4,2764,买盘
639,10:57:59,6.91,0.03,15,10365,买盘
640,10:57:47,6.88,--,5,3474,买盘
641,10:57:44,6.88,--,16,11008,买盘
642,10:57:41,6.88,--,5,3440,买盘
643,10:57:35,6.88,-0.03,173,119677,卖盘
644,10:57:32,6.91,0.03,30,20730,买盘
645,10:57:11,6.88,-0.05,36,24768,卖盘
646,10:57:08,6.93,0.01,4,2772,买盘
647,10:57:05,6.92,--,33,22870,买盘
648,10:56:56,6.92,--,12,8304,买盘
649,10:56:53,6.92,--,8,5536,买盘
650,10:56:35,6.92,0.01,3,2076,买盘
651,10:56:32,6.91,0.04,12,8292,买盘
652,10:56:26,6.87,-0.04,500,343500,卖盘
653,10:56:20,6.91,--,1,691,买盘
654,10:56:17,6.91,--,32,22112,卖盘
655,10:56:14,6.91,0.01,28,19348,买盘
656,10:56:11,6.9,-0.01,2,1380,卖盘
657,10:56:08,6.91,--,4,2764,买盘
658,10:55:56,6.91,0.01,2,1382,买盘
659,10:55:41,6.9,-0.01,60,41400,卖盘
660,10:55:38,6.91,--,4,2764,买盘
661,10:55:35,6.91,0.01,5,3455,买盘
662,10:55:32,6.9,--,54,37260,卖盘
663,10:55:29,6.9,--,50,34500,卖盘
664,10:55:23,6.9,--,90,62100,卖盘
665,10:55:20,6.9,--,81,55890,卖盘
666,10:55:05,6.9,--,49,33810,卖盘
667,10:54:47,6.9,-0.01,28,19320,卖盘
668,10:54:35,6.91,0.01,6,4146,买盘
669,10:54:29,6.9,--,2,1380,卖盘
670,10:54:17,6.9,--,20,13800,卖盘
671,10:54:02,6.9,-0.01,13,8970,卖盘
672,10:53:38,6.91,--,20,13820,买盘
673,10:53:29,6.91,--,5,3455,卖盘
674,10:53:26,6.91,--,10,6910,卖盘
675,10:53:23,6.91,--,30,20730,卖盘
676,10:53:14,6.91,-0.01,122,84302,卖盘
677,10:52:55,6.92,--,331,229709,卖盘
678,10:52:52,6.92,--,39,26988,卖盘
679,10:52:46,6.92,-0.01,54,37368,卖盘
680,10:52:28,6.93,--,37,25641,卖盘
681,10:52:19,6.93,-0.01,349,241857,卖盘
682,10:52:13,6.94,0.01,10,6940,买盘
683,10:52:10,6.93,-0.01,66,45738,卖盘
684,10:51:58,6.94,--,40,27760,卖盘
685,10:51:46,6.94,--,40,27760,卖盘
686,10:51:43,6.94,--,26,18044,买盘
687,10:51:28,6.94,--,6,4164,买盘
688,10:50:58,6.94,--,6,4164,买盘
689,10:50:31,6.94,--,10,6940,买盘
690,10:50:25,6.94,--,6,4164,买盘
691,10:49:58,6.94,-0.01,32,22208,卖盘
692,10:49:55,6.95,0.01,30,20850,买盘
693,10:49:52,6.94,--,15,10410,卖盘
694,10:49:46,6.94,-0.01,40,27760,卖盘
695,10:49:40,6.95,0.01,89,61855,买盘
696,10:49:34,6.94,-0.01,2,1388,卖盘
697,10:49:13,6.95,--,50,34750,买盘
698,10:48:25,6.95,--,42,29190,买盘
699,10:48:04,6.95,0.01,2,1390,买盘
700,10:47:46,6.94,-0.01,30,20820,卖盘
701,10:46:22,6.95,--,24,16680,买盘
702,10:45:16,6.95,--,52,36140,卖盘
703,10:45:13,6.95,--,6,4170,买盘
704,10:45:07,6.95,--,180,125100,买盘
705,10:44:58,6.95,0.01,10,6950,买盘
706,10:44:55,6.94,--,7,4858,买盘
707,10:44:52,6.94,-0.01,3,2082,卖盘
708,10:44:37,6.95,--,3,2085,买盘
709,10:44:25,6.95,0.02,30,20850,买盘
710,10:44:13,6.93,-0.02,37,25641,卖盘
711,10:44:01,6.95,0.01,48,33360,买盘
712,10:43:55,6.94,--,10,6940,买盘
713,10:43:49,6.94,--,18,12492,买盘
714,10:43:43,6.94,--,60,41640,买盘
715,10:43:34,6.94,--,28,19432,买盘
716,10:42:28,6.94,0.01,3,2082,买盘
717,10:42:25,6.93,--,20,13860,卖盘
718,10:42:19,6.93,-0.01,10,6930,卖盘
719,10:42:13,6.94,--,10,6940,买盘
720,10:42:10,6.94,--,20,13880,买盘
721,10:42:04,6.94,--,10,6940,买盘
722,10:41:49,6.94,--,3,2082,买盘
723,10:41:19,6.94,0.01,2,1388,中性盘
724,10:40:49,6.93,-0.02,15,10395,卖盘
725,10:40:46,6.95,0.02,114,79230,买盘
726,10:40:40,6.93,--,1,693,卖盘
727,10:40:22,6.93,--,12,8316,卖盘
728,10:40:19,6.93,-0.02,66,45738,卖盘
729,10:40:16,6.95,0.02,64,44480,买盘
730,10:40:07,6.93,-0.01,24,16632,卖盘
731,10:39:34,6.94,--,156,108264,卖盘
732,10:39:31,6.94,--,47,32618,卖盘
733,10:39:25,6.94,--,70,48580,卖盘
734,10:39:10,6.94,-0.01,7,4858,卖盘
735,10:38:55,6.95,0.01,10,6950,买盘
736,10:38:52,6.94,-0.01,16,11104,卖盘
737,10:38:07,6.95,--,10,6950,买盘
738,10:38:04,6.95,--,230,159850,买盘
739,10:37:31,6.95,--,22,15290,买盘
740,10:37:19,6.95,0.01,30,20850,买盘
741,10:37:07,6.94,--,5,3470,买盘
742,10:36:10,6.94,--,25,17350,买盘
743,10:35:58,6.94,-0.01,169,117286,卖盘
744,10:35:46,6.95,-0.01,16,11120,卖盘
745,10:35:43,6.96,0.01,21,14616,买盘
746,10:35:22,6.95,0.01,37,25715,买盘
747,10:35:07,6.94,--,5,3470,卖盘
748,10:34:28,6.94,-0.01,40,27760,卖盘
749,10:34:22,6.95,-0.01,15,10425,卖盘
750,10:34:19,6.96,0.01,100,69600,买盘
751,10:33:54,6.95,--,24,16680,买盘
752,10:33:30,6.95,-0.01,16,11120,买盘
753,10:32:42,6.96,0.03,44,30624,买盘
754,10:32:21,6.93,-0.03,25,17325,卖盘
755,10:32:18,6.96,0.03,10,6960,买盘
756,10:32:15,6.93,--,27,18711,买盘
757,10:32:12,6.93,--,50,34650,买盘
758,10:32:06,6.93,--,40,27720,买盘
759,10:32:03,6.93,-0.03,128,88704,卖盘
760,10:32:00,6.96,0.01,20,13920,买盘
761,10:31:51,6.95,--,40,27800,买盘
762,10:31:48,6.95,--,10,6950,买盘
763,10:31:42,6.95,0.03,100,69500,买盘
764,10:31:09,6.92,-0.02,260,179920,卖盘
765,10:31:00,6.94,-0.01,50,34700,卖盘
766,10:30:45,6.95,0.02,90,62550,买盘
767,10:30:42,6.93,--,300,207900,卖盘
768,10:30:00,6.93,-0.02,189,130977,卖盘
769,10:29:24,6.95,--,4,2780,买盘
770,10:29:18,6.95,--,20,13900,买盘
771,10:29:09,6.95,--,46,31970,买盘
772,10:29:00,6.95,--,79,54905,买盘
773,10:28:45,6.95,0.02,55,38225,买盘
774,10:28:30,6.93,--,4,2772,卖盘
775,10:28:27,6.93,--,50,34650,卖盘
776,10:28:00,6.93,--,69,47817,卖盘
777,10:27:54,6.93,--,51,35710,卖盘
778,10:27:51,6.93,--,30,20790,卖盘
779,10:27:27,6.93,--,100,69300,卖盘
780,10:27:24,6.93,-0.01,7,4982,卖盘
781,10:27:21,6.94,0.01,9,6246,买盘
782,10:27:15,6.93,-0.01,100,69300,卖盘
783,10:27:00,6.94,--,3,2082,买盘
784,10:26:30,6.94,--,6,4164,买盘
785,10:26:24,6.94,--,23,15962,买盘
786,10:26:09,6.94,--,57,39884,卖盘
787,10:25:33,6.94,-0.02,2,1388,卖盘
788,10:25:24,6.96,0.01,1,696,买盘
789,10:25:15,6.95,0.01,1,695,中性盘
790,10:24:57,6.94,--,15,10410,卖盘
791,10:24:54,6.94,--,2,1388,卖盘
792,10:24:51,6.94,-0.01,222,154068,卖盘
793,10:24:21,6.95,--,60,41700,买盘
794,10:24:15,6.95,--,222,154290,卖盘
795,10:23:54,6.95,-0.01,11,7645,卖盘
796,10:23:51,6.96,--,40,27840,买盘
797,10:23:42,6.96,0.01,15,10440,买盘
798,10:23:12,6.95,0.01,6,4170,中性盘
799,10:22:48,6.94,-0.02,123,85362,卖盘
800,10:22:36,6.96,--,9,6264,买盘
801,10:22:18,6.96,0.01,63,43848,买盘
802,10:22:15,6.95,0.01,3,2085,买盘
803,10:21:48,6.94,-0.01,20,13880,卖盘
804,10:21:15,6.95,0.01,24,16680,买盘
805,10:21:12,6.94,-0.01,3,2082,卖盘
806,10:20:54,6.95,0.01,10,6950,买盘
807,10:20:36,6.94,--,100,69400,卖盘
808,10:20:30,6.94,-0.01,93,64542,卖盘
809,10:20:27,6.95,0.01,31,21545,买盘
810,10:20:06,6.94,--,40,27760,卖盘
811,10:19:51,6.94,--,50,34700,卖盘
812,10:19:36,6.94,-0.01,18,12492,卖盘
813,10:19:21,6.95,--,203,141314,买盘
814,10:19:18,6.95,0.01,22,15290,买盘
815,10:18:21,6.94,--,20,13880,卖盘
816,10:18:15,6.94,--,5,3470,卖盘
817,10:18:06,6.94,--,7,4858,卖盘
818,10:17:42,6.94,--,366,254004,卖盘
819,10:17:36,6.94,-0.01,100,69400,卖盘
820,10:17:12,6.95,0.01,2,1390,买盘
821,10:16:30,6.94,--,55,38170,卖盘
822,10:16:15,6.94,--,34,23734,卖盘
823,10:15:48,6.94,--,40,27760,卖盘
824,10:15:30,6.94,-0.01,5,3470,卖盘
825,10:15:15,6.95,0.01,20,13900,买盘
826,10:15:12,6.94,0.01,20,13880,买盘
827,10:15:00,6.93,--,5,3465,卖盘
828,10:14:32,6.93,-0.01,113,78537,卖盘
829,10:14:20,6.94,-0.01,70,48580,卖盘
830,10:13:56,6.95,--,20,13900,买盘
831,10:13:47,6.95,0.01,30,20850,买盘
832,10:13:11,6.94,-0.01,69,47886,卖盘
833,10:12:59,6.95,--,3,2085,买盘
834,10:12:38,6.95,--,14,9730,买盘
835,10:12:23,6.95,--,20,13900,买盘
836,10:12:20,6.95,0.01,111,77145,中性盘
837,10:12:14,6.94,-0.01,9,6246,卖盘
838,10:12:02,6.95,0.01,4,2780,中性盘
839,10:11:38,6.94,-0.01,629,436526,卖盘
840,10:11:32,6.95,--,28,19460,卖盘
841,10:11:20,6.95,--,1,695,卖盘
842,10:11:05,6.95,-0.01,10,6950,卖盘
843,10:10:56,6.96,--,49,34104,买盘
844,10:10:53,6.96,-0.01,45,31320,中性盘
845,10:10:05,6.97,0.02,2,1394,买盘
846,10:10:02,6.95,-0.02,10,6950,卖盘
847,10:09:41,6.97,0.02,55,38335,买盘
848,10:09:02,6.95,-0.01,39,27105,卖盘
849,10:08:38,6.96,--,3,2088,买盘
850,10:08:20,6.96,0.01,12,8352,中性盘
851,10:08:05,6.95,-0.01,50,34750,卖盘
852,10:07:53,6.96,-0.02,2,1392,卖盘
853,10:07:26,6.98,0.01,17,11866,买盘
854,10:07:08,6.97,--,8,5576,卖盘
855,10:07:05,6.97,--,34,23698,买盘
856,10:06:53,6.97,0.01,1,697,买盘
857,10:06:50,6.96,-0.01,1,696,中性盘
858,10:06:41,6.97,--,2,1394,买盘
859,10:06:35,6.97,0.01,17,11849,买盘
860,10:06:32,6.96,--,10,6960,卖盘
861,10:06:02,6.96,--,19,13224,买盘
862,10:05:44,6.96,--,6,4176,卖盘
863,10:05:32,6.96,--,9,6264,卖盘
864,10:05:23,6.96,--,6,4176,卖盘
865,10:05:17,6.96,--,6,4176,卖盘
866,10:05:05,6.96,--,6,4176,卖盘
867,10:04:53,6.96,-0.01,6,4176,卖盘
868,10:04:50,6.97,--,36,25092,卖盘
869,10:04:44,6.97,--,6,4182,卖盘
870,10:04:35,6.97,--,6,4182,卖盘
871,10:04:32,6.97,--,3,2091,卖盘
872,10:04:17,6.97,--,18,12546,卖盘
873,10:04:02,6.97,--,10,6970,卖盘
874,10:03:53,6.97,--,100,69700,卖盘
875,10:03:47,6.97,-0.01,26,18122,卖盘
876,10:03:14,6.98,--,56,39646,卖盘
877,10:03:08,6.98,--,10,6980,卖盘
878,10:02:59,6.98,--,48,33643,买盘
879,10:02:05,6.98,--,4,2792,买盘
880,10:02:02,6.98,--,100,69800,买盘
881,10:01:59,6.98,--,50,34900,买盘
882,10:01:32,6.98,0.01,500,349000,买盘
883,10:01:26,6.97,--,14,9758,卖盘
884,10:01:17,6.97,-0.01,10,6970,卖盘
885,10:00:56,6.98,--,67,46766,买盘
886,10:00:50,6.98,--,4,2792,买盘
887,10:00:35,6.98,0.01,7,4886,中性盘
888,10:00:20,6.97,-0.01,100,69700,卖盘
889,10:00:11,6.98,--,28,19544,卖盘
890,10:00:02,6.98,--,47,32806,卖盘
891,09:59:59,6.98,--,379,264542,买盘
892,09:59:47,6.98,0.01,4,2792,买盘
893,09:59:44,6.97,--,15,10455,卖盘
894,09:59:41,6.97,--,70,48790,卖盘
895,09:59:35,6.97,-0.01,20,13940,卖盘
896,09:58:50,6.98,--,3,2094,买盘
897,09:58:35,6.98,--,30,20940,卖盘
898,09:58:20,6.98,0.01,162,113076,买盘
899,09:58:11,6.97,--,139,96883,卖盘
900,09:57:53,6.97,--,32,22304,卖盘
901,09:57:47,6.97,--,94,65518,买盘
902,09:57:41,6.97,0.01,10,6970,买盘
903,09:57:35,6.96,-0.01,12,8352,卖盘
904,09:57:17,6.97,0.01,32,22304,买盘
905,09:57:11,6.96,--,12,8352,买盘
906,09:56:59,6.96,-0.01,26,18096,中性盘
907,09:56:44,6.97,0.03,13,9061,买盘
908,09:56:35,6.94,-0.02,123,85362,卖盘
909,09:56:23,6.96,-0.01,5,3480,中性盘
910,09:56:17,6.97,0.01,46,32062,买盘
911,09:56:02,6.96,0.01,19,13224,买盘
912,09:55:59,6.95,--,93,64635,卖盘
913,09:55:50,6.95,-0.01,110,76450,卖盘
914,09:55:47,6.96,0.01,38,26448,买盘
915,09:55:26,6.95,0.01,10,6950,买盘
916,09:55:19,6.94,-0.01,45,31230,卖盘
917,09:55:07,6.95,--,50,34750,买盘
918,09:55:04,6.95,0.01,14,9730,买盘
919,09:54:58,6.94,-0.01,1,694,卖盘
920,09:54:34,6.95,0.01,17,11815,买盘
921,09:54:31,6.94,--,5,3470,卖盘
922,09:53:58,6.94,-0.01,5,3470,卖盘
923,09:53:43,6.95,0.01,84,58380,买盘
924,09:53:40,6.94,-0.01,22,15268,卖盘
925,09:53:37,6.95,0.01,30,20850,买盘
926,09:53:28,6.94,-0.01,200,138800,卖盘
927,09:53:16,6.95,--,15,10425,买盘
928,09:53:13,6.95,--,34,23630,卖盘
929,09:53:10,6.95,--,15,10425,卖盘
930,09:52:58,6.95,--,10,6950,卖盘
931,09:52:52,6.95,--,29,20155,卖盘
932,09:52:46,6.95,--,40,27800,卖盘
933,09:52:40,6.95,--,6,4170,卖盘
934,09:52:37,6.95,--,1,695,卖盘
935,09:52:34,6.95,--,4,2780,卖盘
936,09:52:31,6.95,--,1,695,卖盘
937,09:52:22,6.95,--,11,7923,卖盘
938,09:52:19,6.95,--,100,69500,卖盘
939,09:52:16,6.95,--,110,76450,卖盘
940,09:52:10,6.95,--,49,34055,卖盘
941,09:52:07,6.95,--,300,208500,卖盘
942,09:51:46,6.95,--,300,208500,卖盘
943,09:51:43,6.95,-0.01,8,5560,卖盘
944,09:51:40,6.96,0.01,4,2784,买盘
945,09:51:25,6.95,--,1,695,卖盘
946,09:51:10,6.95,-0.01,1,695,卖盘
947,09:51:07,6.96,--,13,9048,买盘
948,09:50:34,6.96,--,28,19488,卖盘
949,09:50:28,6.96,0.01,20,13920,中性盘
950,09:50:19,6.95,-0.02,40,27800,卖盘
951,09:50:10,6.97,0.01,31,21607,买盘
952,09:49:52,6.96,0.01,37,26169,买盘
953,09:49:49,6.95,-0.01,25,17375,卖盘
954,09:49:40,6.96,--,4,3062,卖盘
955,09:49:34,6.96,--,35,24777,买盘
956,09:49:28,6.96,--,33,22968,买盘
957,09:49:25,6.96,--,1,974,卖盘
958,09:49:22,6.96,-0.01,144,100641,卖盘
959,09:49:10,6.97,0.01,1,697,买盘
960,09:49:04,6.96,-0.02,15,10440,卖盘
961,09:49:01,6.98,0.02,5,3490,买盘
962,09:48:46,6.96,--,43,29928,卖盘
963,09:48:34,6.96,-0.01,2,1392,卖盘
964,09:48:13,6.97,--,27,18819,卖盘
965,09:48:10,6.97,--,20,13940,卖盘
966,09:48:04,6.97,--,79,55063,卖盘
967,09:47:58,6.97,--,60,41820,卖盘
968,09:47:55,6.97,--,12,8364,卖盘
969,09:47:43,6.97,0.02,14,9758,中性盘
970,09:46:46,6.95,-0.02,436,303020,卖盘
971,09:46:25,6.97,--,13,9061,买盘
972,09:46:22,6.97,-0.01,7,4879,卖盘
973,09:46:07,6.98,--,43,30014,买盘
974,09:45:46,6.98,--,1,698,买盘
975,09:45:34,6.98,--,1,698,买盘
976,09:45:28,6.98,0.02,25,17450,买盘
977,09:45:25,6.96,-0.01,1,696,卖盘
978,09:45:10,6.97,0.01,33,23001,买盘
979,09:45:07,6.96,--,49,34104,卖盘
980,09:44:52,6.96,--,5,3480,卖盘
981,09:44:49,6.96,0.01,14,9744,买盘
982,09:44:46,6.95,-0.01,20,13900,卖盘
983,09:44:37,6.96,--,50,34800,买盘
984,09:44:25,6.96,--,33,22968,买盘
985,09:44:19,6.96,--,50,34800,买盘
986,09:44:16,6.96,--,7,4872,买盘
987,09:44:10,6.96,-0.01,56,38976,卖盘
988,09:44:01,6.97,0.01,16,11152,买盘
989,09:43:49,6.96,--,39,27144,卖盘
990,09:43:43,6.96,-0.01,10,6960,卖盘
991,09:43:28,6.97,0.01,16,11152,买盘
992,09:43:25,6.96,--,10,6960,卖盘
993,09:43:10,6.96,--,30,20880,买盘
994,09:43:01,6.96,--,18,12528,卖盘
995,09:42:58,6.96,--,10,6960,卖盘
996,09:42:49,6.96,--,25,17400,卖盘
997,09:42:28,6.96,--,12,8352,买盘
998,09:42:10,6.96,-0.01,32,22272,卖盘
999,09:42:01,6.97,0.01,39,27183,买盘
1000,09:41:49,6.96,--,11,7656,卖盘
1001,09:41:46,6.96,--,30,20880,中性盘
1002,09:41:37,6.96,--,2,1392,买盘
1003,09:41:34,6.96,0.01,10,6960,买盘
1004,09:41:31,6.95,-0.01,10,6950,卖盘
1005,09:41:16,6.96,0.01,3,2088,买盘
1006,09:41:04,6.95,--,22,15290,卖盘
1007,09:40:52,6.95,-0.01,40,27800,卖盘
1008,09:40:49,6.96,--,48,33408,卖盘
1009,09:40:46,6.96,--,7,4872,买盘
1010,09:40:43,6.96,--,3,2088,买盘
1011,09:40:37,6.96,-0.02,37,25752,卖盘
1012,09:40:07,6.98,0.01,10,6980,买盘
1013,09:40:01,6.97,-0.02,24,16728,卖盘
1014,09:39:49,6.99,0.02,82,57318,买盘
1015,09:39:37,6.97,-0.02,338,235586,卖盘
1016,09:39:28,6.99,--,100,69900,卖盘
1017,09:39:25,6.99,0.01,76,53124,买盘
1018,09:39:19,6.98,-0.01,3,2094,卖盘
1019,09:39:13,6.99,0.01,18,12582,买盘
1020,09:39:10,6.98,-0.01,14,9772,卖盘
1021,09:39:04,6.99,--,3,2097,买盘
1022,09:38:58,6.99,-0.01,27,18873,卖盘
1023,09:38:46,7.0,0.04,20,14000,买盘
1024,09:38:40,6.96,-0.04,111,77256,卖盘
1025,09:38:37,7.0,0.03,131,91700,中性盘
1026,09:38:07,6.97,--,22,15334,卖盘
1027,09:38:01,6.97,--,14,9758,卖盘
1028,09:37:37,6.97,-0.04,20,13940,卖盘
1029,09:37:34,7.01,0.04,486,340686,买盘
1030,09:37:25,6.97,--,50,34850,卖盘
1031,09:37:16,6.97,--,22,15334,卖盘
1032,09:37:01,6.97,0.01,130,90610,买盘
1033,09:36:43,6.96,-0.01,1,696,卖盘
1034,09:36:40,6.97,0.01,49,34153,买盘
1035,09:36:37,6.96,-0.01,16,11136,中性盘
1036,09:36:31,6.97,0.01,100,69700,买盘
1037,09:36:25,6.96,0.01,17,11832,买盘
1038,09:36:10,6.95,0.01,19,13205,买盘
1039,09:36:04,6.94,0.01,218,151292,买盘
1040,09:35:46,6.93,--,3,2079,卖盘
1041,09:35:43,6.93,0.01,2,1386,卖盘
1042,09:35:31,6.92,-0.02,37,25604,卖盘
1043,09:34:54,6.94,--,30,20820,买盘
1044,09:34:30,6.94,-0.01,38,26372,卖盘
1045,09:34:18,6.95,--,1,695,买盘
1046,09:34:12,6.95,--,4,2780,卖盘
1047,09:34:09,6.95,0.01,9,6255,买盘
1048,09:34:06,6.94,-0.01,20,13880,卖盘
1049,09:33:54,6.95,--,21,14595,卖盘
1050,09:33:51,6.95,-0.01,5,3475,卖盘
1051,09:33:45,6.96,0.01,20,13920,买盘
1052,09:33:36,6.95,--,53,36835,卖盘
1053,09:33:30,6.95,-0.01,263,182785,卖盘
1054,09:33:24,6.96,0.01,30,20880,买盘
1055,09:33:12,6.95,-0.02,9,6255,卖盘
1056,09:33:09,6.97,0.01,200,139400,买盘
1057,09:33:06,6.96,-0.01,115,80040,卖盘
1058,09:33:03,6.97,0.01,42,29274,买盘
1059,09:33:00,6.96,--,50,34800,卖盘
1060,09:32:57,6.96,--,4,2784,卖盘
1061,09:32:48,6.96,--,39,27144,卖盘
1062,09:32:42,6.96,--,2,1392,卖盘
1063,09:32:33,6.96,--,5,3480,卖盘
1064,09:32:30,6.96,--,10,6960,买盘
1065,09:32:12,6.96,--,10,6960,买盘
1066,09:32:03,6.96,--,37,25752,买盘
1067,09:32:00,6.96,-0.01,84,58464,卖盘
1068,09:31:54,6.97,--,30,20910,卖盘
1069,09:31:51,6.97,--,30,20910,买盘
1070,09:31:48,6.97,0.01,10,6970,买盘
1071,09:31:39,6.96,--,184,128064,卖盘
1072,09:31:36,6.96,-0.01,10,6960,卖盘
1073,09:31:33,6.97,0.01,101,70397,买盘
1074,09:31:27,6.96,-0.01,75,52200,中性盘
1075,09:31:21,6.97,0.02,86,59942,买盘
1076,09:31:18,6.95,-0.01,8,5560,卖盘
1077,09:31:15,6.96,--,52,36192,买盘
1078,09:31:09,6.96,--,8,5568,买盘
1079,09:31:03,6.96,--,32,22272,买盘
1080,09:31:00,6.96,0.01,82,57072,买盘
1081,09:30:57,6.95,--,26,18070,买盘
1082,09:30:45,6.95,--,10,6950,买盘
1083,09:30:33,6.95,0.02,70,48650,中性盘
1084,09:30:18,6.93,-0.02,97,67221,卖盘
1085,09:30:12,6.95,0.05,111,77284,买盘
1086,09:30:06,6.9,-0.02,159,110262,卖盘
1087,09:30:03,6.92,--,12,8442,买盘
1088,09:25:21,6.92,--,0,0,买盘
1089,09:25:00,6.92,6.92,65,44980,买盘
