,time,price,change,volume,amount,type
0,15:00:21,10.72,--,2657,2848304,卖盘
1,14:57:38,10.72,--,0,0,买盘
2,14:57:05,10.72,--,110,117920,卖盘
3,14:56:59,10.72,--,100,107200,买盘
4,14:56:56,10.72,--,45,48240,买盘
5,14:56:47,10.72,--,61,65392,卖盘
6,14:56:41,10.72,--,123,131856,卖盘
7,14:56:38,10.72,--,10,10720,买盘
8,14:56:35,10.72,--,260,278720,买盘
9,14:56:32,10.72,--,100,107200,买盘
10,14:56:29,10.72,--,99,106128,买盘
11,14:56:23,10.72,--,57,61104,买盘
12,14:56:20,10.72,--,318,340896,买盘
13,14:56:17,10.72,--,59,63248,买盘
14,14:56:14,10.72,--,10,10720,买盘
15,14:56:11,10.72,--,320,343040,买盘
16,14:56:08,10.72,--,24,25728,买盘
17,14:56:02,10.72,0.01,245,262640,买盘
18,14:55:59,10.71,-0.01,34,36414,卖盘
19,14:55:56,10.72,0.01,12,12864,买盘
20,14:55:50,10.71,-0.01,83,88893,卖盘
21,14:55:47,10.72,0.01,966,1035552,买盘
22,14:55:41,10.71,--,263,281673,卖盘
23,14:55:32,10.71,--,54,57834,卖盘
24,14:55:26,10.71,--,114,122094,卖盘
25,14:55:17,10.71,-0.01,46,49266,卖盘
26,14:55:14,10.72,0.01,368,394496,买盘
27,14:55:05,10.71,--,4,4284,卖盘
28,14:55:02,10.71,--,20,21420,卖盘
29,14:54:56,10.71,--,10,10710,卖盘
30,14:54:53,10.71,--,19,20349,卖盘
31,14:54:50,10.71,--,198,212058,卖盘
32,14:54:47,10.71,--,9,9639,卖盘
33,14:54:41,10.71,--,149,159579,卖盘
34,14:54:38,10.71,--,10,10710,卖盘
35,14:54:35,10.71,--,1,1071,卖盘
36,14:54:32,10.71,-0.01,16,17136,卖盘
37,14:54:29,10.72,0.01,10,10720,买盘
38,14:54:26,10.71,--,42,44982,卖盘
39,14:54:23,10.71,-0.01,257,275247,卖盘
40,14:54:17,10.72,0.01,110,117920,买盘
41,14:54:11,10.71,-0.01,83,88893,卖盘
42,14:54:08,10.72,--,16,17152,买盘
43,14:54:05,10.72,0.01,1,1072,买盘
44,14:54:02,10.71,--,39,41769,卖盘
45,14:53:59,10.71,--,23,24633,卖盘
46,14:53:56,10.71,-0.01,136,145656,卖盘
47,14:53:50,10.72,--,46,49312,买盘
48,14:53:47,10.72,0.01,96,102912,买盘
49,14:53:44,10.71,-0.01,72,77112,卖盘
50,14:53:38,10.72,0.01,38,40736,买盘
51,14:53:35,10.71,-0.01,1,1071,卖盘
52,14:53:32,10.72,0.01,33,35376,买盘
53,14:53:26,10.71,--,58,62118,卖盘
54,14:53:20,10.71,--,202,216342,卖盘
55,14:53:14,10.71,--,16,17136,卖盘
56,14:53:08,10.71,-0.01,5,5355,卖盘
57,14:53:02,10.72,0.01,344,368768,买盘
58,14:52:56,10.71,-0.01,1190,1274490,卖盘
59,14:52:53,10.72,--,10,10720,买盘
60,14:52:50,10.72,--,113,121136,买盘
61,14:52:47,10.72,0.01,94,100768,买盘
62,14:52:41,10.71,--,17,18207,卖盘
63,14:52:38,10.71,-0.01,393,420903,卖盘
64,14:52:35,10.72,--,5,5360,买盘
65,14:52:32,10.72,--,11,11792,买盘
66,14:52:26,10.72,--,405,434160,买盘
67,14:52:23,10.72,0.01,5,5360,买盘
68,14:52:20,10.71,--,486,520506,卖盘
69,14:52:17,10.71,--,12,12852,卖盘
70,14:52:14,10.71,--,50,53550,卖盘
71,14:52:11,10.71,--,10,10710,卖盘
72,14:52:08,10.71,--,151,161721,卖盘
73,14:52:02,10.71,--,7,7497,卖盘
74,14:51:56,10.71,-0.01,13,13923,卖盘
75,14:51:53,10.72,0.01,19,20368,买盘
76,14:51:50,10.71,--,12,12852,卖盘
77,14:51:47,10.71,--,21,22491,卖盘
78,14:51:44,10.71,--,25,26775,卖盘
79,14:51:41,10.71,--,15,16065,卖盘
80,14:51:38,10.71,--,4,4284,卖盘
81,14:51:35,10.71,--,6,6426,卖盘
82,14:51:32,10.71,--,145,155295,卖盘
83,14:51:29,10.71,--,75,80325,卖盘
84,14:51:26,10.71,--,34,36414,卖盘
85,14:51:23,10.71,--,210,224910,卖盘
86,14:51:20,10.71,--,3,3213,卖盘
87,14:51:14,10.71,--,24,25704,卖盘
88,14:51:11,10.71,--,51,54621,卖盘
89,14:51:08,10.71,--,65,69615,卖盘
90,14:51:05,10.71,-0.01,155,166005,卖盘
91,14:51:02,10.72,0.01,11,11792,买盘
92,14:50:59,10.71,--,142,152082,卖盘
93,14:50:56,10.71,--,50,53550,卖盘
94,14:50:53,10.71,-0.01,9,9639,卖盘
95,14:50:47,10.72,0.01,257,275504,买盘
96,14:50:44,10.71,--,21,22491,卖盘
97,14:50:41,10.71,-0.01,10,10710,卖盘
98,14:50:38,10.72,0.01,220,235840,买盘
99,14:50:35,10.71,--,5,5355,卖盘
100,14:50:32,10.71,--,5,5355,卖盘
101,14:50:29,10.71,--,40,42840,卖盘
102,14:50:26,10.71,--,25,26775,卖盘
103,14:50:23,10.71,-0.01,36,38556,卖盘
104,14:50:20,10.72,0.01,103,110416,买盘
105,14:50:17,10.71,--,91,97461,卖盘
106,14:50:11,10.71,--,47,50337,卖盘
107,14:50:05,10.71,--,12,12852,卖盘
108,14:50:02,10.71,--,18,19278,卖盘
109,14:49:56,10.71,-0.01,26,27846,卖盘
110,14:49:53,10.72,--,49,52528,买盘
111,14:49:50,10.72,0.01,10,10720,买盘
112,14:49:47,10.71,--,18,19278,卖盘
113,14:49:38,10.71,-0.01,10,10710,卖盘
114,14:49:35,10.72,0.01,88,94336,买盘
115,14:49:32,10.71,-0.01,103,110313,卖盘
116,14:49:29,10.72,0.01,31,33232,买盘
117,14:49:26,10.71,--,15,16065,卖盘
118,14:49:23,10.71,--,49,52479,卖盘
119,14:49:20,10.71,-0.01,22,23562,卖盘
120,14:49:17,10.72,--,971,1040912,买盘
121,14:49:14,10.72,0.01,58,62176,买盘
122,14:49:08,10.71,-0.01,59,63189,卖盘
123,14:49:05,10.72,0.01,527,564944,买盘
124,14:49:02,10.71,--,47,50337,卖盘
125,14:48:59,10.71,--,109,116739,卖盘
126,14:48:56,10.71,--,193,206703,卖盘
127,14:48:53,10.71,--,5,5355,卖盘
128,14:48:50,10.71,--,182,194922,卖盘
129,14:48:44,10.71,--,96,103629,卖盘
130,14:48:41,10.71,-0.01,17,18207,卖盘
131,14:48:38,10.72,0.01,44,47168,买盘
132,14:48:32,10.71,--,39,41769,卖盘
133,14:48:29,10.71,--,5,5355,卖盘
134,14:48:26,10.71,-0.01,32,34272,卖盘
135,14:48:23,10.72,0.01,32,34304,买盘
136,14:48:20,10.71,-0.01,12,12852,卖盘
137,14:48:17,10.72,--,72,77184,买盘
138,14:48:14,10.72,0.01,8,8576,买盘
139,14:48:11,10.71,-0.01,8,8568,卖盘
140,14:48:08,10.72,0.01,11,11792,买盘
141,14:48:05,10.71,--,6,6426,卖盘
142,14:48:02,10.71,--,7,7497,卖盘
143,14:47:56,10.71,-0.01,14,14994,卖盘
144,14:47:53,10.72,0.01,87,93264,买盘
145,14:47:50,10.71,-0.01,3,3213,卖盘
146,14:47:47,10.72,0.01,5,5360,买盘
147,14:47:44,10.71,--,25,26775,卖盘
148,14:47:41,10.71,-0.01,10,10710,卖盘
149,14:47:38,10.72,--,1,1072,买盘
150,14:47:32,10.72,--,26,27872,买盘
151,14:47:26,10.72,0.01,338,362336,买盘
152,14:47:20,10.71,--,31,33201,卖盘
153,14:47:17,10.71,-0.01,114,122094,卖盘
154,14:47:11,10.72,0.01,565,605680,买盘
155,14:47:08,10.71,--,63,67473,卖盘
156,14:47:05,10.71,--,22,23562,卖盘
157,14:47:02,10.71,-0.01,144,154224,卖盘
158,14:46:56,10.72,0.01,61,65392,买盘
159,14:46:53,10.71,--,75,80325,卖盘
160,14:46:50,10.71,--,40,42840,卖盘
161,14:46:44,10.71,-0.01,22,23562,卖盘
162,14:46:38,10.72,0.01,95,101840,买盘
163,14:46:32,10.71,-0.01,5,5355,卖盘
164,14:46:26,10.72,--,204,218688,买盘
165,14:46:17,10.72,0.01,283,303376,买盘
166,14:46:14,10.71,--,5,5355,卖盘
167,14:46:11,10.71,--,38,40698,卖盘
168,14:46:08,10.71,-0.01,10,10710,卖盘
169,14:46:02,10.72,0.01,8,8576,买盘
170,14:45:56,10.71,--,120,128520,卖盘
171,14:45:53,10.71,-0.01,22,23562,卖盘
172,14:45:50,10.72,0.01,106,113632,买盘
173,14:45:47,10.71,-0.01,2,2142,卖盘
174,14:45:44,10.72,0.01,5,5360,买盘
175,14:45:38,10.71,--,169,180999,卖盘
176,14:45:32,10.71,-0.01,76,81396,卖盘
177,14:45:26,10.72,0.01,162,173664,买盘
178,14:45:23,10.71,--,4,4284,卖盘
179,14:45:20,10.71,-0.01,18,19278,卖盘
180,14:45:17,10.72,--,27,28944,买盘
181,14:45:14,10.72,0.01,570,611040,买盘
182,14:45:05,10.71,--,12,12852,卖盘
183,14:45:02,10.71,--,44,47124,卖盘
184,14:44:59,10.71,--,289,309519,卖盘
185,14:44:53,10.71,-0.01,31,33201,卖盘
186,14:44:50,10.72,--,40,42880,买盘
187,14:44:47,10.72,0.01,263,281936,买盘
188,14:44:44,10.71,--,10,10710,卖盘
189,14:44:41,10.71,--,201,215271,卖盘
190,14:44:38,10.71,--,9,9639,卖盘
191,14:44:35,10.71,--,384,411264,卖盘
192,14:44:32,10.71,--,6,6426,卖盘
193,14:44:26,10.71,--,45,48195,卖盘
194,14:44:20,10.71,-0.01,477,510867,卖盘
195,14:44:17,10.72,0.01,32,34304,买盘
196,14:44:14,10.71,-0.01,1,1071,卖盘
197,14:44:02,10.72,--,8,8576,卖盘
198,14:43:59,10.72,--,322,345184,卖盘
199,14:43:53,10.72,-0.01,34,36448,卖盘
200,14:43:50,10.73,0.01,171,183483,买盘
201,14:43:47,10.72,--,162,173664,卖盘
202,14:43:38,10.72,-0.01,8,8576,卖盘
203,14:43:35,10.73,0.01,2,2146,买盘
204,14:43:32,10.72,--,51,54672,卖盘
205,14:43:29,10.72,--,111,118992,卖盘
206,14:43:26,10.72,--,2,2144,卖盘
207,14:43:23,10.72,--,11,11792,卖盘
208,14:43:20,10.72,--,44,47168,卖盘
209,14:43:17,10.72,-0.01,146,156512,卖盘
210,14:43:14,10.73,--,24,25752,买盘
211,14:43:11,10.73,0.01,120,128760,买盘
212,14:43:08,10.72,--,22,23584,卖盘
213,14:43:05,10.72,-0.01,12,12864,卖盘
214,14:43:02,10.73,0.01,10,10730,买盘
215,14:42:59,10.72,--,200,214400,卖盘
216,14:42:50,10.72,-0.01,30,32160,卖盘
217,14:42:47,10.73,0.01,117,125541,买盘
218,14:42:44,10.72,--,714,765408,卖盘
219,14:42:41,10.72,--,458,490976,卖盘
220,14:42:38,10.72,--,61,65392,卖盘
221,14:42:32,10.72,--,5,5360,卖盘
222,14:42:29,10.72,--,40,42880,卖盘
223,14:42:26,10.72,--,10,10720,卖盘
224,14:42:23,10.72,--,60,64320,卖盘
225,14:42:20,10.72,0.01,552,592601,买盘
226,14:42:17,10.71,--,5,5397,卖盘
227,14:42:14,10.71,-0.01,44,47124,卖盘
228,14:42:11,10.72,0.01,88,94336,买盘
229,14:42:05,10.71,--,266,284886,卖盘
230,14:42:02,10.71,-0.01,8,8568,卖盘
231,14:41:50,10.72,0.01,118,127525,买盘
232,14:41:47,10.71,--,36,38556,卖盘
233,14:41:41,10.71,-0.01,1,1113,卖盘
234,14:41:38,10.72,0.01,50,53600,买盘
235,14:41:32,10.71,--,378,404838,卖盘
236,14:41:29,10.71,-0.01,14,14994,卖盘
237,14:41:26,10.72,--,200,215429,买盘
238,14:41:20,10.72,0.01,5,5402,买盘
239,14:41:17,10.71,-0.01,100,107100,卖盘
240,14:41:14,10.72,--,564,604608,买盘
241,14:41:08,10.72,0.01,64,69637,买盘
242,14:41:02,10.71,--,5,5397,卖盘
243,14:40:56,10.71,-0.01,260,278460,卖盘
244,14:40:53,10.72,--,42,46053,买盘
245,14:40:50,10.72,0.01,113,121178,买盘
246,14:40:47,10.71,--,102,109242,卖盘
247,14:40:41,10.71,-0.01,10,11738,卖盘
248,14:40:38,10.72,0.01,460,493120,中性盘
249,14:40:32,10.71,--,5,5397,卖盘
250,14:40:26,10.71,-0.01,200,214200,卖盘
251,14:40:23,10.72,0.01,34,36448,中性盘
252,14:40:14,10.71,--,236,253784,卖盘
253,14:40:11,10.71,-0.02,22,23562,卖盘
254,14:40:08,10.73,0.02,70,75110,买盘
255,14:40:05,10.71,--,1243,1331295,卖盘
256,14:40:02,10.71,--,4,5312,卖盘
257,14:39:59,10.71,-0.01,6,6426,卖盘
258,14:39:56,10.72,0.01,4,4288,买盘
259,14:39:53,10.71,-0.01,6,6426,卖盘
260,14:39:50,10.72,--,65,69722,买盘
261,14:39:47,10.72,--,10,10720,买盘
262,14:39:44,10.72,0.01,28,30016,买盘
263,14:39:35,10.71,--,824,883532,卖盘
264,14:39:32,10.71,-0.01,5,5397,卖盘
265,14:39:29,10.72,0.01,104,111488,买盘
266,14:39:26,10.71,-0.01,214,230222,卖盘
267,14:39:23,10.72,--,13,13978,卖盘
268,14:39:20,10.72,--,10,10720,卖盘
269,14:39:17,10.72,--,4,5317,卖盘
270,14:39:14,10.72,--,21,22554,卖盘
271,14:39:11,10.72,-0.01,2,3173,卖盘
272,14:39:08,10.73,0.01,164,175972,买盘
273,14:39:05,10.72,--,5,5402,卖盘
274,14:39:02,10.72,--,24,26757,卖盘
275,14:38:59,10.72,--,21,22554,卖盘
276,14:38:56,10.72,--,126,135072,卖盘
277,14:38:53,10.72,-0.01,10,10720,中性盘
278,14:38:50,10.73,--,50,54680,买盘
279,14:38:47,10.73,0.01,70,75110,买盘
280,14:38:44,10.72,0.01,21,22554,买盘
281,14:38:41,10.71,-0.01,10,11738,卖盘
282,14:38:38,10.72,0.01,19,20410,买盘
283,14:38:35,10.71,--,92,98532,卖盘
284,14:38:32,10.71,-0.01,78,83880,卖盘
285,14:38:29,10.72,--,374,401614,买盘
286,14:38:23,10.72,--,2635,2825105,卖盘
287,14:38:20,10.72,--,50,53600,卖盘
288,14:38:17,10.72,--,112,120064,卖盘
289,14:38:14,10.72,-0.01,22,23584,卖盘
290,14:38:11,10.73,0.01,120,128760,买盘
291,14:38:07,10.72,--,90,96480,卖盘
292,14:38:04,10.72,--,46,49312,卖盘
293,14:38:01,10.72,--,524,562757,卖盘
294,14:37:55,10.72,--,45,48282,卖盘
295,14:37:52,10.72,--,142,153253,卖盘
296,14:37:49,10.72,--,33,35418,卖盘
297,14:37:46,10.72,--,268,288325,卖盘
298,14:37:43,10.72,--,21,22554,卖盘
299,14:37:40,10.72,--,22,23584,卖盘
300,14:37:34,10.72,--,42,46053,卖盘
301,14:37:31,10.72,--,5,5402,卖盘
302,14:37:28,10.72,-0.01,134,144677,卖盘
303,14:37:25,10.73,0.01,83,89101,买盘
304,14:37:19,10.72,--,50,54629,卖盘
305,14:37:16,10.72,--,511,547834,卖盘
306,14:37:07,10.72,--,60,64320,卖盘
307,14:37:04,10.72,--,10,10720,卖盘
308,14:37:01,10.72,--,16,18181,卖盘
309,14:36:58,10.72,--,163,174778,卖盘
310,14:36:55,10.72,-0.01,6,7461,卖盘
311,14:36:49,10.73,--,19,20429,买盘
312,14:36:46,10.73,--,1536,1649158,卖盘
313,14:36:43,10.73,--,230,246790,卖盘
314,14:36:40,10.73,--,286,306878,卖盘
315,14:36:34,10.73,--,5,5407,卖盘
316,14:36:31,10.73,--,62,66526,卖盘
317,14:36:28,10.73,--,284,305762,卖盘
318,14:36:22,10.73,--,27,29013,卖盘
319,14:36:16,10.73,-0.01,96,103008,卖盘
320,14:36:10,10.74,0.01,74,79476,买盘
321,14:36:07,10.73,--,50,54680,卖盘
322,14:36:04,10.73,--,111,119145,卖盘
323,14:36:01,10.73,--,46,50388,卖盘
324,14:35:58,10.73,--,120,128760,卖盘
325,14:35:55,10.73,--,24,25752,卖盘
326,14:35:52,10.73,--,12,12876,卖盘
327,14:35:49,10.73,--,224,240352,卖盘
328,14:35:46,10.73,-0.01,20,21460,卖盘
329,14:35:43,10.74,0.01,110,118140,买盘
330,14:35:40,10.73,-0.01,30,32190,卖盘
331,14:35:34,10.74,0.01,72,77328,买盘
332,14:35:31,10.73,--,5,5407,卖盘
333,14:35:28,10.73,--,136,145928,卖盘
334,14:35:25,10.73,--,58,62234,卖盘
335,14:35:22,10.73,-0.01,106,114768,卖盘
336,14:35:19,10.74,0.01,173,185844,买盘
337,14:35:16,10.73,--,382,410916,卖盘
338,14:35:13,10.73,0.01,29,31159,买盘
339,14:35:10,10.72,-0.01,60,65349,卖盘
340,14:35:04,10.73,--,119,127729,卖盘
341,14:34:58,10.73,--,146,156658,卖盘
342,14:34:55,10.73,--,4,4292,卖盘
343,14:34:52,10.73,--,140,150220,卖盘
344,14:34:49,10.73,--,114,123352,卖盘
345,14:34:46,10.73,--,20,21460,卖盘
346,14:34:43,10.73,0.01,30,32190,卖盘
347,14:34:40,10.72,-0.01,82,87904,卖盘
348,14:34:37,10.73,--,0,472,卖盘
349,14:34:34,10.73,0.01,131,141163,买盘
350,14:34:31,10.72,-0.01,6,6432,卖盘
351,14:34:25,10.73,0.01,739,792989,买盘
352,14:34:19,10.72,--,12,12864,卖盘
353,14:34:16,10.72,-0.01,40,42880,卖盘
354,14:34:10,10.73,0.01,0,1030,买盘
355,14:34:04,10.72,--,10,10720,卖盘
356,14:34:01,10.72,--,189,202650,卖盘
357,14:33:55,10.72,--,4,5317,卖盘
358,14:33:52,10.72,-0.01,12,12864,卖盘
359,14:33:46,10.73,--,21,22575,买盘
360,14:33:40,10.73,--,10,11760,买盘
361,14:33:37,10.73,--,13,13991,买盘
362,14:33:34,10.73,0.01,104,112622,买盘
363,14:33:31,10.72,--,5,5402,卖盘
364,14:33:28,10.72,-0.01,10,11749,卖盘
365,14:33:25,10.73,--,159,170649,买盘
366,14:33:22,10.73,--,74,79402,买盘
367,14:33:19,10.73,--,30,33220,买盘
368,14:33:16,10.73,--,163,175371,卖盘
369,14:33:10,10.73,--,176,189448,买盘
370,14:33:07,10.73,--,18,19786,卖盘
371,14:33:04,10.73,--,230,246790,卖盘
372,14:33:01,10.73,--,10,10730,卖盘
373,14:32:58,10.73,--,1,1073,卖盘
374,14:32:55,10.73,-0.01,17,18241,卖盘
375,14:32:46,10.74,0.01,53,56922,买盘
376,14:32:43,10.73,--,146,156658,卖盘
377,14:32:40,10.73,0.01,256,275288,买盘
378,14:32:37,10.72,--,12,12864,卖盘
379,14:32:31,10.72,--,5,5402,卖盘
380,14:32:28,10.72,-0.01,2,2144,卖盘
381,14:32:25,10.73,0.01,30,32190,买盘
382,14:32:22,10.72,-0.01,6,7461,卖盘
383,14:32:19,10.73,--,739,792989,买盘
384,14:32:16,10.73,--,24,26782,买盘
385,14:32:07,10.73,--,79,84809,买盘
386,14:32:04,10.73,0.01,80,85840,买盘
387,14:32:01,10.72,--,58,62176,卖盘
388,14:31:58,10.72,--,88,95365,卖盘
389,14:31:55,10.72,--,38,40736,卖盘
390,14:31:37,10.72,--,2,2144,卖盘
391,14:31:31,10.72,--,5,5402,卖盘
392,14:31:28,10.72,-0.01,90,97509,卖盘
393,14:31:22,10.73,--,30,32190,买盘
394,14:31:19,10.73,--,74,79402,买盘
395,14:31:16,10.73,0.01,154,165242,买盘
396,14:31:04,10.72,--,16,17152,卖盘
397,14:31:01,10.72,--,18,19296,卖盘
398,14:30:58,10.72,-0.01,5,5402,卖盘
399,14:30:55,10.73,0.01,18,20344,买盘
400,14:30:52,10.72,-0.01,5,5402,卖盘
401,14:30:49,10.73,--,12,13906,买盘
402,14:30:46,10.73,--,374,401302,买盘
403,14:30:43,10.73,--,1,1115,买盘
404,14:30:40,10.73,0.01,124,134082,买盘
405,14:30:37,10.72,--,221,236954,卖盘
406,14:30:31,10.72,-0.01,30,32160,卖盘
407,14:30:10,10.73,0.01,50,54680,买盘
408,14:30:07,10.72,--,592,634624,卖盘
409,14:30:01,10.72,-0.01,238,255136,卖盘
410,14:29:58,10.73,--,12,12876,买盘
411,14:29:52,10.73,--,53,56911,买盘
412,14:29:49,10.73,--,142,152366,买盘
413,14:29:46,10.73,0.01,40,43950,买盘
414,14:29:37,10.72,--,257,275546,卖盘
415,14:29:31,10.72,-0.01,22,24613,卖盘
416,14:29:28,10.73,--,145,155627,买盘
417,14:29:22,10.73,0.01,122,131936,买盘
418,14:29:19,10.72,-0.01,50,53600,卖盘
419,14:29:13,10.73,--,5,5407,买盘
420,14:29:07,10.73,0.01,196,210308,买盘
421,14:29:04,10.72,--,10,11749,卖盘
422,14:29:01,10.72,-0.01,5,5402,卖盘
423,14:28:55,10.73,-0.01,689,739726,卖盘
424,14:28:49,10.74,--,525,563850,买盘
425,14:28:46,10.74,0.01,71,76254,买盘
426,14:28:40,10.73,--,12,12876,卖盘
427,14:28:37,10.73,0.01,160,172323,买盘
428,14:28:31,10.72,--,64,69637,卖盘
429,14:28:25,10.72,--,7,7546,卖盘
430,14:28:22,10.72,-0.01,2,2144,卖盘
431,14:28:16,10.73,--,36,38628,买盘
432,14:28:07,10.73,0.01,194,208162,买盘
433,14:28:01,10.72,-0.01,4,5317,卖盘
434,14:27:58,10.73,0.01,101,108415,买盘
435,14:27:55,10.72,-0.01,12,12864,卖盘
436,14:27:46,10.73,--,58,62234,买盘
437,14:27:43,10.73,--,48,51933,卖盘
438,14:27:40,10.73,--,42,45066,卖盘
439,14:27:37,10.73,--,44,47212,卖盘
440,14:27:31,10.73,-0.01,96,103179,卖盘
441,14:27:28,10.74,0.01,171,183696,买盘
442,14:27:25,10.73,--,82,88415,卖盘
443,14:27:19,10.73,--,250,268250,卖盘
444,14:27:16,10.73,--,12,12876,卖盘
445,14:27:13,10.73,--,164,177002,卖盘
446,14:27:07,10.73,--,15,16137,卖盘
447,14:27:04,10.73,--,404,434522,买盘
448,14:26:58,10.73,--,251,269365,卖盘
449,14:26:55,10.73,-0.01,700,751100,卖盘
450,14:26:49,10.74,--,74,79476,买盘
451,14:26:46,10.74,0.01,74,80507,买盘
452,14:26:43,10.73,--,22,23606,卖盘
453,14:26:40,10.73,--,8,8584,卖盘
454,14:26:37,10.73,--,4,4292,卖盘
455,14:26:31,10.73,--,5,5407,卖盘
456,14:26:28,10.73,--,10,10730,卖盘
457,14:26:25,10.73,--,310,332630,卖盘
458,14:26:22,10.73,--,500,536500,卖盘
459,14:26:16,10.73,--,34,37512,卖盘
460,14:26:13,10.73,-0.01,12,12876,卖盘
461,14:26:10,10.74,--,119,127848,买盘
462,14:26:07,10.74,0.01,94,101987,买盘
463,14:26:01,10.73,--,5,5407,卖盘
464,14:25:58,10.73,--,14,15966,卖盘
465,14:25:55,10.73,-0.01,20,21460,卖盘
466,14:25:52,10.74,0.01,199,213726,买盘
467,14:25:49,10.73,--,50,53650,卖盘
468,14:25:46,10.73,-0.01,50,53650,卖盘
469,14:25:43,10.74,0.01,22,23628,买盘
470,14:25:37,10.73,--,1,1073,卖盘
471,14:25:31,10.73,--,5,5365,卖盘
472,14:25:28,10.73,-0.01,25,26825,卖盘
473,14:25:25,10.74,0.01,72,77328,买盘
474,14:25:22,10.73,-0.01,60,64380,卖盘
475,14:25:19,10.74,0.01,118,126732,买盘
476,14:25:13,10.73,-0.01,30,32190,卖盘
477,14:25:10,10.74,0.01,10,10740,买盘
478,14:25:04,10.73,--,7,7511,卖盘
479,14:25:01,10.73,--,2109,2263386,卖盘
480,14:24:58,10.73,-0.01,5,5365,卖盘
481,14:24:49,10.74,0.01,111,119214,买盘
482,14:24:46,10.73,-0.01,85,91205,卖盘
483,14:24:43,10.74,--,1,1074,买盘
484,14:24:40,10.74,0.01,378,405972,买盘
485,14:24:34,10.73,--,20,21460,卖盘
486,14:24:31,10.73,--,20,21460,卖盘
487,14:24:28,10.73,-0.01,10,10730,卖盘
488,14:24:25,10.74,0.01,10,10740,买盘
489,14:24:22,10.73,-0.01,23,24679,卖盘
490,14:24:16,10.74,--,1,1074,买盘
491,14:24:13,10.74,0.01,200,214800,买盘
492,14:24:10,10.73,-0.01,110,118030,卖盘
493,14:24:04,10.74,--,165,177210,买盘
494,14:24:01,10.74,--,21,22554,买盘
495,14:23:58,10.74,--,60,64440,买盘
496,14:23:55,10.74,--,12,12888,买盘
497,14:23:52,10.74,--,255,273870,买盘
498,14:23:43,10.74,0.01,50,53700,买盘
499,14:23:40,10.73,--,10,10730,卖盘
500,14:23:37,10.73,--,21,22533,卖盘
501,14:23:31,10.73,--,15,16095,卖盘
502,14:23:28,10.73,-0.01,52,56654,卖盘
503,14:23:25,10.74,--,127,136398,买盘
504,14:23:19,10.74,--,53,56922,买盘
505,14:23:04,10.74,0.01,10,10740,买盘
506,14:23:01,10.73,--,20,21460,卖盘
507,14:22:55,10.73,--,360,386280,卖盘
508,14:22:52,10.73,--,86,92278,卖盘
509,14:22:49,10.73,--,6,6438,卖盘
510,14:22:43,10.73,--,10,10730,卖盘
511,14:22:34,10.73,--,144,154512,卖盘
512,14:22:28,10.73,--,10,10730,卖盘
513,14:22:25,10.73,--,12,12876,卖盘
514,14:22:16,10.73,-0.01,25,26825,卖盘
515,14:22:13,10.74,0.01,109,117066,买盘
516,14:22:10,10.73,--,383,411216,买盘
517,14:22:07,10.73,--,62,67556,买盘
518,14:22:04,10.73,--,100,107300,买盘
519,14:22:01,10.73,--,44,47555,买盘
520,14:21:58,10.73,0.01,7,7511,买盘
521,14:21:55,10.72,-0.01,10,10720,卖盘
522,14:21:46,10.73,--,71,76183,买盘
523,14:21:43,10.73,0.01,65,69745,买盘
524,14:21:37,10.72,--,21,22512,卖盘
525,14:21:34,10.72,--,5,5360,卖盘
526,14:21:25,10.72,--,500,536000,卖盘
527,14:21:22,10.72,-0.01,43,46096,卖盘
528,14:21:19,10.73,--,81,86913,买盘
529,14:21:13,10.73,--,20,21460,买盘
530,14:21:04,10.73,0.01,162,173826,买盘
531,14:21:01,10.72,--,5,5360,卖盘
532,14:20:58,10.72,--,35,37520,卖盘
533,14:20:49,10.72,--,34,36448,卖盘
534,14:20:40,10.72,--,44,47168,卖盘
535,14:20:37,10.72,--,1,1072,卖盘
536,14:20:34,10.72,-0.01,29,31902,卖盘
537,14:20:31,10.73,--,38,40774,卖盘
538,14:20:25,10.73,--,20,21460,卖盘
539,14:20:19,10.73,--,572,613756,卖盘
540,14:20:16,10.73,--,5,5407,卖盘
541,14:20:13,10.73,-0.01,8,9614,卖盘
542,14:20:10,10.74,--,42,45108,买盘
543,14:20:07,10.74,0.01,25,26892,买盘
544,14:20:01,10.73,--,6,7468,卖盘
545,14:19:58,10.73,--,24,25752,卖盘
546,14:19:55,10.73,--,35,37597,卖盘
547,14:19:49,10.73,--,48,51504,卖盘
548,14:19:46,10.73,-0.01,14,16052,卖盘
549,14:19:40,10.74,0.01,73,78444,买盘
550,14:19:37,10.73,--,164,177002,卖盘
551,14:19:34,10.73,0.01,338,362931,买盘
552,14:19:28,10.72,-0.01,12,12864,卖盘
553,14:19:25,10.73,--,9,9657,买盘
554,14:19:19,10.73,--,58,62234,买盘
555,14:19:10,10.73,--,229,245717,买盘
556,14:19:07,10.73,--,321,345248,卖盘
557,14:19:01,10.73,-0.01,78,83694,卖盘
558,14:18:58,10.74,0.01,75,80592,买盘
559,14:18:55,10.73,--,12,12876,卖盘
560,14:18:52,10.73,--,70,75110,卖盘
561,14:18:49,10.73,--,10,10730,卖盘
562,14:18:46,10.73,--,2004,2151322,卖盘
563,14:18:43,10.73,--,31,33305,卖盘
564,14:18:34,10.73,--,310,332844,卖盘
565,14:18:31,10.73,--,19,20387,卖盘
566,14:18:28,10.73,--,15,16095,卖盘
567,14:18:25,10.73,--,52,55796,卖盘
568,14:18:22,10.73,--,164,175972,卖盘
569,14:18:16,10.73,--,28,30044,卖盘
570,14:18:13,10.73,--,2,2146,卖盘
571,14:18:06,10.73,--,200,214600,卖盘
572,14:18:03,10.73,--,422,452806,卖盘
573,14:18:00,10.73,--,12,12876,卖盘
574,14:17:57,10.73,--,18,19314,卖盘
575,14:17:54,10.73,--,21,22533,卖盘
576,14:17:51,10.73,--,261,280053,卖盘
577,14:17:45,10.73,-0.01,10,10730,卖盘
578,14:17:42,10.74,0.01,10,10740,买盘
579,14:17:39,10.73,-0.01,80,85840,卖盘
580,14:17:36,10.74,0.01,71,76254,买盘
581,14:17:33,10.73,--,26,27898,卖盘
582,14:17:30,10.73,--,46,49358,卖盘
583,14:17:21,10.73,--,250,268250,卖盘
584,14:17:15,10.73,--,10,10730,卖盘
585,14:17:12,10.73,--,1,1073,卖盘
586,14:17:09,10.73,--,11,11803,卖盘
587,14:17:06,10.73,--,80,85840,卖盘
588,14:17:03,10.73,--,17,18241,卖盘
589,14:16:57,10.73,--,108,115884,卖盘
590,14:16:54,10.73,--,5,5365,卖盘
591,14:16:51,10.73,--,37,39701,卖盘
592,14:16:48,10.73,--,5,5365,卖盘
593,14:16:45,10.73,--,24,25752,卖盘
594,14:16:42,10.73,--,20,21460,卖盘
595,14:16:36,10.73,--,233,250009,卖盘
596,14:16:33,10.73,--,21,22533,卖盘
597,14:16:30,10.73,--,19,20387,卖盘
598,14:16:27,10.73,--,80,85840,卖盘
599,14:16:21,10.73,-0.01,79,84767,卖盘
600,14:16:15,10.74,0.01,30,32220,买盘
601,14:16:12,10.73,--,15,16095,卖盘
602,14:16:09,10.73,-0.01,37,39701,卖盘
603,14:16:06,10.74,0.01,14,15036,买盘
604,14:16:03,10.73,--,5,5365,卖盘
605,14:16:00,10.73,--,140,150220,卖盘
606,14:15:57,10.73,--,13,13949,卖盘
607,14:15:54,10.73,-0.01,225,241425,卖盘
608,14:15:48,10.74,0.01,8,8592,买盘
609,14:15:45,10.73,--,14,15022,卖盘
610,14:15:42,10.73,--,22,23606,卖盘
611,14:15:39,10.73,--,75,80475,卖盘
612,14:15:36,10.73,--,181,194213,卖盘
613,14:15:33,10.73,--,38,40774,卖盘
614,14:15:30,10.73,--,5,5365,卖盘
615,14:15:27,10.73,--,99,106227,卖盘
616,14:15:24,10.73,-0.01,115,123395,卖盘
617,14:15:21,10.74,0.01,264,283536,买盘
618,14:15:15,10.73,--,232,248936,卖盘
619,14:15:03,10.73,-0.01,5,5365,卖盘
620,14:15:00,10.74,0.01,246,264204,买盘
621,14:14:57,10.73,--,20,21460,卖盘
622,14:14:54,10.73,--,24,25752,卖盘
623,14:14:48,10.73,--,4,4292,卖盘
624,14:14:42,10.73,--,100,107300,卖盘
625,14:14:39,10.73,--,23,24679,卖盘
626,14:14:33,10.73,--,61,65453,卖盘
627,14:14:30,10.73,--,263,282199,卖盘
628,14:14:27,10.73,--,10,10730,卖盘
629,14:14:21,10.73,--,193,207089,卖盘
630,14:14:18,10.73,--,80,85840,卖盘
631,14:14:15,10.73,--,13,13949,卖盘
632,14:14:12,10.73,--,10,10730,卖盘
633,14:14:09,10.73,--,10,10730,卖盘
634,14:14:06,10.73,--,8,8584,卖盘
635,14:14:03,10.73,--,6,6438,卖盘
636,14:14:00,10.73,--,1,1073,卖盘
637,14:13:57,10.73,-0.01,14,15022,卖盘
638,14:13:54,10.74,0.01,112,120288,买盘
639,14:13:51,10.73,--,22,23606,卖盘
640,14:13:48,10.73,-0.01,1113,1194249,卖盘
641,14:13:39,10.74,--,87,93438,买盘
642,14:13:33,10.74,0.01,67,71958,买盘
643,14:13:30,10.73,--,5,5365,卖盘
644,14:13:27,10.73,--,10,10730,卖盘
645,14:13:24,10.73,--,66,70818,卖盘
646,14:13:12,10.73,--,87,93351,卖盘
647,14:13:09,10.73,--,1580,1695340,卖盘
648,14:13:06,10.73,--,27,28971,卖盘
649,14:13:03,10.73,--,112,120176,卖盘
650,14:13:00,10.73,-0.01,106,113738,卖盘
651,14:12:57,10.74,0.01,13,13962,买盘
652,14:12:54,10.73,-0.01,77,82621,卖盘
653,14:12:51,10.74,--,54,57996,买盘
654,14:12:42,10.74,0.01,54,57996,买盘
655,14:12:33,10.73,-0.01,5,5365,卖盘
656,14:12:30,10.74,0.01,16,17184,买盘
657,14:12:24,10.73,0.01,145,155585,买盘
658,14:12:21,10.72,-0.01,270,289440,卖盘
659,14:12:18,10.73,--,103,110519,卖盘
660,14:12:15,10.73,-0.01,300,321900,卖盘
661,14:12:09,10.74,0.01,11,11814,买盘
662,14:12:06,10.73,--,92,98716,卖盘
663,14:12:03,10.73,--,14,15022,卖盘
664,14:12:00,10.73,--,47,50431,卖盘
665,14:11:57,10.73,-0.01,133,142709,卖盘
666,14:11:54,10.74,--,204,219096,买盘
667,14:11:51,10.74,0.01,81,86994,买盘
668,14:11:48,10.73,--,164,176143,卖盘
669,14:11:39,10.73,--,296,317608,卖盘
670,14:11:33,10.73,-0.01,316,339068,卖盘
671,14:11:30,10.74,--,81,86994,买盘
672,14:11:27,10.74,0.01,18,19332,买盘
673,14:11:15,10.73,--,15,16095,卖盘
674,14:11:12,10.73,--,20,21460,卖盘
675,14:11:06,10.73,--,64,68672,卖盘
676,14:11:00,10.73,-0.01,74,79402,卖盘
677,14:10:57,10.74,--,2,2148,买盘
678,14:10:54,10.74,0.01,26,27924,买盘
679,14:10:48,10.73,--,8,8584,卖盘
680,14:10:42,10.73,-0.01,8,8584,卖盘
681,14:10:39,10.74,0.01,77,82698,买盘
682,14:10:36,10.73,-0.01,318,341214,卖盘
683,14:10:33,10.74,0.01,18,19332,买盘
684,14:10:30,10.73,-0.01,25,26825,卖盘
685,14:10:27,10.74,--,38,40812,买盘
686,14:10:21,10.74,--,92,98808,买盘
687,14:10:18,10.74,--,106,113844,买盘
688,14:10:15,10.74,0.01,1,1074,买盘
689,14:10:06,10.73,--,5,5365,卖盘
690,14:10:00,10.73,-0.01,15,16095,卖盘
691,14:09:57,10.74,0.01,15,16110,买盘
692,14:09:51,10.73,--,50,53650,卖盘
693,14:09:45,10.73,--,365,391645,卖盘
694,14:09:36,10.73,--,6,6438,卖盘
695,14:09:33,10.73,-0.01,15,16095,卖盘
696,14:09:30,10.74,--,77,82698,买盘
697,14:09:24,10.74,0.01,572,614328,买盘
698,14:09:18,10.73,-0.01,30,32190,卖盘
699,14:09:12,10.74,0.01,51,54774,买盘
700,14:09:09,10.73,-0.01,20,21460,卖盘
701,14:09:06,10.74,0.01,80,85920,买盘
702,14:09:00,10.73,--,5,5365,卖盘
703,14:08:57,10.73,--,267,286963,卖盘
704,14:08:51,10.73,-0.01,295,316535,卖盘
705,14:08:48,10.74,0.01,75,80550,买盘
706,14:08:45,10.73,-0.01,3,3219,卖盘
707,14:08:42,10.74,0.01,18,19332,买盘
708,14:08:36,10.73,--,1,1201,卖盘
709,14:08:33,10.73,--,26,27898,卖盘
710,14:08:30,10.73,--,5,5365,卖盘
711,14:08:27,10.73,-0.01,120,128760,卖盘
712,14:08:21,10.74,0.01,3,3222,买盘
713,14:08:18,10.73,-0.01,10,10730,卖盘
714,14:08:15,10.74,--,6,6444,买盘
715,14:08:09,10.74,--,31,33294,买盘
716,14:08:06,10.74,--,79,84846,买盘
717,14:08:03,10.74,--,286,307164,卖盘
718,14:08:00,10.74,--,418,448932,卖盘
719,14:07:57,10.74,--,25,26850,卖盘
720,14:07:51,10.74,--,29,31146,卖盘
721,14:07:48,10.74,--,120,128880,卖盘
722,14:07:45,10.74,-0.01,154,165396,卖盘
723,14:07:42,10.75,0.01,1,1075,买盘
724,14:07:39,10.74,--,183,196542,卖盘
725,14:07:36,10.74,--,17,18258,卖盘
726,14:07:33,10.74,--,21,22554,卖盘
727,14:07:30,10.74,-0.01,18,19332,卖盘
728,14:07:27,10.75,0.01,75,80625,买盘
729,14:07:24,10.74,--,69,74106,卖盘
730,14:07:21,10.74,--,10,10740,卖盘
731,14:07:18,10.74,--,15,16110,卖盘
732,14:07:15,10.74,-0.01,50,53700,卖盘
733,14:07:12,10.75,--,101,108575,买盘
734,14:07:09,10.75,0.01,41,44075,买盘
735,14:07:06,10.74,--,28,30072,卖盘
736,14:07:03,10.74,--,30,32220,卖盘
737,14:06:54,10.74,--,482,517668,买盘
738,14:06:51,10.74,0.01,50,53700,买盘
739,14:06:45,10.73,-0.01,137,147001,卖盘
740,14:06:39,10.74,--,1,1074,买盘
741,14:06:36,10.74,--,11,11814,买盘
742,14:06:33,10.74,0.01,17,18258,买盘
743,14:06:30,10.73,--,20,21460,卖盘
744,14:06:27,10.73,--,35,37555,卖盘
745,14:06:21,10.73,-0.01,560,600880,卖盘
746,14:06:18,10.74,--,18,19332,卖盘
747,14:06:15,10.74,0.01,2594,2786944,买盘
748,14:06:12,10.73,-0.01,8,8584,卖盘
749,14:06:09,10.74,--,17,18258,买盘
750,14:06:06,10.74,--,33,35442,买盘
751,14:06:03,10.74,0.01,78,83772,买盘
752,14:06:00,10.73,-0.01,52,55796,卖盘
753,14:05:57,10.74,--,200,214800,买盘
754,14:05:51,10.74,--,19,20406,买盘
755,14:05:45,10.74,--,392,421008,买盘
756,14:05:39,10.74,0.01,17,18258,买盘
757,14:05:33,10.73,--,21,22533,卖盘
758,14:05:30,10.73,--,5,5365,卖盘
759,14:05:27,10.73,-0.01,11,11803,卖盘
760,14:05:24,10.74,--,386,414564,买盘
761,14:05:21,10.74,0.01,430,461820,买盘
762,14:05:18,10.73,-0.01,27,28971,卖盘
763,14:05:12,10.74,--,265,284610,买盘
764,14:05:09,10.74,--,789,847386,买盘
765,14:05:06,10.74,--,40,42960,买盘
766,14:05:03,10.74,0.01,24,25776,买盘
767,14:04:57,10.73,--,5,5365,卖盘
768,14:04:54,10.73,-0.01,189,202797,卖盘
769,14:04:51,10.74,0.01,17,18258,买盘
770,14:04:48,10.73,--,25,26825,卖盘
771,14:04:45,10.73,-0.01,53,56869,卖盘
772,14:04:42,10.74,0.01,80,85920,买盘
773,14:04:36,10.73,--,315,337995,卖盘
774,14:04:30,10.73,--,86,92278,卖盘
775,14:04:27,10.73,-0.01,302,324046,卖盘
776,14:04:24,10.74,--,50,53700,买盘
777,14:04:21,10.74,--,34,36516,买盘
778,14:04:12,10.74,--,42,45108,买盘
779,14:04:09,10.74,--,53,56922,买盘
780,14:04:06,10.74,--,15,16110,买盘
781,14:04:03,10.74,--,47,50478,买盘
782,14:03:57,10.74,--,75,80550,买盘
783,14:03:54,10.74,0.01,12,12888,买盘
784,14:03:51,10.73,-0.01,40,42920,卖盘
785,14:03:48,10.74,0.01,16,17184,买盘
786,14:03:45,10.73,--,154,165242,卖盘
787,14:03:42,10.73,--,20,21460,卖盘
788,14:03:36,10.73,--,336,360528,卖盘
789,14:03:33,10.73,--,6,6438,卖盘
790,14:03:30,10.73,--,23,24679,卖盘
791,14:03:21,10.73,--,3,3219,卖盘
792,14:03:18,10.73,--,89,95497,卖盘
793,14:03:12,10.73,-0.01,15,16095,卖盘
794,14:03:06,10.74,0.01,36,38664,买盘
795,14:03:00,10.73,--,30,32190,卖盘
796,14:02:57,10.73,--,1,1073,卖盘
797,14:02:51,10.73,--,20,21460,卖盘
798,14:02:48,10.73,--,25,26825,卖盘
799,14:02:45,10.73,--,3,3219,卖盘
800,14:02:42,10.73,-0.01,49,52577,卖盘
801,14:02:39,10.74,0.01,10,10740,买盘
802,14:02:36,10.73,--,12,12876,卖盘
803,14:02:33,10.73,-0.01,186,199578,卖盘
804,14:02:30,10.74,0.01,309,331866,买盘
805,14:02:27,10.73,-0.01,220,236060,卖盘
806,14:02:21,10.74,--,61,65514,买盘
807,14:02:12,10.74,--,50,53700,买盘
808,14:02:09,10.74,--,40,42960,买盘
809,14:02:06,10.74,0.01,14,15036,买盘
810,14:02:03,10.73,-0.01,318,341214,卖盘
811,14:02:00,10.74,--,15,16110,买盘
812,14:01:57,10.74,--,597,641178,买盘
813,14:01:48,10.74,--,139,149286,买盘
814,14:01:45,10.74,--,10,10740,买盘
815,14:01:42,10.74,0.01,133,142842,买盘
816,14:01:39,10.73,-0.01,347,372331,卖盘
817,14:01:30,10.74,--,129,138546,买盘
818,14:01:27,10.74,--,9,9666,买盘
819,14:01:24,10.74,--,33,35442,买盘
820,14:01:15,10.74,--,54,57996,买盘
821,14:01:12,10.74,--,10,10740,买盘
822,14:01:09,10.74,0.01,70,75180,买盘
823,14:01:03,10.73,--,41,43993,卖盘
824,14:01:00,10.73,-0.01,5,5365,卖盘
825,14:00:57,10.74,--,210,225540,买盘
826,14:00:54,10.74,--,75,80550,买盘
827,14:00:51,10.74,--,1,1074,买盘
828,14:00:48,10.74,--,10,10740,买盘
829,14:00:45,10.74,0.01,10,10740,买盘
830,14:00:42,10.73,-0.01,63,67599,卖盘
831,14:00:39,10.74,0.01,824,884976,买盘
832,14:00:36,10.73,--,21,22533,卖盘
833,14:00:33,10.73,--,5,5365,卖盘
834,14:00:30,10.73,-0.01,146,156658,卖盘
835,14:00:27,10.74,0.01,53,56922,买盘
836,14:00:24,10.73,-0.01,101,108373,卖盘
837,14:00:21,10.74,0.01,2,2148,买盘
838,14:00:18,10.73,-0.01,161,172753,卖盘
839,14:00:15,10.74,--,50,53700,买盘
840,14:00:09,10.74,--,5,5370,买盘
841,14:00:06,10.74,0.01,3,3222,买盘
842,14:00:03,10.73,-0.01,6,6438,卖盘
843,13:59:57,10.74,--,265,284610,买盘
844,13:59:54,10.74,--,1,1074,买盘
845,13:59:48,10.74,--,119,127806,买盘
846,13:59:45,10.74,0.01,18,19332,买盘
847,13:59:42,10.73,--,273,292929,卖盘
848,13:59:36,10.73,-0.01,35,37555,卖盘
849,13:59:33,10.74,0.01,10,10740,买盘
850,13:59:30,10.73,-0.01,122,130906,卖盘
851,13:59:27,10.74,--,75,80550,买盘
852,13:59:24,10.74,0.01,3093,3321882,买盘
853,13:59:21,10.73,-0.01,144,154512,卖盘
854,13:59:11,10.74,0.01,76,81624,买盘
855,13:59:08,10.73,-0.01,112,120176,卖盘
856,13:59:05,10.74,0.01,170,182580,买盘
857,13:59:02,10.73,-0.01,7,7511,卖盘
858,13:58:59,10.74,--,8,8592,买盘
859,13:58:56,10.74,0.01,12,12888,买盘
860,13:58:50,10.73,-0.01,404,433492,卖盘
861,13:58:47,10.74,0.01,304,326496,买盘
862,13:58:41,10.73,--,40,42920,卖盘
863,13:58:38,10.73,--,19,20387,卖盘
864,13:58:35,10.73,--,7,7511,卖盘
865,13:58:32,10.73,0.01,212,228270,买盘
866,13:58:29,10.72,-0.01,24,25728,卖盘
867,13:58:26,10.73,--,93,99789,买盘
868,13:58:20,10.73,0.01,5094,5465862,买盘
869,13:58:14,10.72,-0.01,1,1072,卖盘
870,13:58:11,10.73,0.01,27,28971,买盘
871,13:58:05,10.72,--,193,207067,卖盘
872,13:58:02,10.72,-0.01,19,20368,卖盘
873,13:57:56,10.73,0.01,64,68672,买盘
874,13:57:53,10.72,--,255,273360,买盘
875,13:57:50,10.72,--,10,10720,买盘
876,13:57:47,10.72,--,88,94336,买盘
877,13:57:41,10.72,--,22,23584,买盘
878,13:57:38,10.72,--,205,219760,卖盘
879,13:57:32,10.72,--,21,22512,卖盘
880,13:57:29,10.72,--,203,217616,卖盘
881,13:57:26,10.72,--,8,8576,卖盘
882,13:57:23,10.72,--,477,511344,买盘
883,13:57:17,10.72,0.01,146,156512,买盘
884,13:57:14,10.71,-0.01,161,172431,卖盘
885,13:57:08,10.72,--,75,80400,买盘
886,13:57:02,10.72,--,11,11792,买盘
887,13:56:59,10.72,0.01,10,10720,买盘
888,13:56:47,10.71,-0.01,30,32130,卖盘
889,13:56:41,10.72,0.01,29,31088,买盘
890,13:56:38,10.71,--,4,4284,卖盘
891,13:56:29,10.71,-0.01,18,19278,卖盘
892,13:56:26,10.72,0.01,81,86832,买盘
893,13:56:23,10.71,--,14,14994,卖盘
894,13:56:20,10.71,--,1577,1689288,买盘
895,13:56:14,10.71,--,247,264537,买盘
896,13:56:11,10.71,--,6,6426,买盘
897,13:56:08,10.71,-0.01,4899,5247578,卖盘
898,13:56:05,10.72,0.01,254,272288,买盘
899,13:56:02,10.71,--,5,5355,卖盘
900,13:55:59,10.71,-0.01,100,107100,卖盘
901,13:55:56,10.72,--,65,69680,买盘
902,13:55:53,10.72,--,306,328032,买盘
903,13:55:50,10.72,--,85,91120,买盘
904,13:55:44,10.72,--,494,529568,买盘
905,13:55:38,10.72,0.01,29,31088,买盘
906,13:55:35,10.71,--,41,43911,卖盘
907,13:55:32,10.71,--,45,48195,卖盘
908,13:55:26,10.71,-0.01,284,304164,卖盘
909,13:55:23,10.72,--,28,30016,买盘
910,13:55:20,10.72,--,9,9648,买盘
911,13:55:11,10.72,--,6,6432,买盘
912,13:55:08,10.72,--,81,86832,买盘
913,13:55:02,10.72,0.01,13,13936,买盘
914,13:54:53,10.71,--,26,27846,卖盘
915,13:54:44,10.71,--,4,4284,卖盘
916,13:54:41,10.71,-0.01,104,111384,卖盘
917,13:54:32,10.72,--,9,9648,买盘
918,13:54:23,10.72,0.01,125,134000,买盘
919,13:54:17,10.71,--,6,6426,卖盘
920,13:54:02,10.71,-0.01,42,44982,卖盘
921,13:53:56,10.72,--,25,26800,买盘
922,13:53:53,10.72,--,10,10720,买盘
923,13:53:50,10.72,0.01,110,117920,买盘
924,13:53:41,10.71,-0.01,273,292383,卖盘
925,13:53:38,10.72,--,11,11792,买盘
926,13:53:35,10.72,--,30,32160,买盘
927,13:53:17,10.72,--,168,180096,买盘
928,13:53:14,10.72,0.01,11,11792,买盘
929,13:53:08,10.71,-0.01,92,98532,卖盘
930,13:53:05,10.72,--,95,101840,卖盘
931,13:53:02,10.72,--,85,91120,卖盘
932,13:52:59,10.72,-0.01,176,188672,中性盘
933,13:52:56,10.73,0.01,429,460317,买盘
934,13:52:50,10.72,0.01,16,17152,买盘
935,13:52:47,10.71,--,26,27846,卖盘
936,13:52:44,10.71,-0.01,0,21,卖盘
937,13:52:41,10.72,--,1,1072,买盘
938,13:52:35,10.72,0.01,29,31088,买盘
939,13:52:32,10.71,-0.01,310,332010,卖盘
940,13:52:26,10.72,--,18,19296,卖盘
941,13:52:20,10.72,--,89,95408,卖盘
942,13:52:14,10.72,--,335,359120,卖盘
943,13:52:05,10.72,--,13,14150,卖盘
944,13:51:59,10.72,--,289,309808,卖盘
945,13:51:56,10.72,-0.01,35,37520,卖盘
946,13:51:47,10.73,--,28,30044,买盘
947,13:51:41,10.73,0.01,14,15022,买盘
948,13:51:38,10.72,-0.01,394,422368,卖盘
949,13:51:32,10.73,--,7,7511,买盘
950,13:51:20,10.73,0.01,6,6438,买盘
951,13:51:17,10.72,--,15,16080,卖盘
952,13:51:02,10.72,-0.01,115,123280,卖盘
953,13:50:53,10.73,--,79,84767,买盘
954,13:50:50,10.73,0.01,147,157731,买盘
955,13:50:47,10.72,--,13,13936,卖盘
956,13:50:44,10.72,-0.01,31,33232,卖盘
957,13:50:38,10.73,0.01,20,21460,买盘
958,13:50:35,10.72,-0.01,10,10720,卖盘
959,13:50:32,10.73,0.01,23,24679,买盘
960,13:50:26,10.72,--,590,632480,卖盘
961,13:50:23,10.72,--,32,34304,卖盘
962,13:50:20,10.72,--,8,8576,卖盘
963,13:50:14,10.72,--,83,89769,卖盘
964,13:50:11,10.72,--,6,6432,卖盘
965,13:50:08,10.72,--,10,10720,卖盘
966,13:50:02,10.72,--,5,5360,卖盘
967,13:49:59,10.72,--,104,111488,卖盘
968,13:49:56,10.72,--,845,905840,卖盘
969,13:49:50,10.72,-0.01,3,3216,卖盘
970,13:49:44,10.73,0.01,21,22533,买盘
971,13:49:41,10.72,--,76,81472,卖盘
972,13:49:38,10.72,--,6,6432,卖盘
973,13:49:35,10.72,-0.01,82,87904,卖盘
974,13:49:29,10.73,0.01,70,75110,买盘
975,13:49:26,10.72,--,14,15008,卖盘
976,13:49:23,10.72,-0.01,296,317312,卖盘
977,13:49:20,10.73,--,1169,1254337,买盘
978,13:49:17,10.73,0.01,377,404521,买盘
979,13:49:14,10.72,-0.01,49,52528,卖盘
980,13:49:11,10.73,0.01,2,2146,买盘
981,13:49:08,10.72,--,10,10720,卖盘
982,13:49:05,10.72,--,19,20368,卖盘
983,13:49:02,10.72,--,7,7504,卖盘
984,13:48:59,10.72,-0.01,84,90048,卖盘
985,13:48:53,10.73,--,35,37555,买盘
986,13:48:50,10.73,0.01,75,80475,买盘
987,13:48:47,10.72,--,100,107200,卖盘
988,13:48:44,10.72,-0.01,32,34304,卖盘
989,13:48:41,10.73,0.01,50,53650,买盘
990,13:48:35,10.72,--,157,168304,卖盘
991,13:48:23,10.72,--,14,15008,卖盘
992,13:48:20,10.72,--,284,304448,卖盘
993,13:48:17,10.72,--,286,306592,卖盘
994,13:48:11,10.72,--,115,123280,卖盘
995,13:48:05,10.72,--,185,198320,卖盘
996,13:48:02,10.72,--,22,23584,卖盘
997,13:47:59,10.72,--,2,2144,卖盘
998,13:47:56,10.72,--,22,23584,卖盘
999,13:47:53,10.72,--,75,80400,卖盘
1000,13:47:41,10.72,--,9,9648,卖盘
1001,13:47:29,10.72,-0.01,72,77184,卖盘
1002,13:47:26,10.73,--,100,107300,买盘
1003,13:47:23,10.73,--,1,1073,买盘
1004,13:47:14,10.73,--,10,10730,买盘
1005,13:47:11,10.73,0.01,2,2146,买盘
1006,13:47:08,10.72,--,11,11792,卖盘
1007,13:47:02,10.72,-0.01,5,5360,卖盘
1008,13:46:59,10.73,--,156,167388,买盘
1009,13:46:53,10.73,--,101,108373,买盘
1010,13:46:50,10.73,0.01,76,81548,买盘
1011,13:46:47,10.72,-0.01,295,316240,卖盘
1012,13:46:44,10.73,--,137,147001,买盘
1013,13:46:41,10.73,--,149,159877,买盘
1014,13:46:38,10.73,0.01,71,76805,买盘
1015,13:46:32,10.72,-0.01,5,5360,卖盘
1016,13:46:26,10.73,--,100,107300,买盘
1017,13:46:17,10.73,--,10,10730,买盘
1018,13:46:14,10.73,--,154,165242,买盘
1019,13:46:11,10.73,0.01,5,5365,买盘
1020,13:46:08,10.72,-0.01,1,1072,卖盘
1021,13:46:05,10.73,0.01,82,87986,买盘
1022,13:46:02,10.72,--,8,8576,卖盘
1023,13:45:59,10.72,-0.01,174,186528,卖盘
1024,13:45:53,10.73,0.01,6,6438,买盘
1025,13:45:47,10.72,-0.01,20,21440,卖盘
1026,13:45:44,10.73,0.01,20,21460,买盘
1027,13:45:38,10.72,-0.01,35,37520,卖盘
1028,13:45:35,10.73,--,58,62234,买盘
1029,13:45:32,10.73,--,20,21460,买盘
1030,13:45:26,10.73,--,1304,1399192,买盘
1031,13:45:23,10.73,--,86,92278,买盘
1032,13:45:17,10.73,0.01,20,21460,买盘
1033,13:45:08,10.72,-0.01,4,4288,卖盘
1034,13:45:05,10.73,0.01,257,275761,买盘
1035,13:44:59,10.72,--,25,26800,卖盘
1036,13:44:56,10.72,--,12,12864,卖盘
1037,13:44:53,10.72,-0.01,19,20368,卖盘
1038,13:44:50,10.73,0.01,19,20387,买盘
1039,13:44:47,10.72,--,13,13936,卖盘
1040,13:44:44,10.72,--,25,26800,卖盘
1041,13:44:38,10.72,--,71,76112,卖盘
1042,13:44:32,10.72,--,184,197248,卖盘
1043,13:44:29,10.72,-0.01,35,37520,卖盘
1044,13:44:26,10.73,0.01,117,125541,买盘
1045,13:44:23,10.72,--,148,158656,卖盘
1046,13:44:20,10.72,-0.01,100,107200,卖盘
1047,13:44:17,10.73,--,1,1073,买盘
1048,13:44:14,10.73,--,414,444222,买盘
1049,13:44:02,10.73,0.01,1253,1344469,买盘
1050,13:43:59,10.72,-0.01,43,46096,卖盘
1051,13:43:56,10.73,0.01,6,6438,买盘
1052,13:43:53,10.72,--,1019,1092368,卖盘
1053,13:43:50,10.72,--,30,32160,卖盘
1054,13:43:47,10.72,--,47,50384,卖盘
1055,13:43:44,10.72,-0.01,19,20368,卖盘
1056,13:43:41,10.73,0.01,1126,1208198,买盘
1057,13:43:38,10.72,--,27,28944,卖盘
1058,13:43:35,10.72,--,65,69680,卖盘
1059,13:43:32,10.72,--,1045,1120240,卖盘
1060,13:43:26,10.72,--,214,229408,卖盘
1061,13:43:23,10.72,-0.01,609,652848,卖盘
1062,13:43:17,10.73,0.01,3,3219,买盘
1063,13:43:11,10.72,--,8,8576,卖盘
1064,13:43:08,10.72,-0.01,17,18224,卖盘
1065,13:43:05,10.73,0.01,37,39701,买盘
1066,13:43:02,10.72,--,6,6432,卖盘
1067,13:42:53,10.72,-0.01,18,19296,卖盘
1068,13:42:50,10.73,0.01,24,25752,买盘
1069,13:42:47,10.72,--,118,126496,卖盘
1070,13:42:44,10.72,--,19,20368,卖盘
1071,13:42:38,10.72,-0.01,14,15008,卖盘
1072,13:42:32,10.73,0.01,74,79402,买盘
1073,13:42:29,10.72,-0.01,4,4288,卖盘
1074,13:42:26,10.73,--,12,12876,买盘
1075,13:42:23,10.73,0.01,26,28541,买盘
1076,13:42:17,10.72,--,10,11063,卖盘
1077,13:42:11,10.72,-0.01,15,16080,卖盘
1078,13:42:08,10.73,0.01,20,21460,买盘
1079,13:42:02,10.72,-0.01,28,30016,卖盘
1080,13:41:59,10.73,0.01,110,118030,买盘
1081,13:41:53,10.72,-0.01,8,8576,卖盘
1082,13:41:47,10.73,--,11,11803,买盘
1083,13:41:44,10.73,0.01,13,13949,买盘
1084,13:41:41,10.72,--,123,131856,买盘
1085,13:41:38,10.72,--,161,172592,卖盘
1086,13:41:35,10.72,--,12,12864,卖盘
1087,13:41:32,10.72,-0.01,5,5360,卖盘
1088,13:41:29,10.73,--,28,30044,买盘
1089,13:41:26,10.73,0.02,20,21460,买盘
1090,13:41:23,10.71,-0.01,1537,1646127,卖盘
1091,13:41:14,10.72,--,35,37520,买盘
1092,13:41:11,10.72,--,28,30016,买盘
1093,13:41:05,10.72,0.01,22,23584,买盘
1094,13:41:02,10.71,-0.02,35,37485,卖盘
1095,13:40:56,10.73,0.02,63,67599,买盘
1096,13:40:50,10.71,-0.01,54,58647,卖盘
1097,13:40:47,10.72,-0.01,84,90048,卖盘
1098,13:40:44,10.73,0.01,577,619121,买盘
1099,13:40:38,10.72,--,35,37520,卖盘
1100,13:40:35,10.72,-0.01,16,17152,卖盘
1101,13:40:32,10.73,0.01,521,559033,买盘
1102,13:40:26,10.72,--,36,38592,卖盘
1103,13:40:23,10.72,--,1013,1085936,卖盘
1104,13:40:17,10.72,0.01,1645,1763697,买盘
1105,13:40:14,10.71,-0.01,11,11781,卖盘
1106,13:40:11,10.72,0.01,23,24656,买盘
1107,13:40:05,10.71,--,57,61047,卖盘
1108,13:40:02,10.71,--,25,26775,卖盘
1109,13:39:56,10.71,--,17,18207,卖盘
1110,13:39:53,10.71,--,89,95319,卖盘
1111,13:39:50,10.71,--,11,11781,卖盘
1112,13:39:38,10.71,--,51,54621,卖盘
1113,13:39:32,10.71,-0.01,5,5355,卖盘
1114,13:39:29,10.72,0.01,1,1072,买盘
1115,13:39:23,10.71,--,121,129591,卖盘
1116,13:39:05,10.71,--,4,4284,卖盘
1117,13:39:02,10.71,-0.01,5,5355,卖盘
1118,13:38:59,10.72,0.01,54,57888,买盘
1119,13:38:43,10.71,-0.01,138,147798,卖盘
1120,13:38:40,10.72,0.01,201,215472,买盘
1121,13:38:31,10.71,-0.01,161,172431,卖盘
1122,13:38:19,10.72,0.01,43,46096,买盘
1123,13:38:13,10.71,-0.01,10,10710,卖盘
1124,13:38:10,10.72,--,6,6432,买盘
1125,13:38:07,10.72,--,25,26800,买盘
1126,13:38:04,10.72,--,8,8576,买盘
1127,13:37:43,10.72,0.01,1,1072,买盘
1128,13:37:37,10.71,-0.01,12,12852,卖盘
1129,13:37:34,10.72,--,287,307664,买盘
1130,13:37:31,10.72,0.01,25,26800,买盘
1131,13:37:22,10.71,-0.01,291,311661,卖盘
1132,13:37:19,10.72,--,44,47168,买盘
1133,13:37:13,10.72,--,11,12649,卖盘
1134,13:37:10,10.72,--,25,26800,卖盘
1135,13:37:07,10.72,--,34,36448,卖盘
1136,13:37:04,10.72,--,220,235840,卖盘
1137,13:37:01,10.72,--,24,25728,卖盘
1138,13:36:55,10.72,--,56,60032,卖盘
1139,13:36:52,10.72,--,44,47168,卖盘
1140,13:36:49,10.72,0.01,3428,3675030,买盘
1141,13:36:43,10.71,--,77,82467,卖盘
1142,13:36:37,10.71,--,100,107100,卖盘
1143,13:36:34,10.71,--,120,128520,卖盘
1144,13:36:31,10.71,--,6,6426,卖盘
1145,13:36:28,10.71,--,80,85680,卖盘
1146,13:36:25,10.71,-0.01,24,25704,卖盘
1147,13:36:22,10.72,0.01,24,25728,买盘
1148,13:36:13,10.71,--,46,50165,卖盘
1149,13:36:04,10.71,--,37,39627,卖盘
1150,13:36:01,10.71,-0.01,5,5355,卖盘
1151,13:35:58,10.72,0.01,23,24656,买盘
1152,13:35:55,10.71,--,97,103887,卖盘
1153,13:35:52,10.71,--,158,169218,卖盘
1154,13:35:43,10.71,--,8,8568,卖盘
1155,13:35:40,10.71,-0.01,60,64260,卖盘
1156,13:35:37,10.72,0.01,6,6432,买盘
1157,13:35:31,10.71,--,82,87822,卖盘
1158,13:35:28,10.71,--,32,34272,卖盘
1159,13:35:25,10.71,-0.01,88,94248,卖盘
1160,13:35:19,10.72,--,208,223833,卖盘
1161,13:35:13,10.72,--,49,52528,卖盘
1162,13:35:10,10.72,--,88,94336,卖盘
1163,13:35:07,10.72,--,19,20368,卖盘
1164,13:35:04,10.72,--,118,126496,卖盘
1165,13:34:55,10.72,--,72,77955,卖盘
1166,13:34:49,10.72,--,1,1072,卖盘
1167,13:34:46,10.72,--,81,86832,卖盘
1168,13:34:43,10.72,--,3630,3891874,买盘
1169,13:34:40,10.72,0.01,1,1072,买盘
1170,13:34:37,10.71,--,5,5355,卖盘
1171,13:34:34,10.71,--,10,10710,卖盘
1172,13:34:31,10.71,--,16,17136,卖盘
1173,13:34:28,10.71,--,52,55692,卖盘
1174,13:34:19,10.71,0.01,28,29988,买盘
1175,13:34:13,10.7,-0.01,29,31029,卖盘
1176,13:34:07,10.71,0.01,17,18207,买盘
1177,13:34:01,10.7,-0.01,10,10700,卖盘
1178,13:33:58,10.71,--,14,14994,卖盘
1179,13:33:55,10.71,--,27,28917,卖盘
1180,13:33:46,10.71,--,86,92106,卖盘
1181,13:33:40,10.71,--,19,20349,卖盘
1182,13:33:37,10.71,--,166,177786,买盘
1183,13:33:34,10.71,--,21,22491,买盘
1184,13:33:31,10.71,-0.01,66,70686,买盘
1185,13:33:28,10.72,0.01,1523,1632656,买盘
1186,13:33:25,10.71,--,272,291676,卖盘
1187,13:33:22,10.71,--,41,43911,卖盘
1188,13:33:16,10.71,-0.01,169,180999,卖盘
1189,13:33:10,10.72,--,10,10720,买盘
1190,13:33:04,10.72,0.01,10,10720,买盘
1191,13:33:01,10.71,-0.01,7,7497,卖盘
1192,13:32:55,10.72,0.01,1,1072,买盘
1193,13:32:52,10.71,--,33,35343,卖盘
1194,13:32:40,10.71,-0.01,3,3213,卖盘
1195,13:32:34,10.72,0.01,36,38592,买盘
1196,13:32:31,10.71,--,35,37485,卖盘
1197,13:32:28,10.71,--,46,49266,卖盘
1198,13:32:25,10.71,-0.01,12,12852,卖盘
1199,13:32:22,10.72,0.01,156,167232,买盘
1200,13:32:19,10.71,-0.01,29,31059,卖盘
1201,13:32:16,10.72,0.01,11,11792,买盘
1202,13:32:13,10.71,--,646,691866,卖盘
1203,13:32:10,10.71,--,2,2142,卖盘
1204,13:32:07,10.71,-0.01,43,46053,卖盘
1205,13:32:01,10.72,0.01,79,84688,买盘
1206,13:31:58,10.71,--,21,22491,卖盘
1207,13:31:55,10.71,--,177,189567,卖盘
1208,13:31:52,10.71,-0.01,21,22491,卖盘
1209,13:31:49,10.72,--,10,10720,买盘
1210,13:31:43,10.72,0.01,1,1072,买盘
1211,13:31:40,10.71,-0.01,48,51408,卖盘
1212,13:31:34,10.72,0.01,217,232624,买盘
1213,13:31:28,10.71,-0.01,101,108171,卖盘
1214,13:31:25,10.72,0.01,368,394496,买盘
1215,13:31:22,10.71,--,23,24633,卖盘
1216,13:31:13,10.71,--,11,11781,卖盘
1217,13:31:10,10.71,--,64,68544,卖盘
1218,13:31:07,10.71,-0.01,130,139230,卖盘
1219,13:31:04,10.72,0.01,10,10720,买盘
1220,13:31:01,10.71,--,5,5355,卖盘
1221,13:30:58,10.71,-0.01,86,92106,卖盘
1222,13:30:55,10.72,0.01,10,10720,买盘
1223,13:30:52,10.71,-0.01,21,22491,卖盘
1224,13:30:49,10.72,0.01,195,209040,买盘
1225,13:30:46,10.71,--,6,6426,卖盘
1226,13:30:43,10.71,--,152,162792,卖盘
1227,13:30:40,10.71,--,59,63189,卖盘
1228,13:30:37,10.71,--,24,25704,卖盘
1229,13:30:34,10.71,--,24,25704,卖盘
1230,13:30:28,10.71,--,65,69615,卖盘
1231,13:30:25,10.71,--,80,85680,卖盘
1232,13:30:22,10.71,-0.01,503,538713,卖盘
1233,13:30:19,10.72,0.01,6,6432,买盘
1234,13:30:13,10.71,--,2,2142,卖盘
1235,13:30:07,10.71,--,30,32130,卖盘
1236,13:30:04,10.71,--,2,2142,卖盘
1237,13:30:01,10.71,0.01,1793,1921009,买盘
1238,13:29:58,10.7,-0.01,8,8560,卖盘
1239,13:29:55,10.71,--,91,97461,买盘
1240,13:29:52,10.71,--,358,383418,买盘
1241,13:29:49,10.71,--,56,59976,买盘
1242,13:29:46,10.71,--,632,676872,买盘
1243,13:29:43,10.71,--,5,5355,买盘
1244,13:29:40,10.71,--,500,535500,买盘
1245,13:29:34,10.71,0.01,8,8568,买盘
1246,13:29:31,10.7,-0.01,506,541420,卖盘
1247,13:29:19,10.71,--,61,65331,买盘
1248,13:29:13,10.71,--,50,53550,买盘
1249,13:29:10,10.71,--,37,39627,买盘
1250,13:29:07,10.71,0.01,144,154224,买盘
1251,13:29:04,10.7,-0.01,16,17120,卖盘
1252,13:29:01,10.71,--,75,80325,买盘
1253,13:28:58,10.71,0.01,411,440181,买盘
1254,13:28:52,10.7,-0.01,61,65269,卖盘
1255,13:28:43,10.71,0.01,4,4284,买盘
1256,13:28:37,10.7,--,27,28889,卖盘
1257,13:28:34,10.7,--,2,2140,卖盘
1258,13:28:31,10.7,--,21,22470,卖盘
1259,13:28:28,10.7,--,268,287316,买盘
1260,13:28:22,10.7,--,5,5350,买盘
1261,13:28:19,10.7,--,20,21400,买盘
1262,13:28:16,10.7,--,202,216140,买盘
1263,13:28:10,10.7,--,150,160500,买盘
1264,13:28:07,10.7,0.01,72,77040,买盘
1265,13:28:04,10.69,--,205,219145,卖盘
1266,13:27:58,10.69,--,67,71623,卖盘
1267,13:27:55,10.69,--,17,18173,卖盘
1268,13:27:52,10.69,--,50,53450,卖盘
1269,13:27:49,10.69,--,8,8552,卖盘
1270,13:27:40,10.69,--,20,21380,卖盘
1271,13:27:37,10.69,-0.01,354,378426,卖盘
1272,13:27:34,10.7,0.01,2,2140,买盘
1273,13:27:31,10.69,--,10,10690,卖盘
1274,13:27:28,10.69,-0.01,56,59864,卖盘
1275,13:27:22,10.7,0.01,2,2140,买盘
1276,13:27:19,10.69,--,296,316424,卖盘
1277,13:27:13,10.69,--,19,20311,卖盘
1278,13:27:10,10.69,--,102,109038,卖盘
1279,13:27:01,10.69,--,5,5345,卖盘
1280,13:26:58,10.69,-0.01,10,10690,卖盘
1281,13:26:55,10.7,--,139,148730,买盘
1282,13:26:52,10.7,0.01,1,1070,买盘
1283,13:26:49,10.69,-0.01,16,17104,卖盘
1284,13:26:40,10.7,0.01,1,1070,买盘
1285,13:26:31,10.69,--,5,5345,卖盘
1286,13:26:28,10.69,--,46,49174,卖盘
1287,13:26:25,10.69,--,35,37415,卖盘
1288,13:26:22,10.69,--,6,6414,买盘
1289,13:26:19,10.69,0.01,4,4276,买盘
1290,13:26:16,10.68,-0.01,88,93984,卖盘
1291,13:26:13,10.69,--,98,104762,卖盘
1292,13:26:10,10.69,--,18,19242,卖盘
1293,13:26:04,10.69,--,22,23518,卖盘
1294,13:25:55,10.69,--,28,29932,卖盘
1295,13:25:46,10.69,-0.01,6,6414,卖盘
1296,13:25:43,10.7,0.02,1,1070,买盘
1297,13:25:31,10.68,--,5,5340,卖盘
1298,13:25:28,10.68,--,185,197580,卖盘
1299,13:25:25,10.68,--,19,20292,卖盘
1300,13:25:19,10.68,--,2,2136,卖盘
1301,13:25:13,10.68,--,3,3204,卖盘
1302,13:25:07,10.68,--,18,19224,卖盘
1303,13:25:04,10.68,-0.02,23,25503,卖盘
1304,13:25:01,10.7,0.02,15,16049,买盘
1305,13:24:58,10.68,--,180,192240,卖盘
1306,13:24:52,10.68,--,12,12816,卖盘
1307,13:24:46,10.68,-0.02,289,308652,卖盘
1308,13:24:40,10.7,0.02,23,24610,买盘
1309,13:24:34,10.68,-0.02,161,171948,卖盘
1310,13:24:31,10.7,0.02,14,14979,买盘
1311,13:24:28,10.68,--,46,49128,卖盘
1312,13:24:25,10.68,-0.02,262,279816,卖盘
1313,13:24:22,10.7,0.02,18,19260,买盘
1314,13:24:19,10.68,--,22,23496,卖盘
1315,13:24:16,10.68,--,283,302244,卖盘
1316,13:24:10,10.68,--,18,19224,卖盘
1317,13:24:07,10.68,--,17,18156,卖盘
1318,13:24:04,10.68,-0.01,5,5340,卖盘
1319,13:24:01,10.69,0.01,5,5345,买盘
1320,13:23:55,10.68,-0.01,1,1068,卖盘
1321,13:23:52,10.69,--,16,17104,卖盘
1322,13:23:49,10.69,--,16,17104,卖盘
1323,13:23:46,10.69,--,292,312148,卖盘
1324,13:23:43,10.69,-0.01,16,17104,卖盘
1325,13:23:34,10.7,0.01,18,19260,买盘
1326,13:23:31,10.69,--,17,18173,卖盘
1327,13:23:28,10.69,--,103,110107,卖盘
1328,13:23:22,10.69,-0.01,12,12828,卖盘
1329,13:23:19,10.7,0.01,38,40660,买盘
1330,13:23:13,10.69,--,18,19242,卖盘
1331,13:23:04,10.69,--,43,45967,卖盘
1332,13:23:01,10.69,--,31,33139,卖盘
1333,13:22:55,10.69,--,2,2138,卖盘
1334,13:22:43,10.69,--,14,14966,卖盘
1335,13:22:40,10.69,-0.01,18,19242,卖盘
1336,13:22:37,10.7,0.01,1,1070,买盘
1337,13:22:34,10.69,--,18,19242,卖盘
1338,13:22:28,10.69,--,4,4276,卖盘
1339,13:22:25,10.69,--,122,130418,买盘
1340,13:22:19,10.69,--,43,45967,买盘
1341,13:22:16,10.69,--,58,62002,买盘
1342,13:22:13,10.69,--,140,149660,买盘
1343,13:22:07,10.69,0.01,4,4276,买盘
1344,13:22:04,10.68,-0.01,26,28366,卖盘
1345,13:22:01,10.69,--,6,6414,卖盘
1346,13:21:55,10.69,--,82,87658,卖盘
1347,13:21:46,10.69,-0.01,18,19242,卖盘
1348,13:21:43,10.7,0.01,28,29959,买盘
1349,13:21:37,10.69,--,12,12828,卖盘
1350,13:21:34,10.69,--,5,5345,卖盘
1351,13:21:31,10.69,-0.01,0,470,中性盘
1352,13:21:13,10.7,0.02,299,319930,买盘
1353,13:21:07,10.68,--,36,38448,卖盘
1354,13:21:04,10.68,--,98,104664,卖盘
1355,13:21:01,10.68,--,8,8544,卖盘
1356,13:20:55,10.68,--,2,2136,卖盘
1357,13:20:52,10.68,--,30,32040,卖盘
1358,13:20:49,10.68,-0.02,110,117480,卖盘
1359,13:20:46,10.7,0.01,5,5350,买盘
1360,13:20:40,10.69,--,1,1069,卖盘
1361,13:20:37,10.69,0.01,19,20311,买盘
1362,13:20:34,10.68,--,5,5340,卖盘
1363,13:20:22,10.68,-0.01,34,36312,卖盘
1364,13:20:19,10.69,--,4,4276,买盘
1365,13:20:10,10.69,-0.01,41,43829,买盘
1366,13:20:07,10.7,0.02,10,10700,买盘
1367,13:20:04,10.68,--,35,37380,卖盘
1368,13:20:01,10.68,--,5,5340,卖盘
1369,13:19:55,10.68,-0.01,35,37380,卖盘
1370,13:19:52,10.69,-0.01,14,14966,卖盘
1371,13:19:46,10.7,0.01,250,267500,买盘
1372,13:19:40,10.69,--,14,14966,卖盘
1373,13:19:34,10.69,-0.01,212,226628,买盘
1374,13:19:31,10.7,0.02,26,27819,买盘
1375,13:19:28,10.68,-0.01,12,12816,卖盘
1376,13:19:25,10.69,-0.01,87,93430,卖盘
1377,13:19:19,10.7,0.01,105,112349,买盘
1378,13:19:16,10.69,--,20,21380,卖盘
1379,13:19:13,10.69,--,10,10690,卖盘
1380,13:19:01,10.69,-0.01,5,5345,卖盘
1381,13:18:55,10.7,0.01,14,14979,买盘
1382,13:18:40,10.69,--,121,129349,卖盘
1383,13:18:37,10.69,--,111,118659,卖盘
1384,13:18:31,10.69,-0.01,5,5345,卖盘
1385,13:18:28,10.7,--,121,129469,买盘
1386,13:18:21,10.7,--,1,1070,买盘
1387,13:18:12,10.7,0.01,115,123049,买盘
1388,13:18:09,10.69,--,464,496016,卖盘
1389,13:18:06,10.69,--,5,5345,卖盘
1390,13:18:03,10.69,-0.01,5,5345,卖盘
1391,13:18:00,10.7,0.01,101,108070,买盘
1392,13:17:51,10.69,--,12,12828,卖盘
1393,13:17:42,10.69,-0.01,21,22449,卖盘
1394,13:17:36,10.7,--,40,42800,买盘
1395,13:17:33,10.7,0.01,289,309230,买盘
1396,13:17:30,10.69,--,5,5345,卖盘
1397,13:17:21,10.69,-0.01,212,226628,卖盘
1398,13:17:12,10.7,0.01,1,1070,买盘
1399,13:17:06,10.69,-0.01,17,18173,卖盘
1400,13:17:03,10.7,--,25,26750,买盘
1401,13:17:00,10.7,--,27,28889,买盘
1402,13:16:57,10.7,0.01,30,32099,买盘
1403,13:16:54,10.69,-0.01,20,21380,卖盘
1404,13:16:39,10.7,--,9,9630,买盘
1405,13:16:36,10.7,--,101,108070,买盘
1406,13:16:33,10.7,--,27,28889,买盘
1407,13:16:30,10.7,0.01,16,17120,买盘
1408,13:16:27,10.69,-0.01,129,137901,卖盘
1409,13:16:24,10.7,0.01,8,8560,买盘
1410,13:16:15,10.69,--,19,20311,卖盘
1411,13:16:06,10.69,-0.01,245,261905,卖盘
1412,13:16:03,10.7,--,59,63129,买盘
1413,13:15:57,10.7,-0.01,45,48150,卖盘
1414,13:15:51,10.71,--,10,10710,买盘
1415,13:15:48,10.71,0.01,20,21420,买盘
1416,13:15:45,10.7,--,10,10700,卖盘
1417,13:15:39,10.7,--,15,16049,卖盘
1418,13:15:33,10.7,0.01,50,53500,买盘
1419,13:15:30,10.69,--,5,5345,卖盘
1420,13:15:27,10.69,-0.02,242,258698,卖盘
1421,13:15:24,10.71,0.01,103,110313,买盘
1422,13:15:21,10.7,--,105,112349,买盘
1423,13:15:18,10.7,--,16,17120,买盘
1424,13:15:15,10.7,--,122,130539,卖盘
1425,13:15:12,10.7,0.01,28,29959,买盘
1426,13:15:06,10.69,-0.01,18,19242,卖盘
1427,13:15:03,10.7,--,64,68480,买盘
1428,13:14:57,10.7,0.01,5,5350,买盘
1429,13:14:54,10.69,-0.01,20,21380,卖盘
1430,13:14:48,10.7,--,178,190460,买盘
1431,13:14:36,10.7,0.01,13,13909,买盘
1432,13:14:30,10.69,-0.01,17,18173,卖盘
1433,13:14:27,10.7,--,270,288900,买盘
1434,13:14:18,10.7,0.01,33,35310,买盘
1435,13:14:15,10.69,-0.01,167,178523,卖盘
1436,13:14:12,10.7,0.01,11,11770,买盘
1437,13:14:09,10.69,--,17,18173,卖盘
1438,13:14:03,10.69,--,134,143887,卖盘
1439,13:13:57,10.69,--,4,4276,卖盘
1440,13:13:54,10.69,--,35,37415,卖盘
1441,13:13:45,10.69,--,296,316424,卖盘
1442,13:13:36,10.69,--,5,5345,卖盘
1443,13:13:24,10.69,--,11,11759,卖盘
1444,13:13:15,10.69,--,7,7483,卖盘
1445,13:13:12,10.69,-0.01,7,7483,卖盘
1446,13:13:06,10.7,0.01,102,109140,买盘
1447,13:13:00,10.69,--,5,5345,卖盘
1448,13:12:57,10.69,--,136,145384,卖盘
1449,13:12:54,10.69,--,35,37415,卖盘
1450,13:12:42,10.69,--,52,55588,卖盘
1451,13:12:39,10.69,--,370,395530,卖盘
1452,13:12:33,10.69,--,7,7483,卖盘
1453,13:12:27,10.69,--,284,303596,卖盘
1454,13:12:15,10.69,--,59,63071,卖盘
1455,13:12:12,10.69,-0.01,9,9621,卖盘
1456,13:12:09,10.7,--,66,70620,买盘
1457,13:12:06,10.7,0.01,265,283550,买盘
1458,13:12:03,10.69,--,17,18173,卖盘
1459,13:12:00,10.69,-0.01,5,5345,卖盘
1460,13:11:51,10.7,--,33,35310,买盘
1461,13:11:45,10.7,--,4,4280,买盘
1462,13:11:42,10.7,0.01,50,53500,买盘
1463,13:11:36,10.69,--,161,172109,卖盘
1464,13:11:33,10.69,-0.01,20,21380,中性盘
1465,13:11:18,10.7,0.01,102,109140,买盘
1466,13:11:12,10.69,--,27,28863,卖盘
1467,13:11:03,10.69,--,18,19242,卖盘
1468,13:11:00,10.69,--,22,23518,卖盘
1469,13:10:57,10.69,--,90,96210,买盘
1470,13:10:51,10.69,0.01,90,96210,买盘
1471,13:10:45,10.68,-0.01,285,304380,卖盘
1472,13:10:33,10.69,0.01,15,16035,买盘
1473,13:10:24,10.68,-0.01,14,14952,卖盘
1474,13:10:12,10.69,--,2,2138,买盘
1475,13:10:09,10.69,--,4,4276,买盘
1476,13:10:06,10.69,--,18,19242,卖盘
1477,13:10:03,10.69,-0.01,5,5345,中性盘
1478,13:10:00,10.7,0.01,104,111279,买盘
1479,13:09:54,10.69,--,8,8552,买盘
1480,13:09:39,10.69,0.01,9,9621,买盘
1481,13:09:33,10.68,--,231,246708,卖盘
1482,13:09:30,10.68,-0.01,5,5340,卖盘
1483,13:09:27,10.69,--,52,56443,卖盘
1484,13:09:21,10.69,--,8,8552,卖盘
1485,13:09:18,10.69,--,7,7483,卖盘
1486,13:09:12,10.69,0.01,46,49387,买盘
1487,13:09:06,10.68,-0.01,5,5340,卖盘
1488,13:08:57,10.69,--,15,16270,买盘
1489,13:08:54,10.69,--,3,3207,买盘
1490,13:08:45,10.69,0.01,3,3207,买盘
1491,13:08:42,10.68,-0.01,6,6408,卖盘
1492,13:08:39,10.69,--,122,130418,买盘
1493,13:08:33,10.69,0.01,24,25656,买盘
1494,13:08:30,10.68,-0.01,195,208260,卖盘
1495,13:08:21,10.69,-0.01,150,160350,卖盘
1496,13:08:15,10.7,--,200,214000,买盘
1497,13:08:12,10.7,--,159,170130,买盘
1498,13:08:09,10.7,0.01,31,33170,买盘
1499,13:08:06,10.69,-0.01,35,37415,卖盘
1500,13:08:03,10.7,0.01,39,41730,买盘
1501,13:07:57,10.69,--,30,32070,卖盘
1502,13:07:51,10.69,--,196,209524,卖盘
1503,13:07:30,10.69,--,6,6414,卖盘
1504,13:07:24,10.69,-0.01,1,1069,买盘
1505,13:07:21,10.7,0.01,100,107000,买盘
1506,13:07:18,10.69,--,2,2138,买盘
1507,13:07:15,10.69,-0.01,30,32070,中性盘
1508,13:07:06,10.7,0.01,40,42800,买盘
1509,13:07:03,10.69,-0.01,46,49174,卖盘
1510,13:07:00,10.7,0.01,1091,1167370,买盘
1511,13:06:54,10.69,--,54,57726,卖盘
1512,13:06:51,10.69,--,36,38484,卖盘
1513,13:06:48,10.69,--,91,97279,卖盘
1514,13:06:45,10.69,--,89,95141,卖盘
1515,13:06:30,10.69,--,5,5345,卖盘
1516,13:06:27,10.69,--,8,8552,卖盘
1517,13:06:21,10.69,--,2,2138,卖盘
1518,13:06:15,10.69,--,107,114383,卖盘
1519,13:06:09,10.69,--,5,5345,卖盘
1520,13:06:06,10.69,--,142,151798,卖盘
1521,13:06:00,10.69,0.01,15,16035,中性盘
1522,13:05:57,10.68,--,4,4272,卖盘
1523,13:05:51,10.68,-0.02,24,25632,卖盘
1524,13:05:48,10.7,0.02,13,13909,买盘
1525,13:05:42,10.68,--,164,175152,卖盘
1526,13:05:39,10.68,-0.01,8,8544,卖盘
1527,13:05:33,10.69,--,6,6414,卖盘
1528,13:05:30,10.69,--,1,1069,卖盘
1529,13:05:27,10.69,--,17,18173,卖盘
1530,13:05:18,10.69,-0.01,14,14966,卖盘
1531,13:05:12,10.7,0.01,1,1070,买盘
1532,13:05:09,10.69,0.01,6,6414,中性盘
1533,13:05:06,10.68,--,196,209328,卖盘
1534,13:05:03,10.68,--,17,18156,卖盘
1535,13:05:00,10.68,-0.01,32,34176,卖盘
1536,13:04:54,10.69,--,100,106900,买盘
1537,13:04:48,10.69,-0.01,22,23518,买盘
1538,13:04:45,10.7,0.02,101,108070,买盘
1539,13:04:42,10.68,-0.01,103,110004,卖盘
1540,13:04:36,10.69,--,111,118659,卖盘
1541,13:04:33,10.69,--,5,5345,卖盘
1542,13:04:30,10.69,--,110,117590,卖盘
1543,13:04:27,10.69,-0.01,39,41691,卖盘
1544,13:04:24,10.7,0.01,10,10700,买盘
1545,13:04:21,10.69,-0.01,9,9621,卖盘
1546,13:04:15,10.7,0.01,16,17120,买盘
1547,13:04:06,10.69,--,85,90865,卖盘
1548,13:04:00,10.69,--,5,5345,卖盘
1549,13:03:54,10.69,--,35,37415,卖盘
1550,13:03:51,10.69,--,20,21380,卖盘
1551,13:03:45,10.69,--,50,53450,卖盘
1552,13:03:36,10.69,--,2,2138,卖盘
1553,13:03:33,10.69,--,5,5345,卖盘
1554,13:03:30,10.69,-0.01,14,14966,卖盘
1555,13:03:27,10.7,0.01,109,116629,买盘
1556,13:03:24,10.69,-0.01,150,160350,卖盘
1557,13:03:21,10.7,0.01,10,10700,买盘
1558,13:03:03,10.69,-0.01,14,14966,卖盘
1559,13:02:48,10.7,0.01,42,44940,买盘
1560,13:02:39,10.69,-0.01,105,112245,卖盘
1561,13:02:36,10.7,0.01,2,2140,买盘
1562,13:02:33,10.69,-0.01,5,5345,卖盘
1563,13:02:21,10.7,--,99,105930,买盘
1564,13:02:15,10.7,0.01,162,173340,买盘
1565,13:02:09,10.69,--,18,19242,卖盘
1566,13:02:06,10.69,-0.01,31,33139,卖盘
1567,13:02:03,10.7,0.01,120,128399,买盘
1568,13:01:57,10.69,--,3,3207,卖盘
1569,13:01:45,10.69,-0.01,107,114383,卖盘
1570,13:01:39,10.7,--,80,85600,买盘
1571,13:01:32,10.7,--,105,112349,买盘
1572,13:01:23,10.7,0.01,7,7489,买盘
1573,13:01:20,10.69,--,27,28863,卖盘
1574,13:01:14,10.69,--,654,699126,卖盘
1575,13:01:08,10.69,--,1,1069,卖盘
1576,13:01:05,10.69,--,37,39553,卖盘
1577,13:01:02,10.69,-0.01,5,5345,卖盘
1578,13:00:59,10.7,0.01,10,10700,买盘
1579,13:00:41,10.69,-0.01,19,20311,卖盘
1580,13:00:32,10.7,0.01,159,170130,买盘
1581,13:00:26,10.69,--,1,1069,卖盘
1582,13:00:11,10.69,-0.01,2,2138,卖盘
1583,13:00:08,10.7,0.01,31,33170,买盘
1584,13:00:05,10.69,-0.01,337,360253,卖盘
1585,13:00:02,10.7,0.01,818,876094,买盘
1586,11:29:33,10.69,--,5,5345,卖盘
1587,11:29:27,10.69,--,284,303596,卖盘
1588,11:29:12,10.69,--,2,2138,卖盘
1589,11:29:06,10.69,--,284,303596,卖盘
1590,11:29:00,10.69,-0.01,5,5345,卖盘
1591,11:28:51,10.7,--,170,181900,买盘
1592,11:28:48,10.7,--,1,1070,买盘
1593,11:28:39,10.7,0.01,100,107000,买盘
1594,11:28:33,10.69,--,5,5345,卖盘
1595,11:28:27,10.69,--,116,124004,卖盘
1596,11:28:21,10.69,--,6,6414,卖盘
1597,11:28:15,10.69,-0.01,10,10690,卖盘
1598,11:28:03,10.7,0.01,101,108070,买盘
1599,11:28:00,10.69,-0.01,5,5345,卖盘
1600,11:27:51,10.7,0.01,75,80250,买盘
1601,11:27:45,10.69,--,16,17104,卖盘
1602,11:27:39,10.69,--,1,1069,卖盘
1603,11:27:33,10.69,-0.01,167,178523,卖盘
1604,11:27:24,10.7,--,29,31029,买盘
1605,11:27:18,10.7,0.01,112,119839,买盘
1606,11:27:12,10.69,--,32,34443,卖盘
1607,11:27:00,10.69,--,8,8552,卖盘
1608,11:26:51,10.69,0.01,30,32070,卖盘
1609,11:26:48,10.68,--,314,336099,卖盘
1610,11:26:36,10.68,--,138,147384,卖盘
1611,11:26:33,10.68,--,5,5340,卖盘
1612,11:26:27,10.68,-0.01,21,22897,卖盘
1613,11:26:12,10.69,--,1,1069,买盘
1614,11:26:00,10.69,--,27,29782,卖盘
1615,11:25:54,10.69,--,10,10690,卖盘
1616,11:25:51,10.69,--,107,114383,卖盘
1617,11:25:45,10.69,--,10,11438,卖盘
1618,11:25:36,10.69,--,11,11759,卖盘
1619,11:25:30,10.69,--,5,5345,卖盘
1620,11:25:27,10.69,0.01,52,56058,卖盘
1621,11:25:24,10.68,-0.01,40,42720,卖盘
1622,11:25:21,10.69,--,19,20311,买盘
1623,11:25:09,10.69,0.01,243,259767,买盘
1624,11:25:03,10.68,-0.01,5,5340,卖盘
1625,11:25:00,10.69,--,78,83852,卖盘
1626,11:24:54,10.69,--,6,6414,卖盘
1627,11:24:45,10.69,--,10,11459,卖盘
1628,11:24:42,10.69,--,50,53450,卖盘
1629,11:24:39,10.69,-0.01,50,53450,卖盘
1630,11:24:36,10.7,--,187,200090,买盘
1631,11:24:33,10.7,0.01,109,116629,买盘
1632,11:24:30,10.69,--,5,5345,卖盘
1633,11:24:27,10.69,--,27,29611,卖盘
1634,11:24:09,10.69,--,10,11438,卖盘
1635,11:24:03,10.69,--,5,5345,卖盘
1636,11:23:57,10.69,--,2,2138,卖盘
1637,11:23:45,10.69,--,228,244501,卖盘
1638,11:23:42,10.69,--,30,32839,买盘
1639,11:23:39,10.69,0.01,50,53450,买盘
1640,11:23:36,10.68,--,5,5340,卖盘
1641,11:23:30,10.68,--,5,5340,卖盘
1642,11:23:27,10.68,--,10,11427,卖盘
1643,11:23:24,10.68,--,35,37380,卖盘
1644,11:23:15,10.68,-0.01,1,1068,卖盘
1645,11:23:12,10.69,-0.01,1,1389,卖盘
1646,11:23:09,10.7,0.01,100,107000,买盘
1647,11:23:06,10.69,0.01,10,11438,卖盘
1648,11:23:03,10.68,--,5,5340,卖盘
1649,11:23:00,10.68,-0.01,255,272340,卖盘
1650,11:22:51,10.69,--,38,41242,卖盘
1651,11:22:48,10.69,--,17,18942,卖盘
1652,11:22:39,10.69,--,3,3207,卖盘
1653,11:22:36,10.69,--,4,4276,卖盘
1654,11:22:30,10.69,--,6,6414,卖盘
1655,11:22:27,10.69,--,10,11438,卖盘
1656,11:22:15,10.69,-0.01,13,13897,卖盘
1657,11:22:09,10.7,--,15,16049,买盘
1658,11:22:03,10.7,0.01,13,13909,买盘
1659,11:21:54,10.69,--,135,144315,卖盘
1660,11:21:45,10.69,--,95,101555,卖盘
1661,11:21:39,10.69,--,20,21380,卖盘
1662,11:21:36,10.69,--,11,11759,卖盘
1663,11:21:30,10.69,--,25,26725,卖盘
1664,11:21:24,10.69,--,161,172109,卖盘
1665,11:21:21,10.69,--,97,103693,买盘
1666,11:21:18,10.69,--,18,19242,买盘
1667,11:21:06,10.69,--,40,42760,买盘
1668,11:21:03,10.69,0.01,4,4276,买盘
1669,11:21:00,10.68,--,10,10680,卖盘
1670,11:20:57,10.68,--,840,897120,卖盘
1671,11:20:54,10.68,-0.01,480,512640,卖盘
1672,11:20:51,10.69,0.01,10,10690,中性盘
1673,11:20:45,10.68,-0.02,10,10680,卖盘
1674,11:20:42,10.7,0.01,24,25680,买盘
1675,11:20:36,10.69,-0.01,1,1069,买盘
1676,11:20:33,10.7,0.01,116,124119,买盘
1677,11:20:27,10.69,--,100,106900,买盘
1678,11:20:09,10.69,0.01,19,20311,买盘
1679,11:20:06,10.68,-0.01,45,48636,卖盘
1680,11:20:03,10.69,0.01,8,8552,买盘
1681,11:20:00,10.68,-0.01,245,261660,卖盘
1682,11:19:54,10.69,--,16,17104,买盘
1683,11:19:45,10.69,--,100,106900,买盘
1684,11:19:39,10.69,0.01,10,10690,买盘
1685,11:19:33,10.68,-0.01,5,5340,卖盘
1686,11:19:27,10.69,0.01,176,188144,买盘
1687,11:19:12,10.68,-0.01,4,4272,卖盘
1688,11:19:09,10.69,--,30,32070,买盘
1689,11:19:06,10.69,0.01,107,114383,买盘
1690,11:19:00,10.68,--,25,26700,卖盘
1691,11:18:54,10.68,-0.01,10,10680,卖盘
1692,11:18:48,10.69,0.01,10,10690,买盘
1693,11:18:45,10.68,--,6,6408,卖盘
1694,11:18:42,10.68,-0.01,6,6408,卖盘
1695,11:18:39,10.69,0.01,35,37415,买盘
1696,11:18:33,10.68,-0.01,65,69420,卖盘
1697,11:18:30,10.69,0.01,53,56657,买盘
1698,11:18:27,10.68,--,6,6408,卖盘
1699,11:18:06,10.68,--,5,5340,卖盘
1700,11:18:00,10.68,-0.01,5,5340,卖盘
1701,11:17:57,10.69,--,187,199903,卖盘
1702,11:17:54,10.69,--,5,5345,卖盘
1703,11:17:51,10.69,--,1328,1419632,卖盘
1704,11:17:48,10.69,-0.01,22,23518,卖盘
1705,11:17:45,10.7,--,433,463309,买盘
1706,11:17:42,10.7,0.01,2,2140,买盘
1707,11:17:39,10.69,--,245,261905,买盘
1708,11:17:36,10.69,0.01,758,810302,买盘
1709,11:17:30,10.68,--,481,513708,卖盘
1710,11:17:24,10.68,-0.01,161,171948,卖盘
1711,11:17:21,10.69,--,16,17104,买盘
1712,11:17:18,10.69,--,165,176598,卖盘
1713,11:17:12,10.69,--,361,386764,买盘
1714,11:17:09,10.69,--,212,226628,买盘
1715,11:17:06,10.69,--,237,253566,卖盘
1716,11:17:00,10.69,--,125,133625,卖盘
1717,11:16:57,10.69,0.01,1137,1216308,买盘
1718,11:16:54,10.68,-0.01,1,1068,卖盘
1719,11:16:51,10.69,0.01,35,37415,买盘
1720,11:16:48,10.68,-0.01,4,4272,卖盘
1721,11:16:42,10.69,--,5,5345,买盘
1722,11:16:39,10.69,0.01,1,1069,买盘
1723,11:16:36,10.68,-0.01,3,3204,卖盘
1724,11:16:33,10.69,0.01,10,10690,买盘
1725,11:16:30,10.68,-0.01,10,10680,卖盘
1726,11:16:27,10.69,0.01,101,107969,买盘
1727,11:16:21,10.68,--,7,7476,卖盘
1728,11:16:12,10.68,--,1,1068,卖盘
1729,11:16:09,10.68,--,9,9612,卖盘
1730,11:16:03,10.68,-0.01,5,5340,卖盘
1731,11:16:00,10.69,0.01,1,1069,买盘
1732,11:15:57,10.68,--,64,68352,卖盘
1733,11:15:51,10.68,-0.01,73,78177,卖盘
1734,11:15:48,10.69,--,135,145170,买盘
1735,11:15:45,10.69,--,191,204392,卖盘
1736,11:15:42,10.69,--,5,5345,卖盘
1737,11:15:39,10.69,--,30,32070,卖盘
1738,11:15:36,10.69,--,57,60933,卖盘
1739,11:15:30,10.69,--,1139,1217591,卖盘
1740,11:15:27,10.69,--,78,83382,卖盘
1741,11:15:24,10.69,--,9,9621,卖盘
1742,11:15:21,10.69,--,108,115452,卖盘
1743,11:15:15,10.69,--,104,111176,卖盘
1744,11:15:12,10.69,--,103,110107,卖盘
1745,11:15:09,10.69,--,502,536638,卖盘
1746,11:15:03,10.69,--,112,119728,卖盘
1747,11:15:00,10.69,--,127,135763,卖盘
1748,11:14:57,10.69,--,217,231973,卖盘
1749,11:14:54,10.69,--,18,19242,卖盘
1750,11:14:51,10.69,-0.01,212,226628,卖盘
1751,11:14:48,10.7,--,47,50290,买盘
1752,11:14:42,10.7,0.01,1,1070,买盘
1753,11:14:39,10.69,-0.01,74,79106,卖盘
1754,11:14:36,10.7,--,3,3210,买盘
1755,11:14:33,10.7,0.01,24,25680,买盘
1756,11:14:27,10.69,-0.01,20,21380,卖盘
1757,11:14:21,10.7,--,86,92533,卖盘
1758,11:14:18,10.7,--,480,513599,卖盘
1759,11:14:15,10.7,--,260,278200,卖盘
1760,11:14:03,10.7,--,5,5350,卖盘
1761,11:13:57,10.7,-0.01,6,6420,卖盘
1762,11:13:48,10.71,0.01,111,118881,买盘
1763,11:13:42,10.7,0.01,91,97926,买盘
1764,11:13:36,10.69,-0.01,98,105275,卖盘
1765,11:13:30,10.7,--,5,5350,卖盘
1766,11:13:27,10.7,--,1,1070,卖盘
1767,11:13:24,10.7,-0.01,5,5350,卖盘
1768,11:13:21,10.71,0.01,101,108171,买盘
1769,11:13:18,10.7,--,6,7382,卖盘
1770,11:13:12,10.7,--,6,6420,卖盘
1771,11:13:03,10.7,-0.01,445,476149,卖盘
1772,11:12:57,10.71,--,6,6426,买盘
1773,11:12:54,10.71,0.01,1,1071,买盘
1774,11:12:51,10.7,--,392,419440,卖盘
1775,11:12:45,10.7,--,7,7489,卖盘
1776,11:12:42,10.7,--,155,166171,卖盘
1777,11:12:39,10.7,--,20,21400,卖盘
1778,11:12:33,10.7,-0.01,5,5350,卖盘
1779,11:12:30,10.71,--,110,118109,买盘
1780,11:12:24,10.71,0.01,1,1071,买盘
1781,11:12:18,10.7,--,102,109140,卖盘
1782,11:12:15,10.7,--,35,37450,卖盘
1783,11:12:02,10.7,--,6,6420,卖盘
1784,11:11:56,10.7,-0.01,2,2140,卖盘
1785,11:11:50,10.71,--,5,5355,买盘
1786,11:11:41,10.71,0.01,1,1071,买盘
1787,11:11:35,10.7,--,19,20330,卖盘
1788,11:11:32,10.7,--,48,51360,卖盘
1789,11:11:29,10.7,--,161,172270,卖盘
1790,11:11:23,10.7,--,2,2140,卖盘
1791,11:11:17,10.7,--,2,2140,卖盘
1792,11:11:14,10.7,--,12,12840,卖盘
1793,11:11:08,10.7,--,223,238609,卖盘
1794,11:11:02,10.7,--,5,5350,卖盘
1795,11:10:56,10.7,0.01,1193,1276552,买盘
1796,11:10:53,10.69,-0.01,5,5345,卖盘
1797,11:10:41,10.7,--,578,618460,买盘
1798,11:10:38,10.7,--,26,27819,买盘
1799,11:10:35,10.7,0.01,28,29959,买盘
1800,11:10:32,10.69,-0.01,5,5345,卖盘
1801,11:10:20,10.7,0.01,5,5350,买盘
1802,11:10:08,10.69,-0.01,4,4276,卖盘
1803,11:10:02,10.7,0.01,21,23090,买盘
1804,11:09:59,10.69,--,5,5345,卖盘
1805,11:09:56,10.69,-0.01,16,17104,卖盘
1806,11:09:53,10.7,0.01,20,21400,买盘
1807,11:09:50,10.69,-0.01,171,182799,卖盘
1808,11:09:47,10.7,--,103,110209,买盘
1809,11:09:44,10.7,0.01,80,85600,买盘
1810,11:09:41,10.69,-0.01,11,12165,卖盘
1811,11:09:32,10.7,0.01,281,300670,买盘
1812,11:09:23,10.69,-0.01,11,12165,卖盘
1813,11:09:20,10.7,0.01,1,1070,买盘
1814,11:09:08,10.69,--,36,38484,卖盘
1815,11:09:02,10.69,-0.01,20,22000,卖盘
1816,11:08:56,10.7,0.01,30,32099,买盘
1817,11:08:53,10.69,-0.01,11,11759,卖盘
1818,11:08:50,10.7,--,10,10700,买盘
1819,11:08:47,10.7,0.01,2,2140,买盘
1820,11:08:41,10.69,-0.01,21,22534,卖盘
1821,11:08:38,10.7,--,28,29959,卖盘
1822,11:08:32,10.7,--,15,16049,卖盘
1823,11:08:29,10.7,--,342,365940,卖盘
1824,11:08:26,10.7,--,10,10700,卖盘
1825,11:08:23,10.7,--,74,79586,卖盘
1826,11:08:20,10.7,--,1,1070,卖盘
1827,11:08:17,10.7,--,10,10700,卖盘
1828,11:08:02,10.7,--,406,434826,卖盘
1829,11:07:59,10.7,--,65,69550,卖盘
1830,11:07:53,10.7,--,199,212930,卖盘
1831,11:07:50,10.7,-0.01,16,17120,卖盘
1832,11:07:47,10.71,0.01,6,6426,买盘
1833,11:07:41,10.7,-0.01,21,22876,卖盘
1834,11:07:35,10.71,--,1,1071,买盘
1835,11:07:32,10.71,0.01,158,169218,买盘
1836,11:07:26,10.7,--,26,27819,卖盘
1837,11:07:23,10.7,--,11,12176,卖盘
1838,11:07:20,10.7,-0.01,10,10700,卖盘
1839,11:07:17,10.71,0.01,6,6426,买盘
1840,11:07:11,10.7,--,110,117699,卖盘
1841,11:07:08,10.7,--,100,107000,卖盘
1842,11:07:05,10.7,--,7,7489,卖盘
1843,11:07:02,10.7,-0.01,16,17526,卖盘
1844,11:06:59,10.71,--,4,4284,买盘
1845,11:06:56,10.71,--,50,53550,买盘
1846,11:06:53,10.71,0.01,279,298809,买盘
1847,11:06:41,10.7,-0.01,11,12176,卖盘
1848,11:06:35,10.71,--,14,14994,买盘
1849,11:06:32,10.71,0.01,14,14994,买盘
1850,11:06:26,10.7,--,37,39590,卖盘
1851,11:06:20,10.7,-0.01,19,20736,卖盘
1852,11:06:17,10.71,0.01,11,11781,买盘
1853,11:06:14,10.7,--,4,4280,卖盘
1854,11:06:08,10.7,-0.01,20,21400,卖盘
1855,11:06:05,10.71,0.01,16,17136,买盘
1856,11:06:02,10.7,-0.01,51,54976,卖盘
1857,11:05:53,10.71,--,186,199206,买盘
1858,11:05:47,10.71,0.01,104,111384,买盘
1859,11:05:44,10.7,--,18,19666,卖盘
1860,11:05:29,10.7,--,6,6420,卖盘
1861,11:05:20,10.7,--,12,13246,卖盘
1862,11:05:17,10.7,-0.01,11,11770,卖盘
1863,11:05:14,10.71,0.01,74,79254,买盘
1864,11:05:11,10.7,-0.01,10,10700,卖盘
1865,11:05:08,10.71,--,2,2142,买盘
1866,11:05:05,10.71,0.01,8,8568,买盘
1867,11:05:02,10.7,--,16,17526,卖盘
1868,11:04:59,10.7,-0.01,15,16049,卖盘
1869,11:04:50,10.71,--,12,12852,买盘
1870,11:04:47,10.71,0.01,6,6426,买盘
1871,11:04:44,10.7,-0.01,16,17526,卖盘
1872,11:04:38,10.71,0.01,4,4284,买盘
1873,11:04:29,10.7,-0.01,166,177620,卖盘
1874,11:04:23,10.71,0.01,101,108171,买盘
1875,11:04:20,10.7,-0.01,11,12176,卖盘
1876,11:04:14,10.71,--,1,1071,买盘
1877,11:04:11,10.71,--,6,6426,买盘
1878,11:04:08,10.71,0.01,12,12852,买盘
1879,11:04:05,10.7,-0.01,20,21806,卖盘
1880,11:03:56,10.71,--,13,13923,买盘
1881,11:03:47,10.71,0.01,5,5355,买盘
1882,11:03:44,10.7,--,26,28226,卖盘
1883,11:03:38,10.7,--,6,6420,卖盘
1884,11:03:35,10.7,--,63,67410,卖盘
1885,11:03:32,10.7,--,5,5350,卖盘
1886,11:03:20,10.7,-0.01,24,26086,卖盘
1887,11:03:17,10.71,--,6,6426,买盘
1888,11:03:11,10.71,--,80,85680,买盘
1889,11:03:08,10.71,0.01,104,111384,买盘
1890,11:03:05,10.7,--,6,6420,卖盘
1891,11:03:02,10.7,-0.01,16,17526,卖盘
1892,11:02:47,10.71,0.01,6,6426,买盘
1893,11:02:44,10.7,-0.01,1,1070,卖盘
1894,11:02:41,10.71,0.01,23,25446,买盘
1895,11:02:38,10.7,-0.01,55,58849,卖盘
1896,11:02:35,10.71,0.01,15,16065,买盘
1897,11:02:32,10.7,-0.01,5,5350,卖盘
1898,11:02:23,10.71,--,6,6426,买盘
1899,11:02:17,10.71,--,28,30245,卖盘
1900,11:02:11,10.71,--,51,54621,卖盘
1901,11:02:08,10.71,--,52,55692,卖盘
1902,11:02:05,10.71,--,5,5355,卖盘
1903,11:02:02,10.71,-0.01,27,29323,卖盘
1904,11:01:59,10.72,0.01,11,11792,买盘
1905,11:01:56,10.71,--,9,9639,卖盘
1906,11:01:50,10.71,-0.01,429,459459,卖盘
1907,11:01:47,10.72,0.01,255,273360,买盘
1908,11:01:41,10.71,--,21,22897,卖盘
1909,11:01:32,10.71,--,9,9639,卖盘
1910,11:01:29,10.71,--,21,22491,卖盘
1911,11:01:26,10.71,--,42,44982,卖盘
1912,11:01:23,10.71,-0.01,11,12187,卖盘
1913,11:01:20,10.72,0.01,16,17152,买盘
1914,11:01:17,10.71,--,40,42840,卖盘
1915,11:01:05,10.71,--,63,67473,卖盘
1916,11:01:02,10.71,--,77,82873,卖盘
1917,11:00:59,10.71,--,33,35343,卖盘
1918,11:00:53,10.71,--,48,51408,卖盘
1919,11:00:50,10.71,-0.01,161,172431,卖盘
1920,11:00:47,10.72,0.01,6,6432,买盘
1921,11:00:44,10.71,--,6,6426,卖盘
1922,11:00:41,10.71,-0.01,21,22897,卖盘
1923,11:00:38,10.72,0.01,10,10720,买盘
1924,11:00:32,10.71,--,11,11781,卖盘
1925,11:00:26,10.71,--,110,117810,卖盘
1926,11:00:23,10.71,--,11,12187,卖盘
1927,11:00:20,10.71,--,10,10710,卖盘
1928,11:00:17,10.71,-0.01,19,20349,卖盘
1929,11:00:11,10.72,0.01,50,53600,买盘
1930,11:00:05,10.71,--,27,28917,卖盘
1931,11:00:02,10.71,-0.01,30,32536,卖盘
1932,10:59:53,10.72,0.01,11,11792,买盘
1933,10:59:50,10.71,0.01,2582,2765429,买盘
1934,10:59:47,10.7,--,28,29959,卖盘
1935,10:59:41,10.7,--,18,19666,卖盘
1936,10:59:38,10.7,-0.01,4,4280,卖盘
1937,10:59:32,10.71,0.01,126,134946,买盘
1938,10:59:26,10.7,--,2,2140,卖盘
1939,10:59:23,10.7,--,66,71026,卖盘
1940,10:59:14,10.7,-0.01,42,45817,中性盘
1941,10:59:08,10.71,0.01,100,107100,买盘
1942,10:59:05,10.7,0.01,3,3210,买盘
1943,10:59:02,10.69,-0.02,5,5345,卖盘
1944,10:58:59,10.71,0.01,6,6426,买盘
1945,10:58:56,10.7,--,15,16478,卖盘
1946,10:58:50,10.7,--,5,5992,买盘
1947,10:58:47,10.7,--,16,17376,卖盘
1948,10:58:41,10.7,-0.01,12,13268,卖盘
1949,10:58:38,10.71,0.01,97,103887,买盘
1950,10:58:32,10.7,-0.01,38,40660,卖盘
1951,10:58:29,10.71,0.01,32,34657,买盘
1952,10:58:26,10.7,--,972,1040724,卖盘
1953,10:58:23,10.7,-0.01,182,195125,卖盘
1954,10:58:14,10.71,--,3,3213,买盘
1955,10:58:11,10.71,0.01,100,107100,买盘
1956,10:58:02,10.7,--,11,11770,卖盘
1957,10:57:53,10.7,-0.01,1,1070,卖盘
1958,10:57:50,10.71,--,114,122094,买盘
1959,10:57:47,10.71,0.01,17,18207,买盘
1960,10:57:41,10.7,--,50,53500,卖盘
1961,10:57:38,10.7,--,56,59919,卖盘
1962,10:57:32,10.7,--,23,24610,卖盘
1963,10:57:26,10.7,--,13,13909,卖盘
1964,10:57:23,10.7,-0.01,32,34240,买盘
1965,10:57:20,10.71,--,1142,1223082,买盘
1966,10:57:11,10.71,0.01,2830,3030930,买盘
1967,10:57:08,10.7,-0.01,2,2140,卖盘
1968,10:57:05,10.71,0.01,6,6426,买盘
1969,10:57:02,10.7,0.01,5,5350,中性盘
1970,10:56:56,10.69,--,2,2138,卖盘
1971,10:56:47,10.69,--,3,3207,卖盘
1972,10:56:41,10.69,-0.01,405,432945,卖盘
1973,10:56:32,10.7,--,8,8560,买盘
1974,10:56:29,10.7,-0.02,19,20330,卖盘
1975,10:56:26,10.72,0.01,387,415764,买盘
1976,10:56:23,10.71,--,51,54621,卖盘
1977,10:56:17,10.71,--,8,8568,卖盘
1978,10:56:14,10.71,--,50,53550,卖盘
1979,10:56:11,10.71,0.02,2890,3095361,买盘
1980,10:56:08,10.69,--,4,4276,卖盘
1981,10:56:05,10.69,-0.01,2,2138,卖盘
1982,10:56:02,10.7,--,11,11770,买盘
1983,10:55:59,10.7,0.01,103,110209,买盘
1984,10:55:56,10.69,--,206,220214,卖盘
1985,10:55:47,10.69,--,1,1069,卖盘
1986,10:55:44,10.69,-0.01,25,26725,卖盘
1987,10:55:41,10.7,0.01,5,5350,买盘
1988,10:55:38,10.69,-0.01,6,6414,卖盘
1989,10:55:35,10.7,0.01,2,2140,买盘
1990,10:55:32,10.69,-0.01,41,43829,卖盘
1991,10:55:26,10.7,--,14,14979,买盘
1992,10:55:20,10.7,0.01,35,37450,买盘
1993,10:55:14,10.69,-0.01,16,17104,卖盘
1994,10:55:11,10.7,0.01,124,132680,买盘
1995,10:55:08,10.69,-0.01,5,5345,卖盘
1996,10:55:05,10.7,0.01,100,107000,买盘
1997,10:55:02,10.69,--,40,42760,卖盘
1998,10:54:56,10.69,--,9,9621,卖盘
1999,10:54:44,10.69,--,2,2138,卖盘
2000,10:54:41,10.69,--,10,10690,卖盘
2001,10:54:38,10.69,--,56,59864,卖盘
2002,10:54:32,10.69,-0.01,11,11759,卖盘
2003,10:54:26,10.7,--,44,47187,卖盘
2004,10:54:17,10.7,-0.01,112,119839,卖盘
2005,10:54:11,10.71,0.01,1,1071,买盘
2006,10:54:08,10.7,--,6,6420,卖盘
2007,10:54:05,10.7,-0.01,5,5350,卖盘
2008,10:54:02,10.71,0.01,153,163863,买盘
2009,10:53:59,10.7,--,76,81320,卖盘
2010,10:53:56,10.7,-0.01,20,21400,卖盘
2011,10:53:53,10.71,0.01,106,113526,买盘
2012,10:53:47,10.7,--,153,163710,卖盘
2013,10:53:44,10.7,-0.01,3000,3210000,卖盘
2014,10:53:41,10.71,0.01,37,39627,买盘
2015,10:53:38,10.7,-0.01,5,5350,卖盘
2016,10:53:35,10.71,0.01,6,6426,买盘
2017,10:53:32,10.7,-0.01,105,112349,卖盘
2018,10:53:29,10.71,0.01,519,555849,买盘
2019,10:53:20,10.7,--,70,74900,卖盘
2020,10:53:17,10.7,--,2,2140,卖盘
2021,10:53:04,10.7,-0.01,22,23540,卖盘
2022,10:53:01,10.71,--,28,29988,买盘
2023,10:52:58,10.71,0.01,2,2142,买盘
2024,10:52:55,10.7,--,161,172270,卖盘
2025,10:52:37,10.7,--,86,92020,卖盘
2026,10:52:34,10.7,-0.01,113,120909,卖盘
2027,10:52:31,10.71,--,11,11781,买盘
2028,10:52:28,10.71,0.01,28,29988,买盘
2029,10:52:19,10.7,--,43,46010,卖盘
2030,10:52:13,10.7,-0.01,77,82390,卖盘
2031,10:52:10,10.71,0.01,14,14994,买盘
2032,10:52:07,10.7,-0.01,21,22470,卖盘
2033,10:52:01,10.71,0.01,39,41769,买盘
2034,10:51:58,10.7,--,106,113419,卖盘
2035,10:51:52,10.7,--,28,29959,卖盘
2036,10:51:46,10.7,--,5,5350,卖盘
2037,10:51:31,10.7,-0.01,6,6420,卖盘
2038,10:51:28,10.71,--,6,6426,买盘
2039,10:51:25,10.71,--,8,8568,买盘
2040,10:51:16,10.71,--,104,111384,买盘
2041,10:51:13,10.71,--,1,1071,买盘
2042,10:51:07,10.71,0.01,3,3213,买盘
2043,10:51:01,10.7,-0.01,38,40660,卖盘
2044,10:50:58,10.71,--,137,146727,买盘
2045,10:50:52,10.71,--,6,6426,买盘
2046,10:50:49,10.71,--,116,124236,买盘
2047,10:50:46,10.71,--,44,47124,买盘
2048,10:50:40,10.71,0.01,10,10710,买盘
2049,10:50:31,10.7,-0.01,189,202230,卖盘
2050,10:50:25,10.71,--,6,6426,买盘
2051,10:50:22,10.71,--,10,10710,买盘
2052,10:50:19,10.71,--,7,7497,买盘
2053,10:50:16,10.71,0.01,138,147798,买盘
2054,10:50:13,10.7,-0.01,21,22470,卖盘
2055,10:50:07,10.71,0.01,109,116739,买盘
2056,10:50:01,10.7,-0.01,5,5350,卖盘
2057,10:49:58,10.71,--,13,13923,买盘
2058,10:49:55,10.71,--,227,243117,买盘
2059,10:49:52,10.71,0.01,599,641529,买盘
2060,10:49:46,10.7,--,120,128399,卖盘
2061,10:49:43,10.7,--,202,216140,卖盘
2062,10:49:34,10.7,-0.01,173,185110,卖盘
2063,10:49:28,10.71,0.01,5,5355,买盘
2064,10:49:22,10.7,-0.01,2,2140,卖盘
2065,10:49:19,10.71,--,10,10710,买盘
2066,10:49:04,10.71,0.01,8,8568,买盘
2067,10:49:01,10.7,--,5,5350,卖盘
2068,10:48:55,10.7,-0.01,21,22470,卖盘
2069,10:48:37,10.71,0.01,181,193851,买盘
2070,10:48:31,10.7,-0.01,78,83460,卖盘
2071,10:48:25,10.71,--,103,110313,买盘
2072,10:48:19,10.71,--,177,189567,买盘
2073,10:48:16,10.71,--,9,9639,买盘
2074,10:48:13,10.71,0.01,1,1071,买盘
2075,10:48:01,10.7,-0.01,105,112349,卖盘
2076,10:47:52,10.71,0.01,60,64260,买盘
2077,10:47:40,10.7,--,13,13909,卖盘
2078,10:47:31,10.7,-0.01,65,69550,卖盘
2079,10:47:25,10.71,0.01,19,20349,买盘
2080,10:47:19,10.7,-0.01,214,228979,卖盘
2081,10:47:16,10.71,0.01,210,224910,买盘
2082,10:47:07,10.7,--,51,54570,卖盘
2083,10:47:04,10.7,--,49,52430,卖盘
2084,10:47:01,10.7,--,5,5350,卖盘
2085,10:46:46,10.7,-0.01,30,32099,卖盘
2086,10:46:43,10.71,--,7,7497,买盘
2087,10:46:40,10.71,--,100,107100,买盘
2088,10:46:31,10.71,0.01,35,37485,买盘
2089,10:46:22,10.7,-0.01,19,20330,卖盘
2090,10:46:10,10.71,0.01,19,20349,买盘
2091,10:46:07,10.7,-0.01,10,10700,卖盘
2092,10:46:04,10.71,0.01,6,6426,买盘
2093,10:46:01,10.7,--,15,16049,卖盘
2094,10:45:58,10.7,-0.01,5,5350,卖盘
2095,10:45:49,10.71,--,126,134946,买盘
2096,10:45:43,10.71,--,10,10710,买盘
2097,10:45:37,10.71,0.01,212,227052,买盘
2098,10:45:34,10.7,-0.01,24,25680,卖盘
2099,10:45:31,10.71,--,20,21420,买盘
2100,10:45:13,10.71,--,10,10710,买盘
2101,10:45:07,10.71,0.01,7,7497,买盘
2102,10:45:01,10.7,-0.01,55,58849,卖盘
2103,10:44:55,10.71,--,17,18207,买盘
2104,10:44:43,10.71,0.01,96,102816,买盘
2105,10:44:40,10.7,--,50,53500,卖盘
2106,10:44:37,10.7,-0.01,161,172270,卖盘
2107,10:44:34,10.71,0.01,6,6426,买盘
2108,10:44:31,10.7,-0.01,52,55639,卖盘
2109,10:44:28,10.71,--,106,113526,买盘
2110,10:44:22,10.71,--,13,13923,买盘
2111,10:44:19,10.71,0.01,7,7497,买盘
2112,10:44:13,10.7,-0.01,18,19260,卖盘
2113,10:44:07,10.71,0.01,6,6426,买盘
2114,10:44:01,10.7,--,5,5350,卖盘
2115,10:43:55,10.7,-0.01,23,24610,卖盘
2116,10:43:43,10.71,0.01,28,29988,买盘
2117,10:43:40,10.7,-0.01,18,19260,卖盘
2118,10:43:37,10.71,0.01,6,6426,买盘
2119,10:43:31,10.7,--,5,5350,卖盘
2120,10:43:22,10.7,--,188,201160,卖盘
2121,10:43:16,10.7,-0.01,249,266430,卖盘
2122,10:43:10,10.71,0.01,112,119952,买盘
2123,10:43:07,10.7,--,134,143380,卖盘
2124,10:43:04,10.7,-0.01,42,44940,卖盘
2125,10:43:01,10.71,0.01,54,57834,买盘
2126,10:42:55,10.7,--,10,10700,卖盘
2127,10:42:46,10.7,-0.01,19,20330,卖盘
2128,10:42:43,10.71,0.01,164,175644,买盘
2129,10:42:31,10.7,--,25,26750,卖盘
2130,10:42:28,10.7,-0.01,11,11770,卖盘
2131,10:42:22,10.71,--,1,1071,买盘
2132,10:42:13,10.71,0.01,13,13923,买盘
2133,10:42:04,10.7,--,25,27199,卖盘
2134,10:42:01,10.7,--,58,62059,卖盘
2135,10:41:58,10.7,-0.01,5,5350,卖盘
2136,10:41:55,10.71,0.01,103,110313,买盘
2137,10:41:49,10.7,-0.01,7,7703,卖盘
2138,10:41:46,10.71,0.01,304,325584,买盘
2139,10:41:43,10.7,--,1,1070,卖盘
2140,10:41:40,10.7,--,1,1070,卖盘
2141,10:41:31,10.7,-0.01,6,6420,卖盘
2142,10:41:25,10.71,--,574,615546,卖盘
2143,10:41:22,10.71,--,200,214200,卖盘
2144,10:41:19,10.71,--,20,21420,卖盘
2145,10:41:16,10.71,--,14,14994,卖盘
2146,10:41:07,10.71,--,8,8568,卖盘
2147,10:41:04,10.71,--,65,69615,卖盘
2148,10:40:52,10.71,--,14,14994,卖盘
2149,10:40:49,10.71,-0.01,12,12852,卖盘
2150,10:40:40,10.72,0.01,359,384848,买盘
2151,10:40:37,10.71,-0.01,15,16065,卖盘
2152,10:40:31,10.72,0.01,153,164016,买盘
2153,10:40:28,10.71,--,10,10710,卖盘
2154,10:40:25,10.71,--,168,179928,卖盘
2155,10:40:22,10.71,--,51,54621,卖盘
2156,10:40:19,10.71,--,2,2142,卖盘
2157,10:40:16,10.71,--,329,352359,卖盘
2158,10:40:10,10.71,--,350,374850,卖盘
2159,10:40:07,10.71,--,1,1071,卖盘
2160,10:40:01,10.71,--,7,7497,卖盘
2161,10:39:58,10.71,--,77,82467,卖盘
2162,10:39:52,10.71,--,99,106029,卖盘
2163,10:39:49,10.71,--,28,29988,卖盘
2164,10:39:46,10.71,--,40,42840,卖盘
2165,10:39:34,10.71,--,17,18207,卖盘
2166,10:39:31,10.71,--,58,62118,卖盘
2167,10:39:25,10.71,--,68,72828,卖盘
2168,10:39:22,10.71,-0.01,20,21420,卖盘
2169,10:39:13,10.72,0.01,101,108272,买盘
2170,10:39:10,10.71,--,137,146898,卖盘
2171,10:39:01,10.71,-0.01,29,31059,卖盘
2172,10:38:55,10.72,--,14,15008,买盘
2173,10:38:52,10.72,0.01,1,1072,买盘
2174,10:38:46,10.71,--,20,21420,卖盘
2175,10:38:40,10.71,-0.01,14,14994,卖盘
2176,10:38:37,10.72,0.01,20,21440,买盘
2177,10:38:34,10.71,-0.01,5,5355,卖盘
2178,10:38:25,10.72,--,12,12864,买盘
2179,10:38:22,10.72,0.01,10,10720,买盘
2180,10:38:19,10.71,-0.01,58,62118,卖盘
2181,10:38:13,10.72,--,1,1072,买盘
2182,10:38:10,10.72,0.01,12,12864,买盘
2183,10:38:07,10.71,--,5,5355,卖盘
2184,10:38:04,10.71,-0.01,5,5355,卖盘
2185,10:37:58,10.72,--,106,113632,买盘
2186,10:37:55,10.72,0.01,8,8576,买盘
2187,10:37:49,10.71,-0.01,115,123165,卖盘
2188,10:37:40,10.72,0.01,100,107200,买盘
2189,10:37:37,10.71,-0.01,5,5355,卖盘
2190,10:37:34,10.72,0.01,25,26800,买盘
2191,10:37:25,10.71,-0.01,162,173502,卖盘
2192,10:37:16,10.72,0.01,331,354832,买盘
2193,10:37:13,10.71,--,1142,1223082,卖盘
2194,10:37:07,10.71,--,100,107100,卖盘
2195,10:37:01,10.71,-0.01,15,16065,卖盘
2196,10:36:58,10.72,0.01,2,2144,买盘
2197,10:36:52,10.71,-0.01,251,268821,卖盘
2198,10:36:46,10.72,0.01,1,1072,买盘
2199,10:36:43,10.71,-0.01,4,4284,卖盘
2200,10:36:40,10.72,--,51,54672,买盘
2201,10:36:34,10.72,0.01,226,242272,买盘
2202,10:36:28,10.71,-0.01,174,186354,卖盘
2203,10:36:16,10.72,--,10,10720,买盘
2204,10:36:10,10.72,--,142,152224,卖盘
2205,10:36:04,10.72,--,10,10720,卖盘
2206,10:36:01,10.72,--,5,5360,卖盘
2207,10:35:58,10.72,--,25,26800,卖盘
2208,10:35:55,10.72,--,333,356976,买盘
2209,10:35:49,10.72,0.01,16,17152,买盘
2210,10:35:43,10.71,-0.01,167,178857,卖盘
2211,10:35:40,10.72,--,16,17152,买盘
2212,10:35:37,10.72,0.01,94,100768,买盘
2213,10:35:34,10.71,--,38,40698,卖盘
2214,10:35:31,10.71,--,36,38556,卖盘
2215,10:35:19,10.71,--,110,117810,卖盘
2216,10:35:10,10.71,-0.01,2,2142,卖盘
2217,10:35:07,10.72,--,1,1072,买盘
2218,10:35:01,10.72,--,75,80400,买盘
2219,10:34:55,10.72,0.01,34,36448,买盘
2220,10:34:49,10.71,-0.01,5,5355,卖盘
2221,10:34:46,10.72,0.01,31,33232,买盘
2222,10:34:43,10.71,-0.01,21,22491,卖盘
2223,10:34:40,10.72,--,1000,1072000,买盘
2224,10:34:34,10.72,0.01,54,57888,买盘
2225,10:34:31,10.71,--,5,5355,卖盘
2226,10:34:22,10.71,-0.01,32,34272,卖盘
2227,10:34:19,10.72,--,3,3216,买盘
2228,10:34:13,10.72,0.01,25,26800,买盘
2229,10:34:10,10.71,--,25,26775,卖盘
2230,10:34:04,10.71,--,150,160650,卖盘
2231,10:34:01,10.71,--,120,128520,卖盘
2232,10:33:54,10.71,-0.02,19,20349,卖盘
2233,10:33:51,10.73,0.02,4,4292,买盘
2234,10:33:48,10.71,-0.01,9,9639,卖盘
2235,10:33:45,10.72,--,71,76112,卖盘
2236,10:33:42,10.72,-0.01,33,35376,卖盘
2237,10:33:39,10.73,0.01,21,22533,买盘
2238,10:33:36,10.72,--,13,13936,卖盘
2239,10:33:30,10.72,--,129,138288,买盘
2240,10:33:24,10.72,0.01,43,46096,买盘
2241,10:33:21,10.71,--,19,20349,卖盘
2242,10:33:18,10.71,--,22,23562,卖盘
2243,10:33:15,10.71,--,34,36414,卖盘
2244,10:33:12,10.71,-0.02,240,257040,卖盘
2245,10:33:09,10.73,0.02,297,318681,买盘
2246,10:33:03,10.71,-0.01,5,5355,卖盘
2247,10:33:00,10.72,--,5,5360,买盘
2248,10:32:57,10.72,--,13,13936,买盘
2249,10:32:54,10.72,--,14,15008,买盘
2250,10:32:51,10.72,--,35,37520,买盘
2251,10:32:45,10.72,--,39,41808,买盘
2252,10:32:42,10.72,0.01,10,10720,买盘
2253,10:32:39,10.71,-0.01,120,128616,卖盘
2254,10:32:36,10.72,0.01,42,45024,买盘
2255,10:32:33,10.71,--,6,6426,卖盘
2256,10:32:30,10.71,--,6,6426,卖盘
2257,10:32:27,10.71,-0.01,12,12852,卖盘
2258,10:32:24,10.72,0.01,118,126496,买盘
2259,10:32:21,10.71,-0.01,57,61047,卖盘
2260,10:32:18,10.72,--,4,4288,买盘
2261,10:32:15,10.72,--,15,16080,买盘
2262,10:32:06,10.72,--,210,225120,买盘
2263,10:32:03,10.72,--,45,48240,买盘
2264,10:32:00,10.72,--,1031,1105232,买盘
2265,10:31:54,10.72,--,113,121136,买盘
2266,10:31:51,10.72,--,62,66464,买盘
2267,10:31:42,10.72,--,550,589600,买盘
2268,10:31:36,10.72,--,8,8576,买盘
2269,10:31:33,10.72,0.01,1345,1441840,买盘
2270,10:31:24,10.71,--,20,21420,卖盘
2271,10:31:21,10.71,--,120,128520,卖盘
2272,10:31:15,10.71,-0.01,41,43911,卖盘
2273,10:31:12,10.72,0.01,40,42880,买盘
2274,10:31:09,10.71,-0.01,19,20349,卖盘
2275,10:31:06,10.72,0.01,102,109344,买盘
2276,10:31:03,10.71,--,111,118881,卖盘
2277,10:31:00,10.71,-0.01,14,14994,卖盘
2278,10:30:57,10.72,--,37,39664,买盘
2279,10:30:54,10.72,0.01,614,658208,买盘
2280,10:30:51,10.71,--,20,21420,卖盘
2281,10:30:48,10.71,-0.01,6,6426,卖盘
2282,10:30:42,10.72,--,1,1072,买盘
2283,10:30:39,10.72,--,30,32160,买盘
2284,10:30:33,10.72,0.01,139,149008,买盘
2285,10:30:30,10.71,0.01,6,6426,中性盘
2286,10:30:24,10.7,--,161,172270,卖盘
2287,10:30:21,10.7,-0.02,24,25680,卖盘
2288,10:30:18,10.72,0.02,16,17152,买盘
2289,10:30:15,10.7,-0.02,7,7489,卖盘
2290,10:30:09,10.72,--,50,53600,买盘
2291,10:30:06,10.72,0.02,213,228336,买盘
2292,10:30:00,10.7,-0.01,83,88810,卖盘
2293,10:29:57,10.71,--,117,125307,卖盘
2294,10:29:54,10.71,-0.01,27,28917,卖盘
2295,10:29:48,10.72,0.01,11,11792,买盘
2296,10:29:45,10.71,-0.01,100,107100,卖盘
2297,10:29:39,10.72,0.01,147,157584,买盘
2298,10:29:33,10.71,--,127,136017,卖盘
2299,10:29:30,10.71,--,5,5355,卖盘
2300,10:29:24,10.71,--,10,10710,卖盘
2301,10:29:18,10.71,-0.01,95,101745,卖盘
2302,10:29:12,10.72,--,95,101840,买盘
2303,10:29:06,10.72,--,24,25728,买盘
2304,10:29:03,10.72,0.01,10,10720,买盘
2305,10:29:00,10.71,--,10,10710,卖盘
2306,10:28:57,10.71,--,4,4284,卖盘
2307,10:28:54,10.71,--,25,26775,卖盘
2308,10:28:45,10.71,--,211,225981,卖盘
2309,10:28:42,10.71,--,10,10710,卖盘
2310,10:28:39,10.71,--,45,48195,卖盘
2311,10:28:33,10.71,-0.01,25,26775,卖盘
2312,10:28:30,10.72,0.01,10,10720,买盘
2313,10:28:27,10.71,--,5,5355,卖盘
2314,10:28:24,10.71,-0.01,16,17136,卖盘
2315,10:28:18,10.72,0.01,3,3216,买盘
2316,10:28:15,10.71,--,101,108171,卖盘
2317,10:28:09,10.71,--,115,123165,卖盘
2318,10:28:06,10.71,-0.01,14,14994,卖盘
2319,10:28:00,10.72,0.01,236,252992,买盘
2320,10:27:48,10.71,-0.01,10,10710,卖盘
2321,10:27:45,10.72,--,55,58960,买盘
2322,10:27:36,10.72,--,10,10720,买盘
2323,10:27:33,10.72,--,154,165088,买盘
2324,10:27:30,10.72,--,166,177952,买盘
2325,10:27:27,10.72,--,106,113632,买盘
2326,10:27:21,10.72,0.01,23,24656,买盘
2327,10:27:15,10.71,-0.01,196,209916,卖盘
2328,10:27:06,10.72,--,100,107200,买盘
2329,10:27:03,10.72,--,69,73968,买盘
2330,10:27:00,10.72,--,42,45024,买盘
2331,10:26:54,10.72,0.01,16,17152,买盘
2332,10:26:51,10.71,--,10,10710,卖盘
2333,10:26:42,10.71,-0.01,4,4284,卖盘
2334,10:26:39,10.72,0.01,18,19296,买盘
2335,10:26:36,10.71,-0.01,10,10710,卖盘
2336,10:26:33,10.72,0.01,119,127568,买盘
2337,10:26:21,10.71,--,4,4284,卖盘
2338,10:26:12,10.71,--,18,19278,卖盘
2339,10:26:09,10.71,-0.01,56,59976,卖盘
2340,10:26:06,10.72,--,100,107200,买盘
2341,10:26:00,10.72,--,112,120064,买盘
2342,10:25:57,10.72,0.01,110,117920,买盘
2343,10:25:54,10.71,--,14,14994,卖盘
2344,10:25:51,10.71,--,7,7497,卖盘
2345,10:25:48,10.71,--,100,107100,卖盘
2346,10:25:39,10.71,--,152,162792,卖盘
2347,10:25:36,10.71,-0.01,64,68544,卖盘
2348,10:25:33,10.72,0.01,9,9648,买盘
2349,10:25:24,10.71,--,9,9639,卖盘
2350,10:25:15,10.71,-0.01,4,4284,卖盘
2351,10:25:12,10.72,0.01,20,21440,买盘
2352,10:25:09,10.71,--,11,11781,卖盘
2353,10:25:03,10.71,--,5,5355,卖盘
2354,10:25:00,10.71,0.01,14,14994,卖盘
2355,10:24:51,10.7,-0.01,109,116629,卖盘
2356,10:24:45,10.71,--,10,10710,买盘
2357,10:24:42,10.71,--,1,1071,买盘
2358,10:24:36,10.71,--,71,76041,买盘
2359,10:24:33,10.71,0.01,4,4284,买盘
2360,10:24:30,10.7,-0.01,5,5350,卖盘
2361,10:24:24,10.71,--,37,39627,买盘
2362,10:24:21,10.71,--,22,23562,卖盘
2363,10:24:15,10.71,0.01,131,140301,买盘
2364,10:24:12,10.7,-0.01,17,18190,卖盘
2365,10:24:09,10.71,--,28,29988,买盘
2366,10:24:03,10.71,--,9,9639,买盘
2367,10:23:57,10.71,--,185,198135,买盘
2368,10:23:51,10.71,--,25,26775,买盘
2369,10:23:42,10.71,0.01,30,32130,买盘
2370,10:23:33,10.7,--,2,2140,卖盘
2371,10:23:30,10.7,-0.01,15,16049,卖盘
2372,10:23:27,10.71,0.01,361,386631,买盘
2373,10:23:24,10.7,--,30,32099,卖盘
2374,10:23:18,10.7,--,4,4280,卖盘
2375,10:23:03,10.7,-0.01,45,48150,卖盘
2376,10:23:00,10.71,--,1,1071,买盘
2377,10:22:57,10.71,--,107,114597,买盘
2378,10:22:54,10.71,0.01,121,129591,买盘
2379,10:22:36,10.7,--,21,22470,卖盘
2380,10:22:30,10.7,-0.01,5,5350,卖盘
2381,10:22:27,10.71,--,37,39627,买盘
2382,10:22:24,10.71,--,85,91035,买盘
2383,10:22:15,10.71,--,31,33201,买盘
2384,10:22:09,10.71,--,78,83538,买盘
2385,10:22:03,10.71,0.01,112,120273,买盘
2386,10:22:00,10.7,-0.01,12,12840,卖盘
2387,10:21:57,10.71,--,105,112455,买盘
2388,10:21:42,10.71,--,31,33201,买盘
2389,10:21:39,10.71,--,14,14994,买盘
2390,10:21:36,10.71,0.01,50,53550,买盘
2391,10:21:30,10.7,-0.01,5,5350,卖盘
2392,10:21:27,10.71,0.01,107,114597,买盘
2393,10:21:21,10.7,--,29,31029,卖盘
2394,10:21:12,10.7,-0.01,4,4280,卖盘
2395,10:21:09,10.71,0.01,10,10710,买盘
2396,10:21:03,10.7,-0.01,7,7489,卖盘
2397,10:21:00,10.71,0.01,11,11781,买盘
2398,10:20:45,10.7,-0.02,29,31029,卖盘
2399,10:20:42,10.72,0.01,101,108272,买盘
2400,10:20:39,10.71,0.01,100,107100,买盘
2401,10:20:36,10.7,--,651,696570,卖盘
2402,10:20:33,10.7,-0.01,5,5350,卖盘
2403,10:20:30,10.71,0.01,15,16065,买盘
2404,10:20:21,10.7,-0.01,2,2140,卖盘
2405,10:20:06,10.71,--,100,107100,买盘
2406,10:20:03,10.71,0.01,25,26775,买盘
2407,10:20:00,10.7,-0.01,8,8560,卖盘
2408,10:19:54,10.71,0.01,47,50337,买盘
2409,10:19:51,10.7,--,10,10700,卖盘
2410,10:19:48,10.7,--,3,3210,卖盘
2411,10:19:45,10.7,--,127,135890,买盘
2412,10:19:42,10.7,0.01,110,117699,买盘
2413,10:19:39,10.69,--,109,116521,卖盘
2414,10:19:33,10.69,-0.01,41,43829,卖盘
2415,10:19:27,10.7,--,19,20330,卖盘
2416,10:19:24,10.7,--,276,295320,卖盘
2417,10:19:21,10.7,--,195,208650,卖盘
2418,10:19:18,10.7,--,5,5350,卖盘
2419,10:19:12,10.7,--,94,100580,买盘
2420,10:19:09,10.7,--,127,135890,买盘
2421,10:19:06,10.7,--,13,13909,买盘
2422,10:19:03,10.7,--,17,18190,卖盘
2423,10:19:00,10.7,0.01,5,5350,卖盘
2424,10:18:57,10.69,-0.01,40,42760,卖盘
2425,10:18:54,10.7,0.01,7,7489,买盘
2426,10:18:48,10.69,--,5,5345,卖盘
2427,10:18:42,10.69,--,6,6414,卖盘
2428,10:18:33,10.69,--,66,70554,卖盘
2429,10:18:30,10.69,-0.01,50,53450,卖盘
2430,10:18:27,10.7,--,24,25680,买盘
2431,10:18:24,10.7,0.01,104,111279,买盘
2432,10:18:21,10.69,-0.01,3,3207,卖盘
2433,10:18:15,10.7,-0.01,14,14979,买盘
2434,10:18:09,10.71,--,100,107100,买盘
2435,10:18:03,10.71,0.02,101,108171,买盘
2436,10:18:00,10.69,-0.01,10,10690,卖盘
2437,10:17:57,10.7,--,61,65869,卖盘
2438,10:17:54,10.7,--,173,185110,卖盘
2439,10:17:51,10.7,-0.01,20,21400,卖盘
2440,10:17:45,10.71,0.01,46,49266,买盘
2441,10:17:42,10.7,--,64,68480,卖盘
2442,10:17:36,10.7,--,7,7489,卖盘
2443,10:17:33,10.7,--,24,25680,卖盘
2444,10:17:30,10.7,--,50,53500,卖盘
2445,10:17:27,10.7,--,232,248239,卖盘
2446,10:17:24,10.7,--,22,23540,卖盘
2447,10:17:21,10.7,--,148,158745,卖盘
2448,10:17:15,10.7,--,39,41730,卖盘
2449,10:17:12,10.7,--,22,23540,卖盘
2450,10:17:09,10.7,-0.01,131,140170,卖盘
2451,10:17:06,10.71,--,59,63189,卖盘
2452,10:17:03,10.71,--,43,46053,卖盘
2453,10:16:57,10.71,--,18,19278,卖盘
2454,10:16:54,10.71,--,26,27846,买盘
2455,10:16:51,10.71,--,15,16065,卖盘
2456,10:16:45,10.71,0.01,137,146727,卖盘
2457,10:16:42,10.7,--,76,81320,卖盘
2458,10:16:39,10.7,--,85,90950,卖盘
2459,10:16:36,10.7,-0.01,31,33170,卖盘
2460,10:16:33,10.71,0.01,10,10710,买盘
2461,10:16:30,10.7,-0.01,175,187250,卖盘
2462,10:16:27,10.71,-0.01,57,61047,卖盘
2463,10:16:24,10.72,0.02,1146,1228512,买盘
2464,10:16:21,10.7,--,57,60989,卖盘
2465,10:16:15,10.7,--,43,46010,卖盘
2466,10:16:12,10.7,--,110,117699,卖盘
2467,10:16:03,10.7,-0.01,5,5350,卖盘
2468,10:15:57,10.71,0.01,191,204561,买盘
2469,10:15:48,10.7,-0.01,15,16049,卖盘
2470,10:15:42,10.71,0.01,82,87822,买盘
2471,10:15:39,10.7,--,211,225769,卖盘
2472,10:15:33,10.7,--,1,1070,卖盘
2473,10:15:30,10.7,-0.01,304,325280,卖盘
2474,10:15:27,10.71,--,101,108171,买盘
2475,10:15:24,10.71,--,37,39627,买盘
2476,10:15:21,10.71,0.01,3,3213,买盘
2477,10:15:18,10.7,-0.01,5,5350,卖盘
2478,10:15:15,10.71,--,49,52479,买盘
2479,10:15:12,10.71,--,12,12852,买盘
2480,10:15:06,10.71,0.01,130,139230,买盘
2481,10:15:03,10.7,--,150,160500,卖盘
2482,10:14:57,10.7,--,20,21400,卖盘
2483,10:14:54,10.7,-0.01,3,3210,卖盘
2484,10:14:48,10.71,--,14,14994,买盘
2485,10:14:38,10.71,0.01,90,96390,买盘
2486,10:14:29,10.7,--,75,80250,卖盘
2487,10:14:26,10.7,--,44,47080,卖盘
2488,10:14:23,10.7,--,33,35310,卖盘
2489,10:14:20,10.7,--,80,85600,卖盘
2490,10:14:14,10.7,-0.01,3,3210,卖盘
2491,10:14:08,10.71,--,105,112455,买盘
2492,10:14:05,10.71,--,205,219555,买盘
2493,10:13:59,10.71,0.01,381,408051,买盘
2494,10:13:56,10.7,-0.01,30,32099,卖盘
2495,10:13:50,10.71,0.01,43,46053,买盘
2496,10:13:47,10.7,--,133,142395,买盘
2497,10:13:44,10.7,--,15,16049,买盘
2498,10:13:41,10.7,--,1010,1080700,买盘
2499,10:13:38,10.7,0.01,30,32099,买盘
2500,10:13:29,10.69,-0.01,5,5345,卖盘
2501,10:13:05,10.7,0.01,100,107000,买盘
2502,10:13:02,10.69,--,5,5345,卖盘
2503,10:12:59,10.69,--,50,53450,卖盘
2504,10:12:53,10.69,--,5,5345,卖盘
2505,10:12:50,10.69,--,118,126142,买盘
2506,10:12:47,10.69,--,313,334597,买盘
2507,10:12:44,10.69,--,1034,1105346,买盘
2508,10:12:41,10.69,0.01,11,11759,买盘
2509,10:12:32,10.68,--,74,79032,卖盘
2510,10:12:26,10.68,--,5,5340,卖盘
2511,10:12:23,10.68,--,58,61944,卖盘
2512,10:12:20,10.68,-0.01,15,16020,卖盘
2513,10:12:17,10.69,--,150,160350,买盘
2514,10:12:14,10.69,0.01,53,56657,买盘
2515,10:12:08,10.68,-0.01,606,647208,卖盘
2516,10:12:05,10.69,0.01,191,204179,买盘
2517,10:12:02,10.68,--,29,30972,卖盘
2518,10:11:59,10.68,-0.01,5,5340,卖盘
2519,10:11:56,10.69,0.01,33,35277,买盘
2520,10:11:53,10.68,-0.01,50,53400,卖盘
2521,10:11:50,10.69,0.01,10,10690,买盘
2522,10:11:44,10.68,--,9,9612,卖盘
2523,10:11:38,10.68,-0.01,215,229620,卖盘
2524,10:11:35,10.69,0.01,11,11759,买盘
2525,10:11:32,10.68,--,222,237096,卖盘
2526,10:11:26,10.68,-0.01,11,11748,卖盘
2527,10:11:23,10.69,--,53,56657,买盘
2528,10:11:14,10.69,0.01,59,63071,买盘
2529,10:11:11,10.68,--,181,193308,卖盘
2530,10:11:05,10.68,--,167,178356,卖盘
2531,10:11:02,10.68,-0.01,32,34176,卖盘
2532,10:10:59,10.69,--,295,315355,买盘
2533,10:10:56,10.69,0.01,105,112245,买盘
2534,10:10:50,10.68,-0.01,13,13884,卖盘
2535,10:10:47,10.69,--,1282,1371441,卖盘
2536,10:10:44,10.69,-0.01,9,9834,卖盘
2537,10:10:38,10.7,0.01,387,414090,买盘
2538,10:10:35,10.69,-0.01,10,10690,卖盘
2539,10:10:32,10.7,0.01,24,25680,买盘
2540,10:10:29,10.69,-0.01,16,17104,卖盘
2541,10:10:23,10.7,--,30,32099,买盘
2542,10:10:20,10.7,0.01,49,52430,买盘
2543,10:10:17,10.69,--,176,188144,卖盘
2544,10:10:11,10.69,-0.01,19,21251,卖盘
2545,10:10:08,10.7,--,132,141240,买盘
2546,10:10:05,10.7,0.01,73,78110,买盘
2547,10:09:59,10.69,-0.01,68,72692,卖盘
2548,10:09:56,10.7,0.01,19,20330,买盘
2549,10:09:53,10.69,--,1,1069,卖盘
2550,10:09:50,10.69,-0.01,1,1069,卖盘
2551,10:09:47,10.7,--,5,5350,买盘
2552,10:09:44,10.7,0.01,6,6420,买盘
2553,10:09:41,10.69,--,10,10690,卖盘
2554,10:09:38,10.69,--,46,49174,卖盘
2555,10:09:32,10.69,--,15,16035,卖盘
2556,10:09:29,10.69,-0.01,31,33139,卖盘
2557,10:09:26,10.7,0.01,55,58849,买盘
2558,10:09:20,10.69,--,1,1069,卖盘
2559,10:09:17,10.69,-0.01,24,25656,卖盘
2560,10:09:14,10.7,--,10,10700,买盘
2561,10:09:11,10.7,0.01,150,160500,买盘
2562,10:09:08,10.69,-0.01,50,53450,卖盘
2563,10:09:02,10.7,0.01,113,120909,买盘
2564,10:08:59,10.69,--,111,118659,卖盘
2565,10:08:56,10.69,-0.01,1435,1534015,卖盘
2566,10:08:53,10.7,--,67,71690,卖盘
2567,10:08:50,10.7,--,23,24610,卖盘
2568,10:08:44,10.7,--,249,266430,卖盘
2569,10:08:41,10.7,--,5,5350,卖盘
2570,10:08:38,10.7,--,7,7489,卖盘
2571,10:08:35,10.7,--,10,10700,卖盘
2572,10:08:32,10.7,-0.01,5,5350,卖盘
2573,10:08:29,10.71,0.01,41,43911,买盘
2574,10:08:26,10.7,-0.01,5,5350,卖盘
2575,10:08:20,10.71,--,200,214200,买盘
2576,10:08:17,10.71,--,23,24633,买盘
2577,10:08:11,10.71,--,193,206703,买盘
2578,10:08:08,10.71,0.01,101,108171,买盘
2579,10:08:05,10.7,--,124,132680,卖盘
2580,10:07:56,10.7,--,239,255729,卖盘
2581,10:07:53,10.7,--,140,149800,卖盘
2582,10:07:50,10.7,-0.01,5,5350,卖盘
2583,10:07:47,10.71,0.01,9,9639,买盘
2584,10:07:44,10.7,-0.01,380,406600,卖盘
2585,10:07:41,10.71,0.01,219,234549,买盘
2586,10:07:38,10.7,--,538,575660,卖盘
2587,10:07:32,10.7,-0.01,105,112349,卖盘
2588,10:07:29,10.71,--,5,5355,买盘
2589,10:07:20,10.71,0.01,4,4284,买盘
2590,10:07:17,10.7,--,5,5350,卖盘
2591,10:07:14,10.7,-0.01,61,65269,卖盘
2592,10:07:11,10.71,0.01,44,47124,买盘
2593,10:07:08,10.7,--,164,175480,卖盘
2594,10:07:02,10.7,-0.01,5,5350,卖盘
2595,10:06:59,10.71,0.01,5,5355,买盘
2596,10:06:53,10.7,--,100,107000,卖盘
2597,10:06:47,10.7,--,51,54570,卖盘
2598,10:06:44,10.7,--,51,54570,卖盘
2599,10:06:41,10.7,--,54,57779,卖盘
2600,10:06:38,10.7,--,18,19260,卖盘
2601,10:06:35,10.7,--,5,5350,卖盘
2602,10:06:32,10.7,--,84,89880,卖盘
2603,10:06:29,10.7,-0.01,147,157290,卖盘
2604,10:06:26,10.71,0.01,11,11781,买盘
2605,10:06:23,10.7,-0.01,159,171093,卖盘
2606,10:06:11,10.71,0.01,113,121023,买盘
2607,10:06:08,10.7,--,121,129469,卖盘
2608,10:06:05,10.7,--,29,31029,卖盘
2609,10:06:02,10.7,--,20,21400,卖盘
2610,10:05:50,10.7,-0.01,75,80250,卖盘
2611,10:05:47,10.71,0.01,198,212058,买盘
2612,10:05:41,10.7,--,40,42800,卖盘
2613,10:05:35,10.7,--,9,9630,卖盘
2614,10:05:32,10.7,--,37,39590,卖盘
2615,10:05:29,10.7,--,67,71690,卖盘
2616,10:05:26,10.7,-0.01,9,9630,卖盘
2617,10:05:23,10.71,0.01,2,2142,买盘
2618,10:05:17,10.7,--,22,23540,卖盘
2619,10:05:11,10.7,-0.01,98,104860,卖盘
2620,10:05:08,10.71,0.01,139,148869,买盘
2621,10:05:05,10.7,--,213,227909,卖盘
2622,10:05:02,10.7,-0.01,73,78110,卖盘
2623,10:04:59,10.71,0.01,30,32130,买盘
2624,10:04:56,10.7,-0.01,555,593850,卖盘
2625,10:04:53,10.71,0.01,111,118881,买盘
2626,10:04:50,10.7,--,16,17120,卖盘
2627,10:04:47,10.7,--,170,181900,卖盘
2628,10:04:44,10.7,-0.01,1108,1185560,卖盘
2629,10:04:41,10.71,0.01,5,5355,买盘
2630,10:04:38,10.7,--,51,54570,卖盘
2631,10:04:29,10.7,-0.01,29,31029,卖盘
2632,10:04:23,10.71,--,2,2142,买盘
2633,10:04:20,10.71,--,43,46053,买盘
2634,10:04:17,10.71,0.01,348,372708,买盘
2635,10:04:11,10.7,-0.01,58,62059,卖盘
2636,10:04:08,10.71,--,45,48195,买盘
2637,10:04:05,10.71,0.01,215,230265,买盘
2638,10:04:02,10.7,-0.01,5,5350,卖盘
2639,10:03:59,10.71,0.01,119,127449,买盘
2640,10:03:56,10.7,-0.01,12,12840,卖盘
2641,10:03:53,10.71,0.01,98,104958,买盘
2642,10:03:47,10.7,-0.01,58,62059,卖盘
2643,10:03:44,10.71,0.01,20,21420,买盘
2644,10:03:41,10.7,--,153,163710,卖盘
2645,10:03:38,10.7,--,226,241819,卖盘
2646,10:03:35,10.7,--,368,393760,卖盘
2647,10:03:32,10.7,-0.01,10,10700,卖盘
2648,10:03:29,10.71,0.01,26,27846,买盘
2649,10:03:23,10.7,-0.01,19,20330,卖盘
2650,10:03:20,10.71,0.01,87,93177,买盘
2651,10:03:17,10.7,--,40,42800,卖盘
2652,10:03:11,10.7,--,19,20330,卖盘
2653,10:03:08,10.7,--,94,100580,卖盘
2654,10:03:05,10.7,-0.01,33,35310,卖盘
2655,10:03:02,10.71,--,55,58905,买盘
2656,10:02:59,10.71,0.01,37,39627,中性盘
2657,10:02:56,10.7,-0.01,460,492199,卖盘
2658,10:02:53,10.71,--,113,121023,卖盘
2659,10:02:50,10.71,-0.01,113,121023,卖盘
2660,10:02:47,10.72,0.01,199,213328,买盘
2661,10:02:41,10.71,--,169,180999,卖盘
2662,10:02:38,10.71,--,694,743274,卖盘
2663,10:02:35,10.71,--,18,19278,卖盘
2664,10:02:32,10.71,--,231,247401,卖盘
2665,10:02:26,10.71,--,12,12852,卖盘
2666,10:02:17,10.71,-0.01,106,113708,卖盘
2667,10:02:14,10.72,--,15,16080,买盘
2668,10:02:11,10.72,0.01,100,107200,买盘
2669,10:02:08,10.71,--,12,12852,卖盘
2670,10:02:05,10.71,-0.01,1,1071,卖盘
2671,10:02:02,10.72,0.01,210,225120,买盘
2672,10:01:59,10.71,-0.01,56,59976,卖盘
2673,10:01:53,10.72,0.01,4,4288,买盘
2674,10:01:50,10.71,-0.01,128,137088,卖盘
2675,10:01:44,10.72,0.01,61,65392,买盘
2676,10:01:41,10.71,-0.01,40,42840,卖盘
2677,10:01:32,10.72,--,114,122208,买盘
2678,10:01:29,10.72,0.01,44,47168,买盘
2679,10:01:23,10.71,-0.01,30,32130,卖盘
2680,10:01:20,10.72,--,10,10720,买盘
2681,10:01:14,10.72,--,87,93264,买盘
2682,10:01:05,10.72,0.01,151,161872,买盘
2683,10:01:02,10.71,--,5,5355,卖盘
2684,10:00:59,10.71,-0.01,1200,1285200,卖盘
2685,10:00:56,10.72,--,6,6432,买盘
2686,10:00:53,10.72,--,40,42880,买盘
2687,10:00:44,10.72,--,3,3216,买盘
2688,10:00:38,10.72,--,80,85760,买盘
2689,10:00:35,10.72,--,16,17152,买盘
2690,10:00:29,10.72,--,20,21440,买盘
2691,10:00:26,10.72,--,30,32160,买盘
2692,10:00:23,10.72,--,49,52528,卖盘
2693,10:00:20,10.72,--,106,113632,卖盘
2694,10:00:14,10.72,-0.01,538,576736,卖盘
2695,10:00:11,10.73,--,110,118030,买盘
2696,10:00:08,10.73,0.01,150,160950,买盘
2697,09:59:59,10.72,--,5,5360,卖盘
2698,09:59:56,10.72,--,10,10720,卖盘
2699,09:59:53,10.72,-0.01,6,6432,卖盘
2700,09:59:50,10.73,--,20,21460,买盘
2701,09:59:44,10.73,--,656,703888,买盘
2702,09:59:41,10.73,--,23,24679,买盘
2703,09:59:38,10.73,0.01,571,612683,买盘
2704,09:59:35,10.72,--,2,2144,卖盘
2705,09:59:32,10.72,-0.01,205,219760,卖盘
2706,09:59:26,10.73,0.01,558,598734,买盘
2707,09:59:23,10.72,-0.01,46,49312,卖盘
2708,09:59:20,10.73,--,2,2146,买盘
2709,09:59:17,10.73,--,31,33263,买盘
2710,09:59:14,10.73,--,6,6438,买盘
2711,09:59:11,10.73,--,135,144855,买盘
2712,09:59:08,10.73,0.01,25,26825,买盘
2713,09:59:05,10.72,--,55,58960,卖盘
2714,09:59:02,10.72,--,45,48240,卖盘
2715,09:58:56,10.72,-0.01,370,396640,卖盘
2716,09:58:53,10.73,--,1014,1088022,买盘
2717,09:58:50,10.73,--,1903,2041919,买盘
2718,09:58:44,10.73,--,120,128760,买盘
2719,09:58:41,10.73,0.01,53,56869,买盘
2720,09:58:38,10.72,-0.01,39,41808,卖盘
2721,09:58:35,10.73,--,342,366966,买盘
2722,09:58:32,10.73,0.01,83,89059,买盘
2723,09:58:29,10.72,--,112,120064,卖盘
2724,09:58:26,10.72,-0.01,100,107200,卖盘
2725,09:58:23,10.73,--,20,21460,买盘
2726,09:58:20,10.73,0.01,1139,1222147,买盘
2727,09:58:14,10.72,--,37,39664,卖盘
2728,09:58:11,10.72,--,195,209040,卖盘
2729,09:58:08,10.72,--,2,2144,卖盘
2730,09:58:02,10.72,-0.01,23,24656,卖盘
2731,09:57:59,10.73,--,7,7511,买盘
2732,09:57:56,10.73,0.01,6,6438,买盘
2733,09:57:53,10.72,--,11,11792,卖盘
2734,09:57:47,10.72,-0.01,75,80400,卖盘
2735,09:57:44,10.73,0.01,12,12876,买盘
2736,09:57:38,10.72,-0.01,11,11792,卖盘
2737,09:57:35,10.73,0.01,84,90132,买盘
2738,09:57:32,10.72,--,41,43952,卖盘
2739,09:57:26,10.72,--,10,10720,卖盘
2740,09:57:23,10.72,--,3,3216,卖盘
2741,09:57:20,10.72,--,100,107200,卖盘
2742,09:57:17,10.72,-0.01,258,276576,卖盘
2743,09:57:11,10.73,0.01,10,10730,买盘
2744,09:57:08,10.72,0.01,32,34304,中性盘
2745,09:57:02,10.71,-0.01,144,154224,卖盘
2746,09:56:59,10.72,--,41,44380,卖盘
2747,09:56:50,10.72,--,31,33875,买盘
2748,09:56:47,10.72,--,22,24012,卖盘
2749,09:56:41,10.72,0.01,125,134643,买盘
2750,09:56:38,10.71,--,190,203490,卖盘
2751,09:56:35,10.71,--,293,313803,卖盘
2752,09:56:29,10.71,--,275,294525,卖盘
2753,09:56:26,10.71,-0.01,182,194922,卖盘
2754,09:56:20,10.72,--,203,217616,买盘
2755,09:56:11,10.72,--,1278,1370016,买盘
2756,09:56:08,10.72,--,158,169376,买盘
2757,09:56:05,10.72,--,37,39664,买盘
2758,09:56:02,10.72,0.01,7,7504,买盘
2759,09:55:59,10.71,--,35,37485,卖盘
2760,09:55:56,10.71,-0.01,100,107100,卖盘
2761,09:55:53,10.72,0.01,17,18224,买盘
2762,09:55:50,10.71,--,122,130662,卖盘
2763,09:55:47,10.71,--,10,10710,卖盘
2764,09:55:44,10.71,--,355,380205,卖盘
2765,09:55:38,10.71,--,52,55692,卖盘
2766,09:55:32,10.71,-0.01,29,31059,卖盘
2767,09:55:29,10.72,0.01,9,9648,买盘
2768,09:55:26,10.71,--,200,214200,卖盘
2769,09:55:22,10.71,--,120,128520,卖盘
2770,09:55:19,10.71,--,75,80325,卖盘
2771,09:55:13,10.71,--,82,87822,卖盘
2772,09:55:10,10.71,--,6,6426,卖盘
2773,09:55:07,10.71,--,144,154224,买盘
2774,09:55:04,10.71,0.01,31,33201,中性盘
2775,09:54:55,10.7,-0.01,231,247169,卖盘
2776,09:54:52,10.71,--,22,23562,卖盘
2777,09:54:49,10.71,0.01,58,62118,买盘
2778,09:54:46,10.7,--,20,21400,卖盘
2779,09:54:43,10.7,-0.01,130,139100,卖盘
2780,09:54:40,10.71,--,157,168147,卖盘
2781,09:54:34,10.71,--,105,112455,卖盘
2782,09:54:31,10.71,0.01,128,137088,中性盘
2783,09:54:22,10.7,-0.01,328,350960,卖盘
2784,09:54:19,10.71,--,28,29988,买盘
2785,09:54:16,10.71,--,39,41769,买盘
2786,09:54:13,10.71,--,59,63189,买盘
2787,09:54:10,10.71,--,91,97461,买盘
2788,09:54:07,10.71,--,18,19278,买盘
2789,09:54:04,10.71,--,124,132804,买盘
2790,09:54:01,10.71,--,2192,2348060,卖盘
2791,09:53:58,10.71,--,11,11781,卖盘
2792,09:53:55,10.71,--,200,214200,卖盘
2793,09:53:52,10.71,--,100,107100,卖盘
2794,09:53:46,10.71,--,25,26775,卖盘
2795,09:53:43,10.71,--,100,107100,卖盘
