,time,price,change,volume,amount,type
0,15:00:21,30.66,0.05,2758,8458971,买盘
1,14:57:38,30.61,--,0,0,买盘
2,14:57:05,30.61,--,3,9305,卖盘
3,14:56:59,30.61,--,22,70280,买盘
4,14:56:56,30.61,--,10,30610,买盘
5,14:56:53,30.61,--,7,21549,买盘
6,14:56:50,30.61,-0.02,18,55098,卖盘
7,14:56:47,30.63,--,2,6126,买盘
8,14:56:44,30.63,--,12,39696,买盘
9,14:56:41,30.63,-0.01,5,15437,卖盘
10,14:56:38,30.64,-0.01,18,58093,卖盘
11,14:56:35,30.65,0.01,47,144177,买盘
12,14:56:32,30.64,--,4,15197,卖盘
13,14:56:29,30.64,0.01,19,58338,中性盘
14,14:56:26,30.63,-0.02,32,100956,中性盘
15,14:56:20,30.65,0.01,605,1856899,买盘
16,14:56:17,30.64,--,54,165456,买盘
17,14:56:14,30.64,--,17,52088,买盘
18,14:56:11,30.64,--,38,116432,买盘
19,14:56:08,30.64,0.01,49,150136,买盘
20,14:56:02,30.63,-0.01,16,49008,卖盘
21,14:55:59,30.64,--,18,55152,买盘
22,14:55:53,30.64,-0.01,229,701656,卖盘
23,14:55:50,30.65,--,96,294240,买盘
24,14:55:47,30.65,0.01,33,101145,买盘
25,14:55:44,30.64,--,28,85792,卖盘
26,14:55:41,30.64,-0.01,65,199160,卖盘
27,14:55:35,30.65,--,35,107275,买盘
28,14:55:32,30.65,--,834,2556210,买盘
29,14:55:29,30.65,-0.01,124,380060,卖盘
30,14:55:26,30.66,--,169,518154,买盘
31,14:55:20,30.66,--,22,67452,买盘
32,14:55:17,30.66,--,18,55188,买盘
33,14:55:14,30.66,0.01,37,113442,买盘
34,14:55:08,30.65,--,29,88885,卖盘
35,14:55:05,30.65,-0.01,16,49040,卖盘
36,14:55:02,30.66,0.01,17,52122,买盘
37,14:54:59,30.65,-0.01,16,49040,买盘
38,14:54:56,30.66,0.01,6,18396,买盘
39,14:54:53,30.65,0.01,396,1213740,卖盘
40,14:54:50,30.64,-0.02,21,64344,卖盘
41,14:54:47,30.66,0.01,136,416976,买盘
42,14:54:44,30.65,-0.01,52,161954,卖盘
43,14:54:41,30.66,--,14,43414,卖盘
44,14:54:38,30.66,--,43,131838,买盘
45,14:54:35,30.66,--,52,159432,卖盘
46,14:54:32,30.66,--,64,196224,卖盘
47,14:54:29,30.66,--,15,45990,卖盘
48,14:54:26,30.66,0.02,305,935743,买盘
49,14:54:23,30.64,-0.01,623,1911323,卖盘
50,14:54:17,30.65,--,5,15325,卖盘
51,14:54:14,30.65,0.01,10,30650,买盘
52,14:54:11,30.64,-0.01,272,833408,卖盘
53,14:54:08,30.65,--,35,107275,买盘
54,14:54:02,30.65,--,19,58725,买盘
55,14:53:59,30.65,--,170,521050,买盘
56,14:53:56,30.65,0.02,40,122600,买盘
57,14:53:50,30.63,-0.02,56,171528,中性盘
58,14:53:47,30.65,0.03,439,1345657,买盘
59,14:53:44,30.62,--,0,2939,卖盘
60,14:53:41,30.62,--,28,85736,中性盘
61,14:53:38,30.62,0.01,247,756436,买盘
62,14:53:35,30.61,--,16,51914,卖盘
63,14:53:32,30.61,0.01,82,251002,买盘
64,14:53:26,30.6,--,48,146880,卖盘
65,14:53:23,30.6,--,158,484092,卖盘
66,14:53:20,30.6,0.05,121,372096,买盘
67,14:53:17,30.55,--,28,85540,卖盘
68,14:53:14,30.55,0.03,31,94705,买盘
69,14:53:11,30.52,--,23,71538,买盘
70,14:53:08,30.52,--,36,109872,买盘
71,14:53:05,30.52,-0.08,958,2923816,卖盘
72,14:53:02,30.6,--,42,131457,买盘
73,14:52:53,30.6,0.02,245,749822,买盘
74,14:52:50,30.58,0.02,6,21283,买盘
75,14:52:47,30.56,0.01,1030,3147680,买盘
76,14:52:41,30.55,--,0,611,卖盘
77,14:52:38,30.55,-0.01,30,91650,卖盘
78,14:52:35,30.56,--,102,311712,买盘
79,14:52:32,30.56,--,7,21392,买盘
80,14:52:29,30.56,0.01,23,70288,买盘
81,14:52:26,30.55,0.02,138,423911,买盘
82,14:52:23,30.53,-0.03,892,2724008,卖盘
83,14:52:20,30.56,--,507,1550858,卖盘
84,14:52:17,30.56,--,3,9168,卖盘
85,14:52:14,30.56,--,5,15280,卖盘
86,14:52:11,30.56,--,10,30560,卖盘
87,14:52:08,30.56,0.01,102,311712,买盘
88,14:52:05,30.55,--,19,58045,卖盘
89,14:52:02,30.55,--,61,187454,卖盘
90,14:51:59,30.55,-0.01,54,164970,卖盘
91,14:51:56,30.56,0.01,40,123706,买盘
92,14:51:53,30.55,--,53,161915,卖盘
93,14:51:50,30.55,--,3,9165,卖盘
94,14:51:44,30.55,--,9,27495,卖盘
95,14:51:41,30.55,0.01,165,504075,买盘
96,14:51:38,30.54,--,55,167970,中性盘
97,14:51:35,30.54,0.01,46,140484,买盘
98,14:51:32,30.53,--,29,88537,卖盘
99,14:51:29,30.53,--,2,8059,卖盘
100,14:51:26,30.53,--,28,85484,卖盘
101,14:51:23,30.53,0.01,53,162297,中性盘
102,14:51:20,30.52,-0.02,607,1852564,卖盘
103,14:51:17,30.54,0.02,551,1684830,买盘
104,14:51:14,30.52,-0.01,74,226336,卖盘
105,14:51:11,30.53,-0.01,19,58007,中性盘
106,14:51:08,30.54,0.01,120,366480,买盘
107,14:51:05,30.53,0.01,3,9159,中性盘
108,14:51:02,30.52,-0.02,925,2823100,卖盘
109,14:50:59,30.54,--,67,204618,买盘
110,14:50:56,30.54,--,9,27486,买盘
111,14:50:53,30.54,--,18,54972,买盘
112,14:50:50,30.54,0.01,163,497802,买盘
113,14:50:47,30.53,-0.01,29,88537,卖盘
114,14:50:44,30.54,0.01,23,70242,买盘
115,14:50:38,30.53,-0.02,110,335830,卖盘
116,14:50:35,30.55,0.01,30,91650,买盘
117,14:50:32,30.54,--,28,85512,卖盘
118,14:50:29,30.54,--,150,458100,卖盘
119,14:50:26,30.54,--,88,268752,卖盘
120,14:50:23,30.54,0.01,39,119228,买盘
121,14:50:20,30.53,-0.01,3,9159,卖盘
122,14:50:17,30.54,--,40,122160,买盘
123,14:50:11,30.54,--,5,15270,买盘
124,14:50:08,30.54,0.01,9,27486,买盘
125,14:50:05,30.53,-0.02,12,37490,卖盘
126,14:50:02,30.55,--,477,1458823,卖盘
127,14:49:56,30.55,0.01,8,24440,买盘
128,14:49:53,30.54,-0.01,40,122160,卖盘
129,14:49:50,30.55,0.01,41,125377,买盘
130,14:49:47,30.54,--,132,403128,卖盘
131,14:49:44,30.54,--,70,216711,卖盘
132,14:49:41,30.54,-0.01,41,125336,卖盘
133,14:49:38,30.55,0.01,82,253442,买盘
134,14:49:35,30.54,-0.01,20,61080,卖盘
135,14:49:29,30.55,--,53,162037,买盘
136,14:49:26,30.55,--,8,24440,买盘
137,14:49:23,30.55,--,14,45702,买盘
138,14:49:20,30.55,--,29,89206,买盘
139,14:49:17,30.55,0.01,9,27495,买盘
140,14:49:14,30.54,--,17,51918,卖盘
141,14:49:11,30.54,-0.01,131,400074,卖盘
142,14:49:08,30.55,0.01,206,630185,买盘
143,14:49:05,30.54,--,6,18324,买盘
144,14:49:02,30.54,--,326,998535,买盘
145,14:48:59,30.54,-0.01,2020,6169080,卖盘
146,14:48:56,30.55,--,70,213850,卖盘
147,14:48:53,30.55,--,12,36660,买盘
148,14:48:50,30.55,--,97,296457,买盘
149,14:48:47,30.55,0.01,42,128310,买盘
150,14:48:44,30.54,-0.01,5,15758,卖盘
151,14:48:41,30.55,--,23,70265,买盘
152,14:48:38,30.55,0.01,28,85540,中性盘
153,14:48:35,30.54,-0.01,170,520157,卖盘
154,14:48:32,30.55,--,36,109980,卖盘
155,14:48:29,30.55,--,25,76375,卖盘
156,14:48:26,30.55,-0.01,27,82485,卖盘
157,14:48:20,30.56,0.02,103,314768,买盘
158,14:48:17,30.54,-0.02,116,354264,卖盘
159,14:48:14,30.56,--,10,30560,买盘
160,14:48:11,30.56,--,4,12224,买盘
161,14:48:08,30.56,--,504,1540224,卖盘
162,14:48:05,30.56,-0.02,187,573916,卖盘
163,14:48:02,30.58,-0.02,138,422615,卖盘
164,14:47:59,30.6,0.02,29,88740,买盘
165,14:47:56,30.58,--,103,314974,卖盘
166,14:47:53,30.58,--,26,79508,卖盘
167,14:47:50,30.58,0.01,152,464816,卖盘
168,14:47:47,30.57,0.03,19,58083,买盘
169,14:47:44,30.54,-0.02,75,229050,卖盘
170,14:47:38,30.56,-0.04,47,143632,中性盘
171,14:47:32,30.6,0.03,810,2478600,买盘
172,14:47:29,30.57,0.03,38,116166,买盘
173,14:47:26,30.54,-0.03,68,207672,卖盘
174,14:47:23,30.57,0.01,544,1665698,卖盘
175,14:47:20,30.56,--,124,381877,卖盘
176,14:47:17,30.56,--,21,64298,卖盘
177,14:47:08,30.56,--,44,136786,卖盘
178,14:47:05,30.56,-0.01,89,271984,卖盘
179,14:47:02,30.57,--,174,531918,卖盘
180,14:46:59,30.57,--,11,33627,买盘
181,14:46:56,30.57,--,71,217047,买盘
182,14:46:53,30.57,-0.01,46,140622,卖盘
183,14:46:50,30.58,0.01,124,379192,买盘
184,14:46:47,30.57,0.01,61,186477,买盘
185,14:46:44,30.56,--,149,455832,卖盘
186,14:46:38,30.56,-0.01,172,525632,卖盘
187,14:46:32,30.57,--,627,1916861,买盘
188,14:46:29,30.57,--,2,9048,买盘
189,14:46:26,30.57,-0.01,86,262902,卖盘
190,14:46:23,30.58,0.02,665,2033692,买盘
191,14:46:20,30.56,-0.02,160,488960,卖盘
192,14:46:17,30.58,-0.01,0,2935,卖盘
193,14:46:14,30.59,0.02,25,76597,买盘
194,14:46:11,30.57,--,6,21276,卖盘
195,14:46:05,30.57,--,36,110663,买盘
196,14:46:02,30.57,-0.07,95,290415,卖盘
197,14:45:59,30.64,0.04,30,91920,买盘
198,14:45:56,30.6,-0.04,88,269280,买盘
199,14:45:50,30.64,0.07,76,232864,买盘
200,14:45:47,30.57,-0.01,137,418809,卖盘
201,14:45:44,30.58,0.03,150,458700,中性盘
202,14:45:38,30.55,--,738,2257522,卖盘
203,14:45:35,30.55,-0.01,157,479635,卖盘
204,14:45:32,30.56,0.02,98,299488,买盘
205,14:45:26,30.54,--,306,934524,卖盘
206,14:45:23,30.54,-0.01,125,382238,卖盘
207,14:45:20,30.55,--,40,122200,买盘
208,14:45:17,30.55,--,28,85540,买盘
209,14:45:14,30.55,--,192,586560,卖盘
210,14:45:08,30.55,--,34,103870,卖盘
211,14:45:05,30.55,--,142,433810,卖盘
212,14:45:02,30.55,--,48,146640,卖盘
213,14:44:56,30.55,-0.03,46,140530,卖盘
214,14:44:53,30.58,0.05,30,91740,买盘
215,14:44:50,30.53,-0.01,161,491533,卖盘
216,14:44:47,30.54,0.01,131,400074,中性盘
217,14:44:44,30.53,--,35,107343,买盘
218,14:44:41,30.53,--,51,155703,卖盘
219,14:44:38,30.53,-0.01,16,48848,卖盘
220,14:44:35,30.54,0.02,162,494748,买盘
221,14:44:32,30.52,-0.01,542,1654184,卖盘
222,14:44:29,30.53,0.01,128,390784,买盘
223,14:44:26,30.52,--,123,375396,买盘
224,14:44:20,30.52,0.01,243,741636,买盘
225,14:44:17,30.51,0.01,80,244080,买盘
226,14:44:14,30.5,--,183,558150,卖盘
227,14:44:11,30.5,--,419,1278926,卖盘
228,14:44:08,30.5,-0.01,88,269986,卖盘
229,14:44:05,30.51,0.01,130,397118,中性盘
230,14:44:02,30.5,--,38,115900,卖盘
231,14:43:59,30.5,-0.01,1543,4707492,卖盘
232,14:43:53,30.51,--,145,442395,卖盘
233,14:43:47,30.51,-0.02,826,2520126,卖盘
234,14:43:44,30.53,0.01,42,128226,买盘
235,14:43:41,30.52,-0.01,16,48832,卖盘
236,14:43:38,30.53,--,67,204551,买盘
237,14:43:35,30.53,--,63,192339,买盘
238,14:43:32,30.53,-0.01,332,1015305,卖盘
239,14:43:29,30.54,-0.01,320,977280,卖盘
240,14:43:26,30.55,--,122,372710,买盘
241,14:43:23,30.55,--,5,15763,买盘
242,14:43:20,30.55,--,316,965380,买盘
243,14:43:17,30.55,--,35,106925,买盘
244,14:43:14,30.55,0.01,31,94705,买盘
245,14:43:11,30.54,--,32,97728,卖盘
246,14:43:08,30.54,-0.01,18,54972,卖盘
247,14:43:05,30.55,-0.01,136,415724,卖盘
248,14:43:02,30.56,--,17,52074,卖盘
249,14:42:59,30.56,0.02,130,397768,买盘
250,14:42:53,30.54,-0.01,396,1211949,卖盘
251,14:42:50,30.55,--,301,919555,卖盘
252,14:42:47,30.55,--,53,161915,卖盘
253,14:42:44,30.55,--,66,202118,买盘
254,14:42:38,30.55,0.01,87,265785,买盘
255,14:42:35,30.54,-0.01,11,33594,卖盘
256,14:42:32,30.55,-0.01,77,235235,卖盘
257,14:42:29,30.56,--,5,15280,卖盘
258,14:42:26,30.56,0.03,74,226144,买盘
259,14:42:23,30.53,-0.01,168,512904,卖盘
260,14:42:20,30.54,-0.03,247,754338,中性盘
261,14:42:17,30.57,0.02,170,519690,买盘
262,14:42:14,30.55,0.01,9,27495,买盘
263,14:42:11,30.54,-0.02,33,100904,卖盘
264,14:42:05,30.56,0.01,535,1637893,买盘
265,14:42:02,30.55,0.01,257,785135,买盘
266,14:41:59,30.54,-0.01,330,1007820,卖盘
267,14:41:53,30.55,-0.01,430,1313650,卖盘
268,14:41:50,30.56,--,244,745664,卖盘
269,14:41:44,30.56,-0.01,96,293376,卖盘
270,14:41:41,30.57,--,67,204819,买盘
271,14:41:38,30.57,--,13,39741,买盘
272,14:41:35,30.57,-0.02,111,339327,卖盘
273,14:41:29,30.59,--,1,3059,买盘
274,14:41:26,30.59,0.01,157,480263,买盘
275,14:41:20,30.58,--,3,9174,买盘
276,14:41:17,30.58,-0.02,132,403656,卖盘
277,14:41:11,30.6,0.02,64,195840,买盘
278,14:41:08,30.58,-0.03,131,400598,卖盘
279,14:41:02,30.61,0.01,330,1010130,买盘
280,14:40:56,30.6,-0.01,1290,3950092,卖盘
281,14:40:53,30.61,--,29,88769,买盘
282,14:40:50,30.61,0.01,164,502004,买盘
283,14:40:47,30.6,-0.01,68,208080,卖盘
284,14:40:44,30.61,--,145,444334,买盘
285,14:40:41,30.61,--,89,272429,买盘
286,14:40:38,30.61,--,9,27549,买盘
287,14:40:35,30.61,-0.01,131,400991,卖盘
288,14:40:32,30.62,--,7,21434,买盘
289,14:40:29,30.62,--,49,150038,买盘
290,14:40:23,30.62,--,17,52054,买盘
291,14:40:20,30.62,0.02,44,134728,买盘
292,14:40:17,30.6,-0.01,184,563040,卖盘
293,14:40:14,30.61,--,107,327527,卖盘
294,14:40:11,30.61,-0.01,34,104074,卖盘
295,14:40:08,30.62,--,34,104108,买盘
296,14:40:05,30.62,--,62,189844,买盘
297,14:40:02,30.62,0.02,66,202092,中性盘
298,14:39:59,30.6,--,26,79560,卖盘
299,14:39:56,30.6,-0.03,41,125460,卖盘
300,14:39:53,30.63,0.03,27,82701,买盘
301,14:39:50,30.6,-0.01,1605,4911300,卖盘
302,14:39:47,30.61,-0.01,248,759128,卖盘
303,14:39:44,30.62,-0.01,54,165348,卖盘
304,14:39:41,30.63,-0.02,167,511521,卖盘
305,14:39:38,30.65,0.03,78,239070,买盘
306,14:39:35,30.62,--,72,220464,卖盘
307,14:39:29,30.62,--,35,107170,中性盘
308,14:39:26,30.62,-0.01,67,207726,卖盘
309,14:39:23,30.63,-0.02,13,40309,卖盘
310,14:39:20,30.65,0.02,164,502660,买盘
311,14:39:14,30.63,--,88,269544,卖盘
312,14:39:11,30.63,--,23,70449,卖盘
313,14:39:08,30.63,--,2,6126,卖盘
314,14:39:05,30.63,0.01,19,58197,中性盘
315,14:39:02,30.62,-0.03,159,486858,卖盘
316,14:38:59,30.65,--,20,61300,买盘
317,14:38:56,30.65,0.02,44,137434,买盘
318,14:38:53,30.63,--,31,94953,买盘
319,14:38:50,30.63,-0.02,127,391573,卖盘
320,14:38:47,30.65,--,80,245690,买盘
321,14:38:44,30.65,0.02,107,327955,买盘
322,14:38:41,30.63,-0.02,48,147024,卖盘
323,14:38:38,30.65,0.02,199,609935,买盘
324,14:38:35,30.63,--,14,42882,卖盘
325,14:38:32,30.63,0.01,33,101079,中性盘
326,14:38:29,30.62,--,86,263821,卖盘
327,14:38:23,30.62,--,82,251084,卖盘
328,14:38:20,30.62,0.01,56,171472,买盘
329,14:38:14,30.61,--,143,437723,卖盘
330,14:38:11,30.61,-0.01,65,198965,卖盘
331,14:38:04,30.62,0.01,73,223526,买盘
332,14:38:01,30.61,-0.05,25,76525,卖盘
333,14:37:58,30.66,0.04,569,1744554,买盘
334,14:37:55,30.62,--,12,36744,卖盘
335,14:37:52,30.62,-0.03,627,1919874,卖盘
336,14:37:49,30.65,-0.01,42,128730,卖盘
337,14:37:46,30.66,0.01,277,849282,买盘
338,14:37:43,30.65,-0.01,17,52105,卖盘
339,14:37:40,30.66,0.01,112,343392,买盘
340,14:37:37,30.65,--,13,39845,卖盘
341,14:37:34,30.65,-0.02,78,239070,卖盘
342,14:37:31,30.67,--,37,113479,买盘
343,14:37:28,30.67,--,76,233705,买盘
344,14:37:25,30.67,--,116,355772,买盘
345,14:37:22,30.67,--,338,1039590,买盘
346,14:37:19,30.67,0.01,17,52261,买盘
347,14:37:16,30.66,--,106,327939,卖盘
348,14:37:13,30.66,-0.01,43,134413,卖盘
349,14:37:10,30.67,--,59,180953,卖盘
350,14:37:07,30.67,--,39,119613,卖盘
351,14:37:04,30.67,-0.01,2,6134,卖盘
352,14:36:55,30.68,0.01,100,306800,买盘
353,14:36:52,30.67,-0.01,215,659405,卖盘
354,14:36:49,30.68,-0.01,36,110448,卖盘
355,14:36:46,30.69,--,165,506876,买盘
356,14:36:43,30.69,0.01,55,168917,买盘
357,14:36:40,30.68,--,170,524505,卖盘
358,14:36:34,30.68,-0.01,21,64550,卖盘
359,14:36:31,30.69,--,10,30690,买盘
360,14:36:28,30.69,--,12,39774,卖盘
361,14:36:22,30.69,--,32,98208,卖盘
362,14:36:19,30.69,--,39,119813,卖盘
363,14:36:16,30.69,-0.01,68,208692,卖盘
364,14:36:10,30.7,-0.02,46,144167,中性盘
365,14:36:07,30.72,0.03,10,30720,中性盘
366,14:36:04,30.69,-0.05,54,165726,卖盘
367,14:36:01,30.74,0.02,239,734808,买盘
368,14:35:58,30.72,0.02,4,15237,买盘
369,14:35:55,30.7,-0.02,2011,6173892,卖盘
370,14:35:49,30.72,-0.03,36,113541,卖盘
371,14:35:46,30.75,0.01,75,232470,买盘
372,14:35:40,30.74,--,11,33814,卖盘
373,14:35:34,30.74,-0.02,66,205466,卖盘
374,14:35:31,30.76,0.01,22,67672,买盘
375,14:35:25,30.75,--,68,209592,卖盘
376,14:35:22,30.75,0.04,140,430500,买盘
377,14:35:19,30.71,--,14,42994,卖盘
378,14:35:16,30.71,--,9,27639,卖盘
379,14:35:13,30.71,-0.02,61,187331,卖盘
380,14:35:10,30.73,0.02,36,110628,买盘
381,14:35:07,30.71,-0.01,37,113627,卖盘
382,14:35:04,30.72,--,64,196608,卖盘
383,14:34:58,30.72,-0.03,213,654336,卖盘
384,14:34:55,30.75,--,19,58425,卖盘
385,14:34:52,30.75,--,16,49200,卖盘
386,14:34:49,30.75,--,86,264819,卖盘
387,14:34:46,30.75,0.03,290,893718,买盘
388,14:34:37,30.72,0.01,60,187269,买盘
389,14:34:34,30.71,-0.02,21,65842,卖盘
390,14:34:31,30.73,0.01,8,27534,买盘
391,14:34:28,30.72,--,37,113786,卖盘
392,14:34:25,30.72,--,18,58245,卖盘
393,14:34:19,30.72,--,34,104448,卖盘
394,14:34:16,30.72,--,7,21626,卖盘
395,14:34:10,30.72,-0.03,50,153600,卖盘
396,14:34:07,30.75,0.03,12,39852,买盘
397,14:34:04,30.72,-0.06,41,126074,卖盘
398,14:34:01,30.78,0.03,70,215460,买盘
399,14:33:58,30.75,--,70,215250,卖盘
400,14:33:55,30.75,--,18,55350,卖盘
401,14:33:49,30.75,0.03,235,723609,买盘
402,14:33:46,30.72,--,73,224256,卖盘
403,14:33:40,30.72,--,9,27648,卖盘
404,14:33:37,30.72,-0.02,61,187392,卖盘
405,14:33:31,30.74,0.02,1,3074,买盘
406,14:33:28,30.72,-0.01,59,181248,卖盘
407,14:33:25,30.73,0.01,0,491,中性盘
408,14:33:22,30.72,-0.01,7,21504,卖盘
409,14:33:19,30.73,0.01,30,92190,买盘
410,14:33:16,30.72,--,1,3072,卖盘
411,14:33:10,30.72,--,12,36864,卖盘
412,14:33:04,30.72,-0.02,2,6144,卖盘
413,14:33:01,30.74,0.01,85,261290,买盘
414,14:32:58,30.73,--,20,61460,卖盘
415,14:32:55,30.73,--,167,513191,卖盘
416,14:32:52,30.73,0.02,40,123165,买盘
417,14:32:49,30.71,-0.01,46,141880,卖盘
418,14:32:46,30.72,0.01,6,18432,卖盘
419,14:32:43,30.71,--,16,50241,卖盘
420,14:32:40,30.71,--,37,113627,卖盘
421,14:32:37,30.71,-0.01,48,147408,卖盘
422,14:32:31,30.72,--,5,15360,买盘
423,14:32:28,30.72,--,51,156672,买盘
424,14:32:22,30.72,--,23,70656,买盘
425,14:32:19,30.72,--,104,319488,买盘
426,14:32:16,30.72,--,3,9216,买盘
427,14:32:13,30.72,--,59,181248,买盘
428,14:32:07,30.72,--,4,14254,卖盘
429,14:32:04,30.72,--,2,6144,卖盘
430,14:32:01,30.72,--,60,184320,卖盘
431,14:31:58,30.72,-0.02,31,95354,卖盘
432,14:31:52,30.74,-0.03,40,122960,卖盘
433,14:31:49,30.77,--,46,141542,卖盘
434,14:31:46,30.77,--,20,64493,卖盘
435,14:31:43,30.77,--,5,15508,卖盘
436,14:31:40,30.77,0.01,98,304499,买盘
437,14:31:34,30.76,0.04,5,15503,中性盘
438,14:31:31,30.72,-0.04,46,141312,卖盘
439,14:31:28,30.76,0.01,39,120456,买盘
440,14:31:22,30.75,--,47,145017,买盘
441,14:31:19,30.75,--,244,752883,卖盘
442,14:31:16,30.75,--,55,169617,买盘
443,14:31:10,30.75,0.04,87,267525,买盘
444,14:31:07,30.71,-0.01,60,184260,卖盘
445,14:31:01,30.72,--,65,199680,卖盘
446,14:30:58,30.72,--,15,46080,卖盘
447,14:30:55,30.72,--,7,21504,卖盘
448,14:30:52,30.72,--,43,132096,卖盘
449,14:30:49,30.72,-0.03,53,162816,卖盘
450,14:30:46,30.75,--,3,9225,买盘
451,14:30:43,30.75,0.03,3,9225,中性盘
452,14:30:40,30.72,-0.04,66,202752,卖盘
453,14:30:37,30.76,0.01,11,33836,买盘
454,14:30:34,30.75,--,38,116850,卖盘
455,14:30:31,30.75,--,73,224475,卖盘
456,14:30:28,30.75,--,13,39975,卖盘
457,14:30:25,30.75,--,44,135300,卖盘
458,14:30:22,30.75,--,6,18450,卖盘
459,14:30:19,30.75,--,150,461250,卖盘
460,14:30:16,30.75,--,14,43050,卖盘
461,14:30:13,30.75,0.03,45,138375,买盘
462,14:30:07,30.72,-0.03,92,283115,卖盘
463,14:30:04,30.75,--,118,364818,卖盘
464,14:30:01,30.75,0.03,160,494091,买盘
465,14:29:58,30.72,--,17,52224,卖盘
466,14:29:52,30.72,0.01,29,89088,卖盘
467,14:29:49,30.71,-0.01,129,396159,卖盘
468,14:29:46,30.72,--,9,27648,买盘
469,14:29:43,30.72,0.01,7,21504,买盘
470,14:29:40,30.71,-0.01,1,3071,卖盘
471,14:29:37,30.72,0.01,88,270336,买盘
472,14:29:31,30.71,--,41,125911,卖盘
473,14:29:28,30.71,--,40,122840,卖盘
474,14:29:25,30.71,-0.04,40,122840,卖盘
475,14:29:22,30.75,-0.02,1,3075,中性盘
476,14:29:19,30.77,0.04,68,209236,买盘
477,14:29:16,30.73,--,10,30730,卖盘
478,14:29:13,30.73,-0.02,219,672987,卖盘
479,14:29:07,30.75,--,111,341325,卖盘
480,14:29:04,30.75,--,7,21525,卖盘
481,14:28:52,30.75,--,102,313650,卖盘
482,14:28:49,30.75,0.04,77,236775,买盘
483,14:28:46,30.71,--,46,141757,卖盘
484,14:28:40,30.71,--,40,122840,卖盘
485,14:28:37,30.71,-0.02,89,273319,卖盘
486,14:28:34,30.73,0.02,7,21511,买盘
487,14:28:31,30.71,-0.08,210,644910,卖盘
488,14:28:22,30.79,--,86,264794,买盘
489,14:28:16,30.79,0.06,16,49264,买盘
490,14:28:13,30.73,-0.02,42,129066,卖盘
491,14:28:10,30.75,--,50,153750,卖盘
492,14:28:07,30.75,--,84,258300,卖盘
493,14:28:01,30.75,-0.04,11,33825,卖盘
494,14:27:55,30.79,0.02,19,58501,买盘
495,14:27:52,30.77,-0.04,23,72740,卖盘
496,14:27:46,30.81,--,12,36972,买盘
497,14:27:43,30.81,--,14,43134,买盘
498,14:27:37,30.81,--,126,388206,买盘
499,14:27:31,30.81,0.01,4,12324,买盘
500,14:27:28,30.8,-0.01,56,173096,卖盘
501,14:27:25,30.81,0.01,92,283452,买盘
502,14:27:19,30.8,-0.01,26,80080,卖盘
503,14:27:16,30.81,--,36,110916,买盘
504,14:27:13,30.81,--,92,283452,买盘
505,14:27:07,30.81,--,3,9243,买盘
506,14:27:04,30.81,0.01,51,157131,买盘
507,14:26:58,30.8,--,108,332640,卖盘
508,14:26:55,30.8,-0.01,120,369600,卖盘
509,14:26:49,30.81,0.01,28,86760,买盘
510,14:26:43,30.8,--,43,132440,卖盘
511,14:26:40,30.8,-0.01,17,52360,卖盘
512,14:26:37,30.81,--,52,160212,买盘
513,14:26:34,30.81,--,142,439350,卖盘
514,14:26:31,30.81,--,35,107835,卖盘
515,14:26:28,30.81,-0.01,92,283452,卖盘
516,14:26:25,30.82,--,16,49312,买盘
517,14:26:22,30.82,--,15,46230,卖盘
518,14:26:19,30.82,-0.01,7,21574,卖盘
519,14:26:16,30.83,0.02,5,15415,买盘
520,14:26:13,30.81,--,59,181779,卖盘
521,14:26:10,30.81,--,51,157131,卖盘
522,14:26:07,30.81,--,59,182395,卖盘
523,14:26:04,30.81,-0.04,144,443664,卖盘
524,14:26:01,30.85,0.03,354,1095051,买盘
525,14:25:58,30.82,--,18,55476,买盘
526,14:25:55,30.82,0.01,87,268257,买盘
527,14:25:49,30.81,-0.01,40,123240,卖盘
528,14:25:46,30.82,-0.02,175,541815,卖盘
529,14:25:43,30.84,0.01,170,524896,买盘
530,14:25:40,30.83,--,10,30830,买盘
531,14:25:37,30.83,--,84,258972,买盘
532,14:25:31,30.83,--,14,46121,买盘
533,14:25:28,30.83,--,218,672094,卖盘
534,14:25:25,30.83,--,144,443952,卖盘
535,14:25:22,30.83,-0.01,13,40202,卖盘
536,14:25:19,30.84,--,30,95480,买盘
537,14:25:13,30.84,0.01,13,40215,买盘
538,14:25:10,30.83,-0.01,114,354421,卖盘
539,14:25:07,30.84,--,455,1403343,买盘
540,14:25:04,30.84,0.01,18,58472,买盘
541,14:25:01,30.83,--,35,108028,卖盘
542,14:24:58,30.83,--,46,144777,卖盘
543,14:24:55,30.83,--,9,27870,卖盘
544,14:24:52,30.83,-0.01,116,357628,中性盘
545,14:24:49,30.84,0.03,121,373657,买盘
546,14:24:46,30.81,-0.02,81,249561,卖盘
547,14:24:43,30.83,0.02,52,160316,买盘
548,14:24:40,30.81,--,10,31426,卖盘
549,14:24:37,30.81,--,4,12324,卖盘
550,14:24:31,30.81,--,60,184860,卖盘
551,14:24:25,30.81,-0.03,67,206427,卖盘
552,14:24:22,30.84,--,18,55512,买盘
553,14:24:19,30.84,0.01,425,1310700,买盘
554,14:24:16,30.83,-0.01,10,30830,卖盘
555,14:24:13,30.84,0.01,301,928284,买盘
556,14:24:10,30.83,--,193,595019,卖盘
557,14:24:07,30.83,-0.01,0,493,卖盘
558,14:23:58,30.84,0.01,38,117192,买盘
559,14:23:55,30.83,0.01,155,477865,买盘
560,14:23:52,30.82,--,90,277380,卖盘
561,14:23:46,30.82,--,16,49312,卖盘
562,14:23:43,30.82,--,52,160264,卖盘
563,14:23:40,30.82,--,41,126362,卖盘
564,14:23:37,30.82,0.01,57,175674,卖盘
565,14:23:31,30.81,--,94,289614,卖盘
566,14:23:28,30.81,-0.01,111,342483,卖盘
567,14:23:25,30.82,--,56,172592,买盘
568,14:23:19,30.82,--,17,52394,买盘
569,14:23:16,30.82,0.01,8,24656,买盘
570,14:23:13,30.81,--,28,86268,卖盘
571,14:23:10,30.81,-0.01,75,231075,卖盘
572,14:23:07,30.82,--,95,292790,买盘
573,14:23:04,30.82,0.01,21,64722,买盘
574,14:23:01,30.81,--,100,308100,卖盘
575,14:22:58,30.81,--,56,172536,卖盘
576,14:22:55,30.81,0.05,216,667098,买盘
577,14:22:52,30.76,0.01,518,1593368,中性盘
578,14:22:49,30.75,-0.01,40,123492,卖盘
579,14:22:43,30.76,-0.03,3,9228,中性盘
580,14:22:40,30.79,--,127,391033,买盘
581,14:22:37,30.79,0.04,208,640432,买盘
582,14:22:34,30.75,--,443,1362225,卖盘
583,14:22:28,30.75,--,4,12300,卖盘
584,14:22:25,30.75,-0.01,1106,3400950,卖盘
585,14:22:22,30.76,--,37,113812,买盘
586,14:22:19,30.76,0.01,42,129192,买盘
587,14:22:16,30.75,-0.01,68,209100,卖盘
588,14:22:10,30.76,--,43,132268,买盘
589,14:22:07,30.76,0.01,33,102000,买盘
590,14:22:01,30.75,--,2,6150,卖盘
591,14:21:58,30.75,0.04,161,495198,买盘
592,14:21:55,30.71,0.01,20,64368,卖盘
593,14:21:52,30.7,-0.03,1695,5205737,卖盘
594,14:21:49,30.73,--,40,122920,卖盘
595,14:21:46,30.73,0.01,54,166433,买盘
596,14:21:43,30.72,--,136,417792,买盘
597,14:21:37,30.72,--,21,64512,买盘
598,14:21:34,30.72,--,23,70656,买盘
599,14:21:31,30.72,-0.03,152,466944,卖盘
600,14:21:25,30.75,0.03,10,30750,买盘
601,14:21:22,30.72,-0.03,23,70656,卖盘
602,14:21:19,30.75,0.03,51,156825,买盘
603,14:21:16,30.72,--,48,147456,卖盘
604,14:21:13,30.72,--,23,70656,卖盘
605,14:21:10,30.72,--,48,147456,卖盘
606,14:21:07,30.72,--,20,61440,卖盘
607,14:21:01,30.72,--,6,18432,卖盘
608,14:20:58,30.72,-0.03,23,70656,卖盘
609,14:20:55,30.75,0.03,96,295200,买盘
610,14:20:52,30.72,-0.01,22,67584,卖盘
611,14:20:49,30.73,--,79,242767,买盘
612,14:20:43,30.73,--,64,196672,买盘
613,14:20:40,30.73,-0.02,4,12292,中性盘
614,14:20:37,30.75,-0.01,48,147600,卖盘
615,14:20:34,30.76,--,28,86128,买盘
616,14:20:31,30.76,0.01,150,461400,买盘
617,14:20:28,30.75,--,83,255225,卖盘
618,14:20:25,30.75,--,71,218325,买盘
619,14:20:22,30.75,--,3,9225,买盘
620,14:20:16,30.75,--,40,123000,买盘
621,14:20:13,30.75,--,28,86100,买盘
622,14:20:10,30.75,-0.01,2,6150,中性盘
623,14:20:07,30.76,--,94,289144,买盘
624,14:20:04,30.76,--,18,55368,买盘
625,14:20:01,30.76,--,116,359399,卖盘
626,14:19:55,30.76,--,94,289144,卖盘
627,14:19:49,30.76,--,71,218396,卖盘
628,14:19:46,30.76,0.01,287,883304,买盘
629,14:19:43,30.75,-0.01,53,165558,卖盘
630,14:19:40,30.76,0.01,56,172256,买盘
631,14:19:37,30.75,--,100,307500,卖盘
632,14:19:34,30.75,--,17,52275,卖盘
633,14:19:28,30.75,-0.01,40,123492,卖盘
634,14:19:25,30.76,0.01,125,384500,买盘
635,14:19:22,30.75,--,22,67650,卖盘
636,14:19:19,30.75,--,19,58425,卖盘
637,14:19:16,30.75,--,21,64575,卖盘
638,14:19:13,30.75,--,13,39975,卖盘
639,14:19:10,30.75,0.04,775,2383125,买盘
640,14:19:07,30.71,--,120,368520,卖盘
641,14:19:01,30.71,--,25,76775,卖盘
642,14:18:58,30.71,-0.01,63,193473,卖盘
643,14:18:55,30.72,--,1,3072,卖盘
644,14:18:52,30.72,0.01,125,385720,买盘
645,14:18:43,30.71,--,53,162763,卖盘
646,14:18:40,30.71,--,61,187331,卖盘
647,14:18:37,30.71,-0.01,100,307100,卖盘
648,14:18:34,30.72,--,53,162816,买盘
649,14:18:31,30.72,0.01,5,15360,买盘
650,14:18:28,30.71,-0.01,87,267177,卖盘
651,14:18:25,30.72,--,105,322560,买盘
652,14:18:22,30.72,--,38,116736,买盘
653,14:18:13,30.72,0.01,41,125952,买盘
654,14:18:10,30.71,-0.01,43,132053,卖盘
655,14:18:06,30.72,--,274,844185,卖盘
656,14:18:03,30.72,-0.01,19,58368,卖盘
657,14:18:00,30.73,0.01,7,21511,中性盘
658,14:17:57,30.72,--,47,144384,卖盘
659,14:17:54,30.72,-0.02,34,104448,卖盘
660,14:17:51,30.74,0.02,28,86072,中性盘
661,14:17:45,30.72,--,58,178176,卖盘
662,14:17:39,30.72,-0.02,13,39936,卖盘
663,14:17:36,30.74,0.02,71,218254,卖盘
664,14:17:33,30.72,-0.03,38,116736,卖盘
665,14:17:30,30.75,0.01,122,376134,买盘
666,14:17:24,30.74,0.02,33,101442,买盘
667,14:17:21,30.72,-0.03,7,21504,卖盘
668,14:17:18,30.75,--,19,58425,买盘
669,14:17:15,30.75,0.03,8,24600,买盘
670,14:17:12,30.72,-0.03,28,86016,卖盘
671,14:17:09,30.75,0.01,48,147600,买盘
672,14:17:06,30.74,-0.01,97,298178,卖盘
673,14:17:03,30.75,0.01,231,713277,买盘
674,14:17:00,30.74,--,174,534876,卖盘
675,14:16:57,30.74,--,17,52258,卖盘
676,14:16:54,30.74,--,151,467002,卖盘
677,14:16:51,30.74,--,56,172144,卖盘
678,14:16:48,30.74,-0.01,40,122960,卖盘
679,14:16:45,30.75,--,16,49200,买盘
680,14:16:39,30.75,-0.01,1177,3619521,卖盘
681,14:16:36,30.76,--,1,3076,买盘
682,14:16:30,30.76,--,19,58444,买盘
683,14:16:27,30.76,0.01,77,236852,买盘
684,14:16:24,30.75,-0.01,18,55350,卖盘
685,14:16:21,30.76,--,60,184560,买盘
686,14:16:15,30.76,-0.01,10,30760,中性盘
687,14:16:12,30.77,0.02,2,6154,买盘
688,14:16:09,30.75,-0.03,144,442800,卖盘
689,14:16:06,30.78,0.01,32,98496,买盘
690,14:16:03,30.77,--,65,200005,买盘
691,14:15:57,30.77,0.01,6,18462,买盘
692,14:15:54,30.76,-0.01,11,33836,卖盘
693,14:15:51,30.77,0.01,25,76925,买盘
694,14:15:48,30.76,--,43,132268,卖盘
695,14:15:45,30.76,--,22,67672,卖盘
696,14:15:42,30.76,-0.02,50,154538,卖盘
697,14:15:39,30.78,--,18,55404,买盘
698,14:15:36,30.78,0.01,114,353846,买盘
699,14:15:30,30.77,--,102,314469,卖盘
700,14:15:21,30.77,-0.02,12,36924,卖盘
701,14:15:15,30.79,0.01,20,61580,买盘
702,14:15:12,30.78,-0.01,28,86184,卖盘
703,14:15:09,30.79,0.01,84,258636,中性盘
704,14:15:06,30.78,-0.02,34,104652,卖盘
705,14:15:03,30.8,--,54,168660,卖盘
706,14:15:00,30.8,-0.01,8,24640,卖盘
707,14:14:57,30.81,--,62,191022,买盘
708,14:14:54,30.81,0.01,62,191022,买盘
709,14:14:51,30.8,--,6,18480,卖盘
710,14:14:48,30.8,--,103,317856,卖盘
711,14:14:45,30.8,-0.01,6,18480,卖盘
712,14:14:42,30.81,0.01,9,27729,买盘
713,14:14:39,30.8,-0.01,361,1111880,卖盘
714,14:14:33,30.81,--,27,83187,卖盘
715,14:14:30,30.81,0.01,58,178698,卖盘
716,14:14:27,30.8,-0.01,16,49280,卖盘
717,14:14:24,30.81,--,35,107835,卖盘
718,14:14:21,30.81,--,42,129402,卖盘
719,14:14:18,30.81,--,5,15405,买盘
720,14:14:12,30.81,0.01,72,221832,买盘
721,14:14:09,30.8,--,112,344960,卖盘
722,14:14:06,30.8,--,26,80572,卖盘
723,14:14:03,30.8,--,64,197120,卖盘
724,14:14:00,30.8,--,412,1271670,买盘
725,14:13:57,30.8,--,11,33880,买盘
726,14:13:54,30.8,--,7,21560,买盘
727,14:13:51,30.8,--,69,212520,买盘
728,14:13:48,30.8,-0.02,63,194409,卖盘
729,14:13:42,30.82,--,55,169510,买盘
730,14:13:39,30.82,0.02,6,18492,买盘
731,14:13:36,30.8,-0.02,14,43120,卖盘
732,14:13:33,30.82,--,420,1294440,买盘
733,14:13:30,30.82,0.01,83,255806,买盘
734,14:13:27,30.81,--,59,182271,卖盘
735,14:13:24,30.81,--,74,227994,买盘
736,14:13:18,30.81,0.01,101,311181,买盘
737,14:13:15,30.8,--,36,110880,卖盘
738,14:13:12,30.8,--,37,113960,卖盘
739,14:13:06,30.8,--,154,474320,卖盘
740,14:13:03,30.8,--,6,18480,卖盘
741,14:13:00,30.8,-0.01,75,231000,卖盘
742,14:12:57,30.81,--,122,378593,买盘
743,14:12:54,30.81,--,180,554580,买盘
744,14:12:51,30.81,0.01,49,151585,买盘
745,14:12:45,30.8,--,22,67760,卖盘
746,14:12:42,30.8,-0.01,16,52236,卖盘
747,14:12:36,30.81,--,9,27852,买盘
748,14:12:33,30.81,--,30,92430,卖盘
749,14:12:30,30.81,-0.01,40,126197,卖盘
750,14:12:27,30.82,--,42,129444,买盘
751,14:12:21,30.82,--,65,200453,买盘
752,14:12:18,30.82,-0.01,30,95418,卖盘
753,14:12:15,30.83,--,202,622766,买盘
754,14:12:12,30.83,--,52,160316,买盘
755,14:12:09,30.83,0.03,76,234924,买盘
756,14:12:06,30.8,-0.02,151,465080,卖盘
757,14:12:03,30.82,--,35,107870,买盘
758,14:11:57,30.82,-0.01,89,274298,卖盘
759,14:11:54,30.83,-0.01,10,30830,中性盘
760,14:11:51,30.84,0.01,63,194292,买盘
761,14:11:48,30.83,-0.01,98,302134,卖盘
762,14:11:39,30.84,0.01,20,61680,买盘
763,14:11:36,30.83,--,19,58577,卖盘
764,14:11:33,30.83,0.03,3,9249,买盘
765,14:11:30,30.8,--,124,381920,卖盘
766,14:11:27,30.8,--,49,151412,卖盘
767,14:11:24,30.8,-0.03,2,6160,卖盘
768,14:11:21,30.83,--,2,6166,买盘
769,14:11:18,30.83,--,44,135652,买盘
770,14:11:15,30.83,0.03,111,342213,买盘
771,14:11:12,30.8,-0.03,570,1755600,卖盘
772,14:11:06,30.83,--,120,369960,买盘
773,14:11:03,30.83,0.01,204,628932,买盘
774,14:11:00,30.82,--,85,261970,卖盘
775,14:10:57,30.82,--,18,55476,卖盘
776,14:10:54,30.82,--,38,117116,卖盘
777,14:10:48,30.82,--,66,203905,卖盘
778,14:10:42,30.82,-0.01,11,33902,卖盘
779,14:10:39,30.83,--,3,9249,买盘
780,14:10:33,30.83,--,10,30830,买盘
781,14:10:30,30.83,0.03,15,46245,中性盘
782,14:10:27,30.8,-0.04,41,126280,卖盘
783,14:10:24,30.84,--,51,157284,买盘
784,14:10:21,30.84,0.01,48,148032,买盘
785,14:10:18,30.83,--,1,3083,卖盘
786,14:10:15,30.83,--,27,83241,买盘
787,14:10:12,30.83,0.03,105,323715,买盘
788,14:10:09,30.8,-0.03,40,123692,卖盘
789,14:10:06,30.83,0.01,21,64866,买盘
790,14:10:00,30.82,--,20,61640,卖盘
791,14:09:57,30.82,--,82,255682,卖盘
792,14:09:54,30.82,--,45,138813,卖盘
793,14:09:51,30.82,0.01,164,507667,买盘
794,14:09:48,30.81,--,4,12324,卖盘
795,14:09:45,30.81,-0.01,28,86268,卖盘
796,14:09:39,30.82,0.01,3,9369,买盘
797,14:09:36,30.81,--,55,170071,买盘
798,14:09:33,30.81,--,17,52377,买盘
799,14:09:30,30.81,0.01,55,169455,买盘
800,14:09:27,30.8,--,77,237776,卖盘
801,14:09:24,30.8,--,28,88704,卖盘
802,14:09:21,30.8,--,2,6160,卖盘
803,14:09:18,30.8,--,1,3080,卖盘
804,14:09:15,30.8,--,75,231000,卖盘
805,14:09:12,30.8,0.02,51,157080,买盘
806,14:09:09,30.78,--,40,123120,卖盘
807,14:09:06,30.78,0.01,42,129276,卖盘
808,14:09:03,30.77,--,46,141542,买盘
809,14:09:00,30.77,0.02,1,3077,买盘
810,14:08:57,30.75,-0.01,76,233700,卖盘
811,14:08:51,30.76,--,27,83052,卖盘
812,14:08:48,30.76,-0.04,83,255800,卖盘
813,14:08:45,30.8,--,91,282867,买盘
814,14:08:42,30.8,0.03,142,437360,买盘
815,14:08:33,30.77,0.01,93,286161,买盘
816,14:08:30,30.76,--,5,15380,买盘
817,14:08:27,30.76,--,27,85635,卖盘
818,14:08:24,30.76,-0.04,14,46016,卖盘
819,14:08:21,30.8,--,10,30800,卖盘
820,14:08:18,30.8,--,18,55440,卖盘
821,14:08:15,30.8,--,84,259336,买盘
822,14:08:09,30.8,--,180,554400,买盘
823,14:08:06,30.8,--,527,1623160,买盘
824,14:08:03,30.8,0.03,7,21560,买盘
825,14:08:00,30.77,--,18,55386,卖盘
826,14:07:57,30.77,-0.03,15,46155,卖盘
827,14:07:54,30.8,0.03,320,985600,买盘
828,14:07:51,30.77,0.01,39,120003,中性盘
829,14:07:48,30.76,-0.01,61,187636,卖盘
830,14:07:45,30.77,--,51,156927,卖盘
831,14:07:42,30.77,--,8,24616,卖盘
832,14:07:39,30.77,--,9,27693,卖盘
833,14:07:36,30.77,0.01,51,156927,买盘
834,14:07:33,30.76,0.01,8,24608,中性盘
835,14:07:30,30.75,--,40,123492,卖盘
836,14:07:24,30.75,-0.02,639,1964925,卖盘
837,14:07:21,30.77,--,40,123080,买盘
838,14:07:18,30.77,--,102,313854,买盘
839,14:07:15,30.77,0.02,310,953870,买盘
840,14:07:09,30.75,-0.02,1043,3207225,卖盘
841,14:07:06,30.77,0.01,3,9231,买盘
842,14:07:03,30.76,--,27,83052,卖盘
843,14:07:00,30.76,0.01,1,3076,卖盘
844,14:06:57,30.75,-0.02,1009,3102675,卖盘
845,14:06:51,30.77,0.01,13,40001,买盘
846,14:06:45,30.76,-0.04,89,276224,卖盘
847,14:06:39,30.8,0.03,72,221760,买盘
848,14:06:36,30.77,0.01,25,76925,卖盘
849,14:06:30,30.76,-0.05,40,123040,卖盘
850,14:06:27,30.81,0.01,23,70863,买盘
851,14:06:24,30.8,--,65,200200,卖盘
852,14:06:18,30.8,0.04,72,221760,中性盘
853,14:06:12,30.76,-0.05,41,126116,卖盘
854,14:06:09,30.81,0.01,151,465231,买盘
855,14:06:06,30.8,0.04,340,1048185,买盘
856,14:06:03,30.76,--,20,61520,卖盘
857,14:05:57,30.76,--,11,33959,卖盘
858,14:05:54,30.76,--,76,235990,买盘
859,14:05:51,30.76,0.01,138,424488,买盘
860,14:05:48,30.75,-0.01,56,175152,卖盘
861,14:05:45,30.76,--,70,215320,买盘
862,14:05:42,30.76,--,18,55368,买盘
863,14:05:39,30.76,0.01,241,741439,买盘
864,14:05:33,30.75,-0.01,18,55350,卖盘
865,14:05:30,30.76,--,114,350664,买盘
866,14:05:27,30.76,--,44,138296,买盘
867,14:05:24,30.76,--,52,160567,卖盘
868,14:05:21,30.76,--,319,983704,卖盘
869,14:05:18,30.76,-0.02,58,178408,卖盘
870,14:05:15,30.78,0.02,35,107853,买盘
871,14:05:09,30.76,--,24,76776,卖盘
872,14:05:06,30.76,--,24,73824,卖盘
873,14:05:03,30.76,-0.04,524,1611824,卖盘
874,14:05:00,30.8,0.01,208,640640,买盘
875,14:04:57,30.79,0.04,55,169468,买盘
876,14:04:54,30.75,-0.01,154,473550,卖盘
877,14:04:51,30.76,-0.04,0,2952,中性盘
878,14:04:48,30.8,0.05,84,259336,买盘
879,14:04:45,30.75,-0.01,1000,3075000,卖盘
880,14:04:42,30.76,-0.03,7,21532,卖盘
881,14:04:39,30.79,--,10,30790,买盘
882,14:04:36,30.79,0.03,27,83133,中性盘
883,14:04:33,30.76,-0.04,15,46140,卖盘
884,14:04:30,30.8,--,118,363440,买盘
885,14:04:24,30.8,--,58,178640,买盘
886,14:04:21,30.8,0.01,68,209440,买盘
887,14:04:18,30.79,0.04,45,138555,买盘
888,14:04:12,30.75,-0.05,308,947100,卖盘
889,14:04:09,30.8,--,265,816692,买盘
890,14:04:03,30.8,0.04,48,147840,买盘
891,14:04:00,30.76,--,23,70748,卖盘
892,14:03:57,30.76,-0.04,50,153800,卖盘
893,14:03:54,30.8,0.02,295,908600,买盘
894,14:03:51,30.78,0.02,24,73872,买盘
895,14:03:48,30.76,-0.04,52,159952,卖盘
896,14:03:42,30.8,0.02,567,1746360,买盘
897,14:03:36,30.78,0.02,118,363204,卖盘
898,14:03:33,30.76,-0.03,19,58444,卖盘
899,14:03:30,30.79,--,41,126239,买盘
900,14:03:27,30.79,0.03,232,714820,买盘
901,14:03:21,30.76,-0.02,31,95356,卖盘
902,14:03:18,30.78,0.03,11,33858,买盘
903,14:03:15,30.75,-0.03,37,113775,卖盘
904,14:03:12,30.78,0.01,13,40014,买盘
905,14:03:09,30.77,--,42,129234,卖盘
906,14:03:06,30.77,-0.01,2,6154,中性盘
907,14:03:03,30.78,0.03,21,64638,买盘
908,14:03:00,30.75,-0.02,44,135300,卖盘
909,14:02:54,30.77,0.01,309,951162,买盘
910,14:02:51,30.76,--,106,328762,卖盘
911,14:02:48,30.76,--,40,123532,卖盘
912,14:02:45,30.76,--,21,67425,卖盘
913,14:02:42,30.76,0.01,118,362968,买盘
914,14:02:39,30.75,-0.01,522,1605150,卖盘
915,14:02:36,30.76,--,84,258384,买盘
916,14:02:33,30.76,0.01,79,243127,买盘
917,14:02:30,30.75,--,0,2952,卖盘
918,14:02:27,30.75,--,46,141450,卖盘
919,14:02:24,30.75,--,157,484005,买盘
920,14:02:21,30.75,--,287,882525,买盘
921,14:02:18,30.75,--,5,15375,买盘
922,14:02:15,30.75,--,53,162975,买盘
923,14:02:12,30.75,0.01,180,553500,卖盘
924,14:02:09,30.74,-0.01,44,135993,卖盘
925,14:02:06,30.75,--,1,3075,卖盘
926,14:02:03,30.75,--,22,67650,卖盘
927,14:02:00,30.75,0.03,509,1566774,买盘
928,14:01:57,30.72,-0.02,183,562176,卖盘
929,14:01:45,30.74,0.03,34,104516,买盘
930,14:01:42,30.71,-0.01,255,783105,卖盘
931,14:01:39,30.72,--,148,456622,买盘
932,14:01:30,30.72,--,33,101376,买盘
933,14:01:27,30.72,--,23,70656,卖盘
934,14:01:24,30.72,-0.03,82,251904,卖盘
935,14:01:18,30.75,0.03,28,86100,买盘
936,14:01:15,30.72,--,19,58368,卖盘
937,14:01:12,30.72,--,60,184320,买盘
938,14:01:09,30.72,-0.03,113,347136,卖盘
939,14:01:03,30.75,--,26,79950,买盘
940,14:01:00,30.75,0.05,23,70725,买盘
941,14:00:57,30.7,-0.05,48,147360,卖盘
942,14:00:54,30.75,0.03,184,565800,买盘
943,14:00:51,30.72,-0.03,40,122880,卖盘
944,14:00:48,30.75,-0.02,37,115620,卖盘
945,14:00:45,30.77,0.02,11,33847,买盘
946,14:00:39,30.75,-0.02,40,123000,卖盘
947,14:00:36,30.77,0.02,215,661555,买盘
948,14:00:30,30.75,--,23,72324,卖盘
949,14:00:27,30.75,0.02,428,1318806,买盘
950,14:00:24,30.73,-0.02,59,181307,卖盘
951,14:00:21,30.75,--,55,169125,买盘
952,14:00:18,30.75,--,61,187575,买盘
953,14:00:15,30.75,0.02,88,270600,买盘
954,14:00:09,30.73,-0.02,53,163360,卖盘
955,14:00:06,30.75,0.02,28,86100,买盘
956,14:00:03,30.73,-0.02,11,33803,卖盘
957,13:59:57,30.75,0.02,241,741075,买盘
958,13:59:54,30.73,--,17,52241,买盘
959,13:59:51,30.73,0.02,10,30730,买盘
960,13:59:48,30.71,-0.05,98,300958,卖盘
961,13:59:45,30.76,--,11,33836,买盘
962,13:59:42,30.76,--,33,102492,卖盘
963,13:59:39,30.76,0.01,43,132268,买盘
964,13:59:36,30.75,-0.01,19,58548,卖盘
965,13:59:30,30.76,0.01,44,135344,买盘
966,13:59:27,30.75,-0.01,42,129642,卖盘
967,13:59:24,30.76,--,24,73824,买盘
968,13:59:21,30.76,--,88,270688,买盘
969,13:59:14,30.76,--,4,12304,买盘
970,13:59:11,30.76,--,41,126116,买盘
971,13:59:08,30.76,0.01,132,406032,买盘
972,13:59:05,30.75,--,5,15375,卖盘
973,13:59:02,30.75,--,19,58425,卖盘
974,13:58:59,30.75,0.05,107,330501,买盘
975,13:58:56,30.7,--,94,288580,卖盘
976,13:58:50,30.7,--,446,1369220,卖盘
977,13:58:47,30.7,0.02,64,196971,买盘
978,13:58:44,30.68,-0.03,82,251576,卖盘
979,13:58:41,30.71,0.01,321,985791,买盘
980,13:58:38,30.7,--,4,12280,买盘
981,13:58:35,30.7,--,52,159640,买盘
982,13:58:32,30.7,--,14,42980,买盘
983,13:58:29,30.7,--,55,168850,买盘
984,13:58:20,30.7,-0.01,14,42980,中性盘
985,13:58:14,30.71,--,237,729915,买盘
986,13:58:11,30.71,--,2,6142,买盘
987,13:58:08,30.71,--,61,187331,买盘
988,13:58:05,30.71,-0.02,129,397141,中性盘
989,13:58:02,30.73,0.03,28,86044,买盘
990,13:57:56,30.7,-0.02,23,72697,卖盘
991,13:57:50,30.72,-0.01,60,185303,卖盘
992,13:57:47,30.73,0.01,341,1049982,买盘
993,13:57:44,30.72,-0.01,4,12288,买盘
994,13:57:41,30.73,0.02,0,2950,买盘
995,13:57:38,30.71,--,88,270248,卖盘
996,13:57:32,30.71,-0.02,38,116698,卖盘
997,13:57:29,30.73,0.03,92,282716,买盘
998,13:57:26,30.7,-0.03,17,52312,卖盘
999,13:57:23,30.73,--,4,15242,买盘
1000,13:57:17,30.73,-0.01,79,243873,卖盘
1001,13:57:11,30.74,--,19,58406,买盘
1002,13:57:08,30.74,0.01,60,184440,买盘
1003,13:57:05,30.73,--,84,258132,卖盘
1004,13:57:02,30.73,--,19,58387,卖盘
1005,13:56:59,30.73,--,61,187453,卖盘
1006,13:56:56,30.73,--,1,3073,卖盘
1007,13:56:53,30.73,0.03,78,241660,买盘
1008,13:56:50,30.7,0.04,45,138272,买盘
1009,13:56:47,30.66,-0.04,107,328552,卖盘
1010,13:56:41,30.7,-0.01,4,12280,中性盘
1011,13:56:38,30.71,0.03,83,254893,买盘
1012,13:56:35,30.68,-0.02,115,352820,中性盘
1013,13:56:29,30.7,--,158,485060,买盘
1014,13:56:26,30.7,0.04,1,3070,买盘
1015,13:56:20,30.66,-0.03,465,1425690,卖盘
1016,13:56:17,30.69,-0.01,5,15345,中性盘
1017,13:56:14,30.7,0.03,133,408310,买盘
1018,13:56:08,30.67,0.02,41,126237,买盘
1019,13:56:05,30.65,-0.01,41,126155,卖盘
1020,13:56:02,30.66,0.01,28,85848,买盘
1021,13:55:59,30.65,--,45,137925,卖盘
1022,13:55:56,30.65,--,27,82755,卖盘
1023,13:55:53,30.65,0.01,48,147120,买盘
1024,13:55:50,30.64,-0.01,55,168520,卖盘
1025,13:55:44,30.65,0.03,108,331020,买盘
1026,13:55:41,30.62,0.01,14,45807,卖盘
1027,13:55:35,30.61,-0.03,31,95503,卖盘
1028,13:55:32,30.64,0.03,118,361552,买盘
1029,13:55:26,30.61,-0.02,124,379564,卖盘
1030,13:55:23,30.63,-0.01,26,82578,中性盘
1031,13:55:20,30.64,0.01,72,220608,买盘
1032,13:55:14,30.63,0.01,33,101201,卖盘
1033,13:55:11,30.62,0.02,754,2311687,中性盘
1034,13:55:08,30.6,-0.03,770,2356200,卖盘
1035,13:55:05,30.63,0.01,11,33815,卖盘
1036,13:55:02,30.62,0.02,36,113171,中性盘
1037,13:54:56,30.6,--,81,247982,卖盘
1038,13:54:53,30.6,-0.03,12,36720,卖盘
1039,13:54:50,30.63,0.03,80,247980,买盘
1040,13:54:47,30.6,-0.01,60,184212,卖盘
1041,13:54:44,30.61,-0.02,24,73464,中性盘
1042,13:54:41,30.63,-0.01,138,422694,买盘
1043,13:54:35,30.64,0.01,76,232864,买盘
1044,13:54:32,30.63,--,6,18378,买盘
1045,13:54:29,30.63,0.01,153,468639,买盘
1046,13:54:23,30.62,--,392,1200304,买盘
1047,13:54:20,30.62,--,44,134728,买盘
1048,13:54:17,30.62,--,32,97984,卖盘
1049,13:54:14,30.62,-0.02,277,848174,卖盘
1050,13:54:11,30.64,0.02,50,153200,买盘
1051,13:54:08,30.62,--,97,297503,卖盘
1052,13:54:02,30.62,--,170,520540,卖盘
1053,13:53:56,30.62,0.01,96,293952,中性盘
1054,13:53:50,30.61,-0.01,231,707091,卖盘
1055,13:53:47,30.62,--,40,122480,卖盘
1056,13:53:44,30.62,--,36,110232,卖盘
1057,13:53:41,30.62,-0.01,10,30620,卖盘
1058,13:53:38,30.63,-0.01,45,137835,卖盘
1059,13:53:35,30.64,-0.02,2,6128,卖盘
1060,13:53:29,30.66,-0.01,82,251412,买盘
1061,13:53:26,30.67,0.02,1,3067,中性盘
1062,13:53:23,30.65,-0.02,315,965475,卖盘
1063,13:53:20,30.67,-0.01,21,64407,卖盘
1064,13:53:17,30.68,--,122,374296,买盘
1065,13:53:14,30.68,--,2,6136,买盘
1066,13:53:11,30.68,0.01,147,450996,买盘
1067,13:53:08,30.67,-0.01,42,128814,卖盘
1068,13:53:05,30.68,--,1,3068,买盘
1069,13:52:59,30.68,--,3,9204,买盘
1070,13:52:56,30.68,-0.01,106,326557,卖盘
1071,13:52:50,30.69,--,45,138105,卖盘
1072,13:52:47,30.69,-0.03,0,491,卖盘
1073,13:52:38,30.72,0.02,51,156794,买盘
1074,13:52:35,30.7,--,34,104380,卖盘
1075,13:52:29,30.7,--,62,193287,卖盘
1076,13:52:26,30.7,-0.01,24,75767,卖盘
1077,13:52:23,30.71,0.01,50,153550,买盘
1078,13:52:20,30.7,--,10,30700,卖盘
1079,13:52:17,30.7,--,93,285510,卖盘
1080,13:52:14,30.7,-0.01,86,264020,卖盘
1081,13:52:08,30.71,-0.01,47,144951,卖盘
1082,13:52:05,30.72,-0.01,14,43008,卖盘
1083,13:52:02,30.73,--,50,153650,买盘
1084,13:51:59,30.73,0.01,28,88994,买盘
1085,13:51:56,30.72,0.01,7,21626,买盘
1086,13:51:50,30.71,--,58,181066,卖盘
1087,13:51:47,30.71,-0.02,104,319384,卖盘
1088,13:51:44,30.73,0.02,113,347371,买盘
1089,13:51:41,30.71,-0.01,10,30710,卖盘
1090,13:51:38,30.72,0.01,0,2949,买盘
1091,13:51:32,30.71,-0.01,34,104414,卖盘
1092,13:51:29,30.72,0.01,3,9338,中性盘
1093,13:51:26,30.71,--,153,470845,卖盘
1094,13:51:23,30.71,--,103,316313,卖盘
1095,13:51:20,30.71,-0.02,48,147408,卖盘
1096,13:51:17,30.73,0.02,308,946484,买盘
1097,13:51:14,30.71,-0.02,8,24568,卖盘
1098,13:51:11,30.73,--,76,233548,买盘
1099,13:51:08,30.73,0.02,74,227402,买盘
1100,13:51:05,30.71,--,11,33781,卖盘
1101,13:51:02,30.71,--,8,24568,卖盘
1102,13:50:53,30.71,--,2,6142,卖盘
1103,13:50:50,30.71,--,51,156621,卖盘
1104,13:50:47,30.71,--,17,52207,卖盘
1105,13:50:44,30.71,-0.01,96,294816,卖盘
1106,13:50:41,30.72,-0.01,18,55296,卖盘
1107,13:50:38,30.73,0.02,6,18438,买盘
1108,13:50:35,30.71,-0.02,106,325526,卖盘
1109,13:50:32,30.73,--,6,18438,买盘
1110,13:50:26,30.73,--,58,178234,买盘
1111,13:50:23,30.73,--,44,135212,买盘
1112,13:50:20,30.73,-0.02,225,691916,卖盘
1113,13:50:17,30.75,0.02,5,15375,买盘
1114,13:50:14,30.73,-0.01,37,113701,卖盘
1115,13:50:11,30.74,-0.01,5,15370,买盘
1116,13:50:08,30.75,--,110,338742,买盘
1117,13:50:02,30.75,--,12,36900,买盘
1118,13:49:59,30.75,0.02,41,126075,买盘
1119,13:49:56,30.73,-0.03,1,3073,卖盘
1120,13:49:53,30.76,0.03,2,6152,中性盘
1121,13:49:50,30.73,--,23,70679,卖盘
1122,13:49:47,30.73,-0.02,15,46095,卖盘
1123,13:49:44,30.75,0.02,5,15375,买盘
1124,13:49:41,30.73,-0.03,65,199745,卖盘
1125,13:49:38,30.76,0.03,23,70748,买盘
1126,13:49:35,30.73,--,23,70679,卖盘
1127,13:49:29,30.73,-0.01,2,6637,卖盘
1128,13:49:26,30.74,0.01,12,36888,中性盘
1129,13:49:23,30.73,--,66,202818,卖盘
1130,13:49:17,30.73,--,2,6146,卖盘
1131,13:49:11,30.73,-0.01,6,18438,卖盘
1132,13:49:08,30.74,--,61,188005,卖盘
1133,13:49:05,30.74,-0.02,13,39962,卖盘
1134,13:49:02,30.76,0.01,81,249156,买盘
1135,13:48:56,30.75,--,10,30750,卖盘
1136,13:48:53,30.75,--,13,39975,买盘
1137,13:48:50,30.75,0.01,10,30750,买盘
1138,13:48:47,30.74,--,0,614,卖盘
1139,13:48:44,30.74,--,20,64431,卖盘
1140,13:48:41,30.74,-0.03,33,101564,卖盘
1141,13:48:38,30.77,0.02,76,235328,买盘
1142,13:48:35,30.75,--,16,49200,买盘
1143,13:48:29,30.75,-0.01,104,319800,中性盘
1144,13:48:23,30.76,0.01,47,144572,买盘
1145,13:48:20,30.75,--,2,6642,买盘
1146,13:48:17,30.75,--,15,46125,买盘
1147,13:48:11,30.75,--,8,24600,买盘
1148,13:48:05,30.75,0.01,11,33825,中性盘
1149,13:48:02,30.74,-0.01,87,267438,卖盘
1150,13:47:59,30.75,--,1,3075,卖盘
1151,13:47:56,30.75,--,26,79950,买盘
1152,13:47:53,30.75,--,5,15375,买盘
1153,13:47:50,30.75,--,7,21525,买盘
1154,13:47:47,30.75,--,1,3075,买盘
1155,13:47:44,30.75,--,2,6150,买盘
1156,13:47:41,30.75,--,21,64575,中性盘
1157,13:47:38,30.75,--,18,55350,卖盘
1158,13:47:35,30.75,-0.01,212,651900,中性盘
1159,13:47:29,30.76,--,3,9720,买盘
1160,13:47:26,30.76,--,19,58567,买盘
1161,13:47:23,30.76,0.02,2,6152,买盘
1162,13:47:20,30.74,--,4,15247,卖盘
1163,13:47:17,30.74,-0.01,37,113860,卖盘
1164,13:47:14,30.75,--,4,12300,卖盘
1165,13:47:11,30.75,--,22,68634,买盘
1166,13:47:02,30.75,--,4,12300,买盘
1167,13:46:59,30.75,--,26,79950,买盘
1168,13:46:53,30.75,-0.01,110,340218,卖盘
1169,13:46:50,30.76,0.01,30,92280,买盘
1170,13:46:47,30.75,--,43,132840,卖盘
1171,13:46:44,30.75,-0.01,8,24600,卖盘
1172,13:46:41,30.76,0.01,67,206092,买盘
1173,13:46:38,30.75,-0.01,27,83025,卖盘
1174,13:46:32,30.76,0.01,12,36912,买盘
1175,13:46:26,30.75,--,57,175275,卖盘
1176,13:46:20,30.75,-0.01,115,353625,卖盘
1177,13:46:17,30.76,0.01,12,36912,买盘
1178,13:46:14,30.75,--,1,3075,卖盘
1179,13:46:08,30.75,--,54,166542,卖盘
1180,13:46:05,30.75,--,9,27675,卖盘
1181,13:46:02,30.75,--,19,58425,卖盘
1182,13:45:59,30.75,--,14,43050,卖盘
1183,13:45:53,30.75,-0.01,88,270600,卖盘
1184,13:45:50,30.76,--,276,851067,卖盘
1185,13:45:47,30.76,-0.01,6,18456,卖盘
1186,13:45:44,30.77,0.01,6,18462,买盘
1187,13:45:41,30.76,--,40,125992,卖盘
1188,13:45:35,30.76,-0.02,29,89327,卖盘
1189,13:45:32,30.78,--,13,42476,卖盘
1190,13:45:29,30.78,--,41,126690,买盘
1191,13:45:26,30.78,--,606,1865268,买盘
1192,13:45:23,30.78,--,13,40137,买盘
1193,13:45:20,30.78,--,20,64514,买盘
1194,13:45:17,30.78,--,8,24624,买盘
1195,13:45:14,30.78,-0.02,72,221616,卖盘
1196,13:45:08,30.8,--,5,15523,买盘
1197,13:45:05,30.8,0.02,8,27596,买盘
1198,13:44:59,30.78,--,54,166212,卖盘
1199,13:44:56,30.78,-0.02,6,18468,卖盘
1200,13:44:53,30.8,0.01,81,249603,买盘
1201,13:44:50,30.79,-0.01,106,326374,中性盘
1202,13:44:44,30.8,0.02,2,9116,买盘
1203,13:44:41,30.78,-0.02,19,58605,卖盘
1204,13:44:38,30.8,0.01,12,39916,买盘
1205,13:44:35,30.79,-0.01,38,117002,卖盘
1206,13:44:32,30.8,-0.04,157,485038,卖盘
1207,13:44:29,30.84,0.02,16,49960,买盘
1208,13:44:26,30.82,--,60,187878,买盘
1209,13:44:23,30.82,0.01,512,1577984,买盘
1210,13:44:20,30.81,-0.01,2,6162,卖盘
1211,13:44:17,30.82,0.02,13,40189,买盘
1212,13:44:14,30.8,-0.02,4,15276,卖盘
1213,13:44:11,30.82,0.01,893,2754445,买盘
1214,13:44:08,30.81,--,116,357888,买盘
1215,13:44:02,30.81,0.01,88,271128,买盘
1216,13:43:59,30.8,-0.01,12,36960,卖盘
1217,13:43:56,30.81,0.01,22,69384,买盘
1218,13:43:53,30.8,--,4,15276,卖盘
1219,13:43:50,30.8,--,188,579040,卖盘
1220,13:43:47,30.8,0.02,152,468160,买盘
1221,13:43:44,30.78,--,9,27825,卖盘
1222,13:43:41,30.78,-0.02,20,61560,卖盘
1223,13:43:35,30.8,0.02,20,64556,买盘
1224,13:43:32,30.78,--,11,33981,卖盘
1225,13:43:29,30.78,-0.02,2,9110,卖盘
1226,13:43:26,30.8,-0.01,11,34496,中性盘
1227,13:43:23,30.81,0.03,11,33891,买盘
1228,13:43:17,30.78,--,4,12312,卖盘
1229,13:43:14,30.78,-0.03,33,101574,卖盘
1230,13:43:11,30.81,--,11,34753,卖盘
1231,13:43:08,30.81,--,1,3204,卖盘
1232,13:43:05,30.81,--,22,69877,买盘
1233,13:43:02,30.81,--,7,21567,买盘
1234,13:42:59,30.81,--,1,3081,买盘
1235,13:42:53,30.81,0.01,47,144807,买盘
1236,13:42:50,30.8,0.02,79,243320,买盘
1237,13:42:47,30.78,--,0,492,卖盘
1238,13:42:44,30.78,0.01,6,18468,中性盘
1239,13:42:41,30.77,-0.04,38,116926,卖盘
1240,13:42:38,30.81,0.03,41,126321,买盘
1241,13:42:29,30.78,0.01,2,6156,买盘
1242,13:42:26,30.77,-0.03,26,80986,卖盘
1243,13:42:23,30.8,0.02,29,91414,买盘
1244,13:42:17,30.78,--,9,27702,买盘
1245,13:42:14,30.78,-0.02,23,72271,卖盘
1246,13:42:11,30.8,-0.02,11,36467,卖盘
1247,13:42:08,30.82,-0.03,42,129444,卖盘
1248,13:42:05,30.85,0.05,682,2103970,买盘
1249,13:42:02,30.8,--,7,21560,卖盘
1250,13:41:59,30.8,-0.02,25,77000,卖盘
1251,13:41:53,30.82,0.02,1,3082,买盘
1252,13:41:50,30.8,--,88,271040,卖盘
1253,13:41:47,30.8,-0.01,43,132440,卖盘
1254,13:41:44,30.81,0.01,23,70863,买盘
1255,13:41:41,30.8,--,5,15400,卖盘
1256,13:41:38,30.8,-0.01,37,113960,卖盘
1257,13:41:35,30.81,0.01,10,30810,买盘
1258,13:41:32,30.8,-0.02,72,221760,卖盘
1259,13:41:29,30.82,0.01,51,157675,买盘
1260,13:41:26,30.81,--,11,33891,买盘
1261,13:41:23,30.81,0.01,13,40053,买盘
1262,13:41:17,30.8,--,45,138600,买盘
1263,13:41:14,30.8,0.02,55,169400,买盘
1264,13:41:11,30.78,-0.02,62,190836,卖盘
1265,13:41:08,30.8,--,20,61600,买盘
1266,13:41:05,30.8,0.02,10,30800,买盘
1267,13:41:02,30.78,-0.02,33,101574,卖盘
1268,13:40:59,30.8,--,8,24640,卖盘
1269,13:40:53,30.8,0.02,7,21560,买盘
1270,13:40:50,30.78,-0.03,80,246240,卖盘
1271,13:40:47,30.81,0.01,14,43626,卖盘
1272,13:40:44,30.8,--,29,89320,卖盘
1273,13:40:41,30.8,-0.02,57,175560,卖盘
1274,13:40:38,30.82,0.01,24,73968,买盘
1275,13:40:35,30.81,0.01,3,9243,买盘
1276,13:40:32,30.8,--,13,40040,卖盘
1277,13:40:29,30.8,--,58,178640,卖盘
1278,13:40:26,30.8,--,2,6160,卖盘
1279,13:40:23,30.8,0.09,57,176668,买盘
1280,13:40:17,30.71,-0.06,48,147408,卖盘
1281,13:40:11,30.77,--,805,2476985,卖盘
1282,13:40:08,30.77,-0.03,0,492,卖盘
1283,13:40:05,30.8,0.03,51,157080,买盘
1284,13:40:02,30.77,-0.03,1,3077,卖盘
1285,13:39:59,30.8,--,27,83160,买盘
1286,13:39:56,30.8,--,2,6160,买盘
1287,13:39:53,30.8,--,78,240240,买盘
1288,13:39:50,30.8,--,173,532840,买盘
1289,13:39:47,30.8,0.05,10,30800,买盘
1290,13:39:44,30.75,-0.01,46,141450,卖盘
1291,13:39:41,30.76,-0.04,7,21532,卖盘
1292,13:39:38,30.8,--,13,40040,买盘
1293,13:39:32,30.8,--,7,21560,买盘
1294,13:39:29,30.8,--,164,505120,买盘
1295,13:39:23,30.8,--,43,132440,买盘
1296,13:39:14,30.8,-0.02,69,215107,卖盘
1297,13:39:11,30.82,--,13,40682,买盘
1298,13:39:08,30.82,0.02,19,58558,买盘
1299,13:39:02,30.8,-0.02,77,237160,卖盘
1300,13:38:59,30.82,0.02,66,206370,买盘
1301,13:38:52,30.8,--,45,138600,买盘
1302,13:38:49,30.8,--,2,6160,买盘
1303,13:38:46,30.8,--,292,899976,卖盘
1304,13:38:43,30.8,--,3,9240,卖盘
1305,13:38:37,30.8,--,99,307384,买盘
1306,13:38:34,30.8,--,16,49280,买盘
1307,13:38:31,30.8,-0.02,5,15400,中性盘
1308,13:38:25,30.82,0.06,47,144854,买盘
1309,13:38:22,30.76,-0.04,6,18456,卖盘
1310,13:38:19,30.8,--,104,321921,卖盘
1311,13:38:13,30.8,0.01,267,823838,买盘
1312,13:38:10,30.79,0.01,48,147792,买盘
1313,13:38:07,30.78,0.02,0,615,中性盘
1314,13:38:04,30.76,-0.03,56,172256,卖盘
1315,13:37:58,30.79,-0.01,0,2955,买盘
1316,13:37:52,30.8,0.04,7,21683,买盘
1317,13:37:49,30.76,--,44,138296,卖盘
1318,13:37:43,30.76,-0.04,10,30760,中性盘
1319,13:37:40,30.8,0.02,12,36960,买盘
1320,13:37:37,30.78,0.03,13,40137,买盘
1321,13:37:34,30.75,--,80,246000,卖盘
1322,13:37:31,30.75,-0.01,10,30750,卖盘
1323,13:37:28,30.76,0.01,1,4060,中性盘
1324,13:37:25,30.75,-0.04,172,528900,卖盘
1325,13:37:22,30.79,0.01,82,252478,买盘
1326,13:37:19,30.78,--,49,150822,买盘
1327,13:37:10,30.78,0.03,129,397062,买盘
1328,13:37:07,30.75,--,2,6150,卖盘
1329,13:37:01,30.75,--,55,169125,卖盘
1330,13:36:55,30.75,-0.03,6,18450,卖盘
1331,13:36:52,30.78,--,6,18468,买盘
1332,13:36:46,30.78,-0.02,45,141095,卖盘
1333,13:36:43,30.8,--,5,15400,卖盘
1334,13:36:40,30.8,0.02,56,172480,买盘
1335,13:36:37,30.78,-0.02,78,240084,卖盘
1336,13:36:34,30.8,--,6,18480,买盘
1337,13:36:31,30.8,0.02,20,61600,买盘
1338,13:36:28,30.78,--,30,92340,卖盘
1339,13:36:25,30.78,--,43,132354,卖盘
1340,13:36:22,30.78,-0.01,206,634068,卖盘
1341,13:36:19,30.79,0.01,35,107765,中性盘
1342,13:36:16,30.78,-0.02,21,64638,卖盘
1343,13:36:13,30.8,0.02,97,298760,买盘
1344,13:36:07,30.78,-0.04,11,34350,买盘
1345,13:36:04,30.82,0.04,10,33285,买盘
1346,13:36:01,30.78,-0.02,1,3693,买盘
1347,13:35:58,30.8,0.1,337,1037960,买盘
1348,13:35:55,30.7,-0.1,180,554564,卖盘
1349,13:35:52,30.8,0.02,6,18480,买盘
1350,13:35:49,30.78,-0.03,137,423286,卖盘
1351,13:35:46,30.81,0.02,367,1133315,买盘
1352,13:35:43,30.79,0.09,9,27711,买盘
1353,13:35:37,30.7,-0.1,30,92100,卖盘
1354,13:35:31,30.8,--,16,49280,买盘
1355,13:35:28,30.8,0.1,571,1758680,买盘
1356,13:35:25,30.7,--,143,439010,卖盘
1357,13:35:22,30.7,-0.1,7,21490,卖盘
1358,13:35:19,30.8,0.01,11,33880,买盘
1359,13:35:16,30.79,-0.01,1,3079,中性盘
1360,13:35:13,30.8,0.1,62,190960,买盘
1361,13:35:10,30.7,--,12,36840,卖盘
1362,13:35:07,30.7,0.01,845,2595746,买盘
1363,13:35:04,30.69,--,5,17800,卖盘
1364,13:35:01,30.69,-0.02,73,224159,卖盘
1365,13:34:58,30.71,0.01,8,24568,买盘
1366,13:34:55,30.7,-0.02,0,2947,中性盘
1367,13:34:52,30.72,0.02,31,95846,买盘
1368,13:34:49,30.7,--,368,1130619,买盘
1369,13:34:46,30.7,-0.01,53,162710,卖盘
1370,13:34:43,30.71,0.01,8,27516,中性盘
1371,13:34:40,30.7,--,16,49242,买盘
1372,13:34:37,30.7,--,45,138150,卖盘
1373,13:34:34,30.7,--,13,39910,卖盘
1374,13:34:28,30.7,-0.02,20,61400,卖盘
1375,13:34:22,30.72,0.02,40,123371,买盘
1376,13:34:16,30.7,--,20,62750,买盘
1377,13:34:13,30.7,0.04,12,36840,买盘
1378,13:34:10,30.66,-0.04,4,12264,卖盘
1379,13:34:07,30.7,--,2,6140,中性盘
1380,13:34:01,30.7,--,110,337700,买盘
1381,13:33:58,30.7,--,13,39910,买盘
1382,13:33:55,30.7,--,17,52190,卖盘
1383,13:33:52,30.7,--,30,92100,卖盘
1384,13:33:49,30.7,0.03,57,174990,中性盘
1385,13:33:46,30.67,-0.05,167,512189,卖盘
1386,13:33:40,30.72,0.02,12,36864,买盘
1387,13:33:37,30.7,--,31,95170,卖盘
1388,13:33:34,30.7,--,38,116660,卖盘
1389,13:33:31,30.7,--,17,52190,卖盘
1390,13:33:28,30.7,--,34,104871,卖盘
1391,13:33:25,30.7,--,20,61400,买盘
1392,13:33:22,30.7,--,10,30700,买盘
1393,13:33:16,30.7,--,10,30700,买盘
1394,13:33:13,30.7,--,20,61400,买盘
1395,13:33:10,30.7,--,300,921000,买盘
1396,13:33:07,30.7,--,7,21490,买盘
1397,13:33:04,30.7,-0.03,45,138150,卖盘
1398,13:33:01,30.73,--,83,255059,买盘
1399,13:32:58,30.73,--,4,12292,买盘
1400,13:32:55,30.73,0.06,46,141358,买盘
1401,13:32:52,30.67,--,25,76675,卖盘
1402,13:32:49,30.67,-0.03,40,123906,卖盘
1403,13:32:46,30.7,--,32,100082,买盘
1404,13:32:43,30.7,--,3,9210,买盘
1405,13:32:40,30.7,--,18,55260,买盘
1406,13:32:37,30.7,--,18,55505,卖盘
1407,13:32:34,30.7,-0.03,151,465412,卖盘
1408,13:32:31,30.73,-0.02,0,2950,卖盘
1409,13:32:28,30.75,0.05,200,615000,买盘
1410,13:32:25,30.7,-0.05,20,61400,卖盘
1411,13:32:19,30.75,--,224,688800,买盘
1412,13:32:10,30.75,0.05,56,172200,买盘
1413,13:32:07,30.7,--,10,31805,买盘
1414,13:32:01,30.7,-0.03,81,248670,卖盘
1415,13:31:58,30.73,-0.02,12,36876,中性盘
1416,13:31:55,30.75,0.05,29,89175,买盘
1417,13:31:52,30.7,0.03,37,114818,买盘
1418,13:31:49,30.67,-0.02,35,107345,卖盘
1419,13:31:46,30.69,0.01,4,12276,中性盘
1420,13:31:43,30.68,-0.01,275,845663,卖盘
1421,13:31:40,30.69,0.01,27,82863,买盘
1422,13:31:37,30.68,-0.02,69,211692,卖盘
1423,13:31:34,30.7,--,196,601720,买盘
1424,13:31:28,30.7,--,6,18420,买盘
1425,13:31:25,30.7,--,25,76750,买盘
1426,13:31:22,30.7,-0.02,241,741466,卖盘
1427,13:31:16,30.72,0.02,82,251904,买盘
1428,13:31:13,30.7,--,84,257880,卖盘
1429,13:31:10,30.7,-0.02,210,644700,卖盘
1430,13:31:04,30.72,-0.03,20,61440,买盘
1431,13:30:58,30.75,-0.03,267,821025,卖盘
1432,13:30:55,30.78,0.01,22,67716,买盘
1433,13:30:52,30.77,0.02,26,80002,买盘
1434,13:30:49,30.75,-0.02,16,49200,卖盘
1435,13:30:46,30.77,-0.01,15,46155,中性盘
1436,13:30:43,30.78,0.03,18,55404,买盘
1437,13:30:40,30.75,-0.03,72,221400,卖盘
1438,13:30:37,30.78,-0.01,126,389428,卖盘
1439,13:30:34,30.79,-0.03,6,18474,卖盘
1440,13:30:31,30.82,0.04,6,21450,买盘
1441,13:30:28,30.78,--,27,83229,卖盘
1442,13:30:25,30.78,--,2,6156,卖盘
1443,13:30:22,30.78,-0.04,16,49248,卖盘
1444,13:30:19,30.82,0.03,52,160264,买盘
1445,13:30:13,30.79,-0.03,0,2955,中性盘
1446,13:30:10,30.82,0.04,6,18492,买盘
1447,13:30:07,30.78,--,17,52941,卖盘
1448,13:30:04,30.78,-0.04,73,224694,卖盘
1449,13:30:01,30.82,0.03,98,302036,买盘
1450,13:29:55,30.79,0.01,2,6158,中性盘
1451,13:29:52,30.78,-0.01,19,58482,卖盘
1452,13:29:49,30.79,-0.04,79,243241,卖盘
1453,13:29:46,30.83,--,18,55494,买盘
1454,13:29:43,30.83,0.04,4,12332,买盘
1455,13:29:40,30.79,--,33,101607,卖盘
1456,13:29:37,30.79,-0.04,8,24632,卖盘
1457,13:29:34,30.83,0.04,29,89407,买盘
1458,13:29:31,30.79,-0.01,269,828743,卖盘
1459,13:29:25,30.8,0.01,16,49280,买盘
1460,13:29:19,30.79,--,15,46185,卖盘
1461,13:29:13,30.79,--,14,43598,买盘
1462,13:29:10,30.79,--,13,40027,买盘
1463,13:29:04,30.79,-0.01,12,36948,买盘
1464,13:29:01,30.8,-0.02,65,202787,卖盘
1465,13:28:58,30.82,-0.01,5,15410,卖盘
1466,13:28:55,30.83,0.01,24,73992,买盘
1467,13:28:46,30.82,0.01,42,129937,买盘
1468,13:28:43,30.81,-0.01,31,95511,中性盘
1469,13:28:37,30.82,0.02,245,755090,买盘
1470,13:28:34,30.8,-0.02,12,36960,卖盘
1471,13:28:31,30.82,0.02,6,18492,买盘
1472,13:28:28,30.8,0.01,1,3080,卖盘
1473,13:28:22,30.79,-0.03,1,3079,中性盘
1474,13:28:19,30.82,0.03,808,2490256,买盘
1475,13:28:16,30.79,--,7,21553,卖盘
1476,13:28:10,30.79,0.01,36,111336,买盘
1477,13:28:07,30.78,-0.05,3,9357,买盘
1478,13:28:04,30.83,0.06,116,360587,买盘
1479,13:27:58,30.77,0.04,8,24616,中性盘
1480,13:27:55,30.73,-0.07,83,255181,卖盘
1481,13:27:52,30.8,0.04,122,378716,买盘
1482,13:27:49,30.76,0.03,11,33959,卖盘
1483,13:27:46,30.73,--,256,789638,卖盘
1484,13:27:43,30.73,-0.05,33,101531,卖盘
1485,13:27:37,30.78,-0.02,2,6156,中性盘
1486,13:27:34,30.8,--,10,30800,买盘
1487,13:27:28,30.8,0.08,65,201185,买盘
1488,13:27:19,30.72,-0.06,202,620544,卖盘
1489,13:27:13,30.78,--,18,55404,买盘
1490,13:27:10,30.78,-0.02,23,70794,卖盘
1491,13:27:07,30.8,--,264,813120,买盘
1492,13:27:04,30.8,--,16,49280,买盘
1493,13:27:01,30.8,0.04,114,351120,买盘
1494,13:26:58,30.76,-0.04,30,92280,卖盘
1495,13:26:55,30.8,-0.01,5,15400,中性盘
1496,13:26:52,30.81,0.03,81,249561,买盘
1497,13:26:49,30.78,--,388,1194264,卖盘
1498,13:26:43,30.78,-0.02,205,630990,卖盘
1499,13:26:40,30.8,-0.03,409,1261691,卖盘
1500,13:26:37,30.83,--,3,9372,买盘
1501,13:26:28,30.83,--,34,104822,买盘
1502,13:26:25,30.83,0.01,2,6166,买盘
1503,13:26:22,30.82,--,8,27614,卖盘
1504,13:26:19,30.82,--,30,92460,卖盘
1505,13:26:07,30.82,--,43,133142,买盘
1506,13:26:04,30.82,--,58,178756,卖盘
1507,13:26:01,30.82,--,196,604072,买盘
1508,13:25:58,30.82,0.02,8,24656,买盘
1509,13:25:55,30.8,--,52,160160,卖盘
1510,13:25:52,30.8,--,47,144760,卖盘
1511,13:25:49,30.8,--,173,532840,卖盘
1512,13:25:46,30.8,--,91,280280,卖盘
1513,13:25:43,30.8,--,3,9240,卖盘
1514,13:25:40,30.8,--,9,27720,卖盘
1515,13:25:37,30.8,--,207,637560,卖盘
1516,13:25:34,30.8,-0.02,145,446600,卖盘
1517,13:25:31,30.82,0.02,2,6164,买盘
1518,13:25:28,30.8,-0.01,3,9732,卖盘
1519,13:25:22,30.81,0.02,302,930462,买盘
1520,13:25:19,30.79,0.01,9,27711,买盘
1521,13:25:16,30.78,-0.02,1,3078,卖盘
1522,13:25:13,30.8,-0.01,7,21560,买盘
1523,13:25:10,30.81,0.03,115,354315,买盘
1524,13:25:07,30.78,-0.02,34,104652,卖盘
1525,13:25:04,30.8,-0.01,3,9240,中性盘
1526,13:25:01,30.81,--,7,21567,买盘
1527,13:24:58,30.81,0.05,607,1870167,买盘
1528,13:24:52,30.76,--,27,83052,卖盘
1529,13:24:49,30.76,--,15,46632,卖盘
1530,13:24:46,30.76,-0.03,98,301448,卖盘
1531,13:24:43,30.79,-0.02,3,9237,中性盘
1532,13:24:40,30.81,0.04,7,21567,买盘
1533,13:24:31,30.77,-0.04,39,120003,卖盘
1534,13:24:28,30.81,0.03,29,89349,买盘
1535,13:24:25,30.78,-0.03,13,40014,卖盘
1536,13:24:22,30.81,0.02,180,554580,买盘
1537,13:24:19,30.79,--,7,21553,买盘
1538,13:24:16,30.79,-0.01,51,159615,卖盘
1539,13:24:10,30.8,--,26,80080,卖盘
1540,13:24:07,30.8,--,97,299252,卖盘
1541,13:24:04,30.8,--,25,77000,卖盘
1542,13:24:01,30.8,--,21,64680,卖盘
1543,13:23:58,30.8,0.01,74,227920,买盘
1544,13:23:55,30.79,0.02,29,89291,中性盘
1545,13:23:52,30.77,-0.03,48,147696,卖盘
1546,13:23:49,30.8,0.03,100,308000,买盘
1547,13:23:46,30.77,-0.02,82,252314,卖盘
1548,13:23:40,30.79,0.01,45,138555,买盘
1549,13:23:37,30.78,-0.01,44,135432,卖盘
1550,13:23:34,30.79,--,18,55422,买盘
1551,13:23:31,30.79,-0.02,37,113923,买盘
1552,13:23:28,30.81,0.03,35,108327,买盘
1553,13:23:25,30.78,-0.01,319,982005,卖盘
1554,13:23:22,30.79,--,0,2955,买盘
1555,13:23:19,30.79,--,1,3202,买盘
1556,13:23:16,30.79,--,20,61580,买盘
1557,13:23:13,30.79,-0.01,22,67738,卖盘
1558,13:23:04,30.8,0.02,328,1010240,买盘
1559,13:23:01,30.78,--,28,86184,卖盘
1560,13:22:58,30.78,--,34,104652,买盘
1561,13:22:55,30.78,-0.01,4,12312,买盘
1562,13:22:49,30.79,-0.01,30,95325,买盘
1563,13:22:46,30.8,0.03,331,1019603,买盘
1564,13:22:43,30.77,-0.01,72,224497,卖盘
1565,13:22:40,30.78,-0.01,26,80028,卖盘
1566,13:22:37,30.79,--,31,95572,买盘
1567,13:22:34,30.79,0.01,12,36948,买盘
1568,13:22:31,30.78,-0.01,42,132230,卖盘
1569,13:22:28,30.79,--,8,24632,买盘
1570,13:22:25,30.79,-0.01,3,9360,买盘
1571,13:22:22,30.8,0.02,50,154000,买盘
1572,13:22:19,30.78,-0.02,46,144542,卖盘
1573,13:22:13,30.8,0.03,6,19096,买盘
1574,13:22:07,30.77,-0.01,87,267699,卖盘
1575,13:22:04,30.78,-0.03,9,27702,中性盘
1576,13:22:01,30.81,0.04,4,12324,买盘
1577,13:21:55,30.77,-0.03,212,653431,卖盘
1578,13:21:52,30.8,0.03,0,2956,中性盘
1579,13:21:49,30.77,-0.04,19,58586,卖盘
1580,13:21:43,30.81,--,6,21443,买盘
1581,13:21:40,30.81,0.03,77,237360,买盘
1582,13:21:37,30.78,-0.03,18,58358,卖盘
1583,13:21:34,30.81,0.01,6,18486,买盘
1584,13:21:28,30.8,-0.02,35,108416,卖盘
1585,13:21:25,30.82,0.02,46,141772,买盘
1586,13:21:22,30.8,-0.02,6,18480,中性盘
1587,13:21:16,30.82,0.02,48,147936,买盘
1588,13:21:13,30.8,-0.02,66,205744,卖盘
1589,13:21:07,30.82,--,89,274421,买盘
1590,13:21:04,30.82,--,0,2958,买盘
1591,13:21:01,30.82,0.02,87,268257,买盘
1592,13:20:58,30.8,--,114,351120,卖盘
1593,13:20:55,30.8,--,108,335596,卖盘
1594,13:20:52,30.8,--,47,144883,卖盘
1595,13:20:46,30.8,--,35,108292,卖盘
1596,13:20:43,30.8,--,13,40040,买盘
1597,13:20:40,30.8,--,74,227920,买盘
1598,13:20:37,30.8,0.04,8,25502,买盘
1599,13:20:34,30.76,-0.03,23,70748,卖盘
1600,13:20:28,30.79,0.02,73,224767,买盘
1601,13:20:25,30.77,--,80,247021,卖盘
1602,13:20:22,30.77,--,2,6154,卖盘
1603,13:20:19,30.77,-0.07,4,12308,卖盘
1604,13:20:16,30.84,0.07,6,18504,买盘
1605,13:20:13,30.77,--,2,6154,卖盘
1606,13:20:07,30.77,-0.06,404,1245323,卖盘
1607,13:20:04,30.83,0.03,18,55494,中性盘
1608,13:20:01,30.8,--,1,3080,卖盘
1609,13:19:58,30.8,0.01,15,46200,中性盘
1610,13:19:55,30.79,0.03,54,166266,买盘
1611,13:19:52,30.76,-0.01,21,64596,卖盘
1612,13:19:46,30.77,-0.02,1,3077,卖盘
1613,13:19:43,30.79,0.02,81,249399,卖盘
1614,13:19:37,30.77,-0.08,22,67694,卖盘
1615,13:19:34,30.85,0.06,341,1051985,买盘
1616,13:19:31,30.79,0.02,7,21553,买盘
1617,13:19:28,30.77,--,14,43570,卖盘
1618,13:19:25,30.77,0.01,58,178466,买盘
1619,13:19:22,30.76,-0.01,4,12304,卖盘
1620,13:19:19,30.77,--,18,55386,买盘
1621,13:19:16,30.77,--,12,36924,卖盘
1622,13:19:13,30.77,--,1,3077,卖盘
1623,13:19:10,30.77,--,97,298469,卖盘
1624,13:19:04,30.77,-0.02,11,33847,卖盘
1625,13:19:01,30.79,0.03,16,49264,买盘
1626,13:18:55,30.76,0.01,39,119964,买盘
1627,13:18:52,30.75,-0.01,27,83025,卖盘
1628,13:18:49,30.76,--,8,24608,买盘
1629,13:18:46,30.76,-0.01,76,233776,中性盘
1630,13:18:40,30.77,-0.03,10,30770,卖盘
1631,13:18:37,30.8,--,6,18480,买盘
1632,13:18:31,30.8,0.05,27,83160,买盘
1633,13:18:28,30.75,0.03,2,6150,中性盘
1634,13:18:24,30.72,-0.03,153,470016,卖盘
1635,13:18:21,30.75,0.03,80,246000,买盘
1636,13:18:18,30.72,-0.02,1,3072,中性盘
1637,13:18:12,30.74,-0.03,510,1567740,卖盘
1638,13:18:09,30.77,0.02,77,236929,买盘
1639,13:18:06,30.75,-0.02,191,587325,卖盘
1640,13:18:03,30.77,--,10,30770,卖盘
1641,13:18:00,30.77,-0.02,157,483089,卖盘
1642,13:17:54,30.79,-0.01,220,677380,卖盘
1643,13:17:51,30.8,--,124,381920,买盘
1644,13:17:48,30.8,-0.04,175,540108,卖盘
1645,13:17:45,30.84,--,2,9128,买盘
1646,13:17:42,30.84,0.03,80,246720,买盘
1647,13:17:36,30.81,0.01,17,52500,买盘
1648,13:17:33,30.8,-0.04,2,6160,卖盘
1649,13:17:30,30.84,--,4,12336,买盘
1650,13:17:21,30.84,0.04,120,371560,中性盘
1651,13:17:15,30.8,-0.05,105,323400,卖盘
1652,13:17:12,30.85,0.03,124,382540,买盘
1653,13:17:06,30.82,-0.03,79,243478,卖盘
1654,13:17:03,30.85,--,202,625761,卖盘
1655,13:17:00,30.85,-0.03,130,401050,卖盘
1656,13:16:57,30.88,--,8,24704,买盘
1657,13:16:54,30.88,--,43,132784,买盘
1658,13:16:51,30.88,--,32,98816,买盘
1659,13:16:48,30.88,--,14,43232,买盘
1660,13:16:45,30.88,-0.02,240,743096,卖盘
1661,13:16:42,30.9,0.02,96,297752,买盘
1662,13:16:39,30.88,-0.01,112,345856,卖盘
1663,13:16:36,30.89,--,14,45840,卖盘
1664,13:16:33,30.89,-0.01,52,163593,卖盘
1665,13:16:30,30.9,--,21,65013,买盘
1666,13:16:27,30.9,0.01,8,27686,买盘
1667,13:16:24,30.89,-0.01,22,67958,卖盘
1668,13:16:18,30.9,--,2,6180,买盘
1669,13:16:15,30.9,0.01,25,77373,买盘
1670,13:16:09,30.89,-0.01,10,33855,卖盘
1671,13:16:06,30.9,--,90,278718,买盘
1672,13:16:03,30.9,--,5,15450,买盘
1673,13:16:00,30.9,0.01,10,30900,买盘
1674,13:15:57,30.89,0.01,24,74136,中性盘
1675,13:15:54,30.88,-0.03,52,160576,卖盘
1676,13:15:51,30.91,0.01,230,710930,买盘
1677,13:15:48,30.9,--,35,108150,卖盘
1678,13:15:45,30.9,-0.01,12,37080,卖盘
1679,13:15:42,30.91,--,206,636746,买盘
1680,13:15:39,30.91,0.01,17,52547,买盘
1681,13:15:36,30.9,0.01,34,105554,买盘
1682,13:15:33,30.89,-0.01,10,30890,中性盘
1683,13:15:30,30.9,0.02,44,135960,买盘
1684,13:15:27,30.88,-0.02,12,37056,卖盘
1685,13:15:18,30.9,-0.01,32,98880,卖盘
1686,13:15:15,30.91,-0.01,76,234916,卖盘
1687,13:15:12,30.92,-0.01,73,225716,中性盘
1688,13:15:03,30.93,0.05,39,120627,买盘
1689,13:15:00,30.88,-0.03,15,46320,卖盘
1690,13:14:57,30.91,-0.02,15,46365,卖盘
1691,13:14:54,30.93,0.03,452,1398036,买盘
1692,13:14:45,30.9,0.02,435,1346622,买盘
1693,13:14:42,30.88,-0.02,22,67936,卖盘
1694,13:14:36,30.9,--,29,89610,买盘
1695,13:14:33,30.9,0.02,14,43260,买盘
1696,13:14:24,30.88,0.02,16,49902,买盘
1697,13:14:21,30.86,--,19,58634,买盘
1698,13:14:18,30.86,--,100,308600,买盘
1699,13:14:15,30.86,--,55,169730,买盘
1700,13:14:12,30.86,-0.02,26,80236,中性盘
1701,13:14:09,30.88,--,207,639216,买盘
1702,13:14:03,30.88,--,52,160576,买盘
1703,13:13:54,30.88,--,2,6176,买盘
1704,13:13:51,30.88,-0.02,36,113761,卖盘
1705,13:13:48,30.9,0.01,13,40170,买盘
1706,13:13:45,30.89,0.01,33,101937,买盘
1707,13:13:42,30.88,-0.01,63,194544,卖盘
1708,13:13:39,30.89,0.01,55,169895,买盘
1709,13:13:36,30.88,-0.01,21,64848,卖盘
1710,13:13:27,30.89,0.01,33,102431,买盘
1711,13:13:24,30.88,0.03,22,67936,卖盘
1712,13:13:21,30.85,-0.04,200,617000,卖盘
1713,13:13:18,30.89,0.04,117,361907,买盘
1714,13:13:15,30.85,--,200,617000,卖盘
1715,13:13:12,30.85,-0.03,66,203610,卖盘
1716,13:13:06,30.88,0.03,535,1652080,买盘
1717,13:13:00,30.85,--,65,200525,卖盘
1718,13:12:57,30.85,--,473,1459205,买盘
1719,13:12:54,30.85,--,10,30850,买盘
1720,13:12:51,30.85,--,8,24680,买盘
1721,13:12:45,30.85,0.01,28,86873,买盘
1722,13:12:42,30.84,0.03,14,43176,买盘
1723,13:12:39,30.81,-0.04,20,61620,中性盘
1724,13:12:33,30.85,0.05,11,34058,买盘
1725,13:12:24,30.8,-0.05,44,138476,卖盘
1726,13:12:18,30.85,--,40,123400,买盘
1727,13:12:12,30.85,0.05,44,135740,买盘
1728,13:12:09,30.8,--,9,27843,卖盘
1729,13:12:06,30.8,-0.05,7,22052,卖盘
1730,13:12:03,30.85,--,10,30850,买盘
1731,13:12:00,30.85,--,58,178930,买盘
1732,13:11:57,30.85,0.05,35,107975,买盘
1733,13:11:54,30.8,-0.01,11,33880,卖盘
1734,13:11:51,30.81,0.01,13,40053,买盘
1735,13:11:48,30.8,-0.05,42,129360,卖盘
1736,13:11:45,30.85,0.04,205,632425,买盘
1737,13:11:42,30.81,--,3,9243,买盘
1738,13:11:36,30.81,0.01,13,40053,买盘
1739,13:11:33,30.8,--,2,6160,卖盘
1740,13:11:30,30.8,-0.01,28,86240,卖盘
1741,13:11:27,30.81,--,12,37464,买盘
1742,13:11:21,30.81,0.01,12,36972,买盘
1743,13:11:18,30.8,-0.02,8,24640,卖盘
1744,13:11:15,30.82,0.01,8,24656,买盘
1745,13:11:09,30.81,-0.02,1,3081,中性盘
1746,13:11:06,30.83,0.02,148,456284,买盘
1747,13:11:03,30.81,-0.01,3,9243,卖盘
1748,13:10:54,30.82,0.01,10,30820,买盘
1749,13:10:51,30.81,-0.01,16,49788,卖盘
1750,13:10:45,30.82,0.01,18,55476,买盘
1751,13:10:39,30.81,--,4,12324,卖盘
1752,13:10:36,30.81,--,4,12324,卖盘
1753,13:10:33,30.81,--,24,74560,卖盘
1754,13:10:27,30.81,0.01,0,2957,中性盘
1755,13:10:24,30.8,--,54,166320,卖盘
1756,13:10:21,30.8,-0.01,8,24640,卖盘
1757,13:10:18,30.81,--,3,9366,买盘
1758,13:10:12,30.81,--,16,52253,买盘
1759,13:10:09,30.81,0.01,8,24648,买盘
1760,13:10:06,30.8,--,6,19096,卖盘
1761,13:10:03,30.8,--,10,30800,卖盘
1762,13:10:00,30.8,--,11,33880,卖盘
1763,13:09:57,30.8,-0.01,3,9240,卖盘
1764,13:09:54,30.81,0.01,61,187941,买盘
1765,13:09:48,30.8,--,10,30800,卖盘
1766,13:09:45,30.8,--,2,6160,卖盘
1767,13:09:42,30.8,-0.01,15,46200,卖盘
1768,13:09:39,30.81,0.01,19,58539,买盘
1769,13:09:33,30.8,--,7,21560,卖盘
1770,13:09:30,30.8,--,19,58520,买盘
1771,13:09:27,30.8,-0.01,15,46692,中性盘
1772,13:09:18,30.81,0.01,10,30810,买盘
1773,13:09:15,30.8,--,9,27720,买盘
1774,13:09:12,30.8,--,30,94987,卖盘
1775,13:09:06,30.8,0.01,26,80572,买盘
1776,13:09:00,30.79,-0.01,50,153950,卖盘
1777,13:08:57,30.8,--,1,3080,买盘
1778,13:08:54,30.8,--,15,46200,买盘
1779,13:08:51,30.8,0.01,6,18480,买盘
1780,13:08:48,30.79,-0.01,0,1108,中性盘
1781,13:08:45,30.8,0.02,2,6160,买盘
1782,13:08:42,30.78,-0.02,16,49248,卖盘
1783,13:08:36,30.8,-0.01,37,116424,卖盘
1784,13:08:33,30.81,--,7,21567,买盘
1785,13:08:30,30.81,0.01,3,9243,买盘
1786,13:08:24,30.8,--,23,70840,卖盘
1787,13:08:21,30.8,-0.01,117,360360,卖盘
1788,13:08:15,30.81,0.01,6,18486,买盘
1789,13:08:09,30.8,-0.01,16,49280,卖盘
1790,13:08:03,30.81,0.01,1,3081,买盘
1791,13:08:00,30.8,-0.02,5,15400,卖盘
1792,13:07:57,30.82,0.01,14,43148,买盘
1793,13:07:54,30.81,--,2,6162,卖盘
1794,13:07:48,30.81,-0.03,81,249561,卖盘
1795,13:07:45,30.84,--,8,24672,卖盘
1796,13:07:33,30.84,--,69,212796,买盘
1797,13:07:30,30.84,--,57,175788,买盘
1798,13:07:27,30.84,--,9,27756,买盘
1799,13:07:24,30.84,--,9,27756,买盘
1800,13:07:21,30.84,--,57,175788,买盘
1801,13:07:18,30.84,-0.01,8,24672,卖盘
1802,13:07:15,30.85,--,39,120315,买盘
1803,13:07:12,30.85,0.01,59,182015,买盘
1804,13:07:09,30.84,-0.01,80,246720,卖盘
1805,13:07:00,30.85,--,2,6170,买盘
1806,13:06:54,30.85,0.01,10,30850,买盘
1807,13:06:51,30.84,0.01,13,40092,买盘
1808,13:06:48,30.83,0.03,5,16031,中性盘
1809,13:06:42,30.8,-0.04,10,30800,卖盘
1810,13:06:39,30.84,0.04,70,215880,买盘
1811,13:06:33,30.8,-0.05,16,49280,卖盘
1812,13:06:30,30.85,0.05,6,21471,买盘
1813,13:06:27,30.8,-0.05,15,46323,中性盘
1814,13:06:24,30.85,0.06,528,1628880,买盘
1815,13:06:21,30.79,-0.01,32,101483,卖盘
1816,13:06:18,30.8,0.01,11,34003,买盘
1817,13:06:15,30.79,-0.01,78,242625,卖盘
1818,13:06:12,30.8,-0.03,3,9240,卖盘
1819,13:06:09,30.83,0.03,159,492293,买盘
1820,13:06:06,30.8,--,189,582120,买盘
1821,13:06:00,30.8,--,8,24640,买盘
1822,13:05:57,30.8,0.02,4,12320,买盘
1823,13:05:51,30.78,-0.03,14,43092,卖盘
1824,13:05:42,30.81,0.04,303,935145,买盘
1825,13:05:42,30.77,-0.01,103,316931,卖盘
1826,13:05:39,30.78,-0.01,227,700183,卖盘
1827,13:05:33,30.79,0.01,10,30790,买盘
1828,13:05:30,30.78,--,40,123120,卖盘
1829,13:05:27,30.78,-0.01,224,689964,卖盘
1830,13:05:24,30.79,0.01,12,36948,买盘
1831,13:05:21,30.78,0.03,114,352000,买盘
1832,13:05:15,30.75,--,308,947100,卖盘
1833,13:05:12,30.75,--,4,12300,卖盘
1834,13:05:09,30.75,-0.01,3,9225,卖盘
1835,13:05:03,30.76,0.01,12,36912,买盘
1836,13:05:00,30.75,-0.02,25,76875,卖盘
1837,13:04:54,30.77,--,44,135388,买盘
1838,13:04:42,30.77,0.02,10,30770,卖盘
1839,13:04:33,30.75,-0.03,3,9225,卖盘
1840,13:04:30,30.78,0.01,9,27702,买盘
1841,13:04:27,30.77,-0.01,1,3077,中性盘
1842,13:04:18,30.78,--,19,58482,买盘
1843,13:04:15,30.78,--,6,21053,卖盘
1844,13:04:12,30.78,0.02,5,15882,买盘
1845,13:04:09,30.76,-0.04,8,24608,卖盘
1846,13:04:06,30.8,0.02,121,374651,买盘
1847,13:04:00,30.78,--,1,3201,卖盘
1848,13:03:57,30.78,--,75,231834,买盘
1849,13:03:54,30.78,--,5,15390,买盘
1850,13:03:51,30.78,--,11,36443,买盘
1851,13:03:48,30.78,--,10,30780,买盘
1852,13:03:45,30.78,--,13,40014,买盘
1853,13:03:36,30.78,--,3,11696,卖盘
1854,13:03:33,30.78,--,11,33981,卖盘
1855,13:03:27,30.78,0.02,11,34350,卖盘
1856,13:03:24,30.76,-0.03,6,18456,卖盘
1857,13:03:21,30.79,--,17,52343,买盘
1858,13:03:12,30.79,0.01,7,21553,买盘
1859,13:03:09,30.78,--,1,3078,卖盘
1860,13:03:03,30.78,-0.01,85,264215,卖盘
1861,13:02:57,30.79,--,42,132273,卖盘
1862,13:02:54,30.79,0.02,131,403964,买盘
1863,13:02:51,30.77,0.01,9,27693,买盘
1864,13:02:48,30.76,--,5,15872,卖盘
1865,13:02:42,30.76,-0.02,41,126116,卖盘
1866,13:02:39,30.78,0.01,8,24624,买盘
1867,13:02:33,30.77,-0.01,4,12308,卖盘
1868,13:02:27,30.78,--,13,40014,买盘
1869,13:02:24,30.78,--,2,6156,买盘
1870,13:02:21,30.78,--,3,9234,买盘
1871,13:02:18,30.78,--,4,12312,买盘
1872,13:02:15,30.78,-0.02,16,51833,卖盘
1873,13:02:09,30.8,0.02,26,80080,买盘
1874,13:02:06,30.78,-0.02,17,52818,卖盘
1875,13:02:03,30.8,--,4,12320,买盘
1876,13:01:54,30.8,--,14,43120,买盘
1877,13:01:51,30.8,--,7,21560,买盘
1878,13:01:48,30.8,--,200,616000,买盘
1879,13:01:45,30.8,--,7,21560,买盘
1880,13:01:42,30.8,--,9,27720,买盘
1881,13:01:39,30.8,--,1,3080,买盘
1882,13:01:32,30.8,--,111,343358,卖盘
1883,13:01:29,30.8,--,0,1601,卖盘
1884,13:01:26,30.8,--,20,61600,卖盘
1885,13:01:23,30.8,--,45,138600,卖盘
1886,13:01:17,30.8,--,26,80080,卖盘
1887,13:01:11,30.8,--,65,200200,卖盘
1888,13:01:08,30.8,--,211,649880,买盘
1889,13:01:05,30.8,0.02,104,320320,买盘
1890,13:01:02,30.78,-0.01,15,46170,卖盘
1891,13:00:59,30.79,--,11,33869,买盘
1892,13:00:56,30.79,--,5,15395,买盘
1893,13:00:47,30.79,--,8,24632,买盘
1894,13:00:44,30.79,--,10,30790,买盘
1895,13:00:41,30.79,-0.01,22,67738,卖盘
1896,13:00:38,30.8,0.01,9,27720,买盘
1897,13:00:32,30.79,--,23,70817,买盘
1898,13:00:26,30.79,0.04,9,27711,买盘
1899,13:00:17,30.75,--,8,24600,买盘
1900,13:00:14,30.75,--,2,6150,买盘
1901,13:00:08,30.75,-0.04,26,79950,卖盘
1902,13:00:05,30.79,--,40,123160,买盘
1903,13:00:02,30.79,0.01,683,2102957,卖盘
1904,11:30:03,30.78,-0.02,6,18468,卖盘
1905,11:29:57,30.8,0.02,160,492800,买盘
1906,11:29:51,30.78,0.03,145,446310,买盘
1907,11:29:48,30.75,--,6,18450,买盘
1908,11:29:45,30.75,0.01,8,24600,买盘
1909,11:29:42,30.74,--,6,18444,卖盘
1910,11:29:33,30.74,0.04,216,664967,买盘
1911,11:29:27,30.7,0.01,2,6631,买盘
1912,11:29:24,30.69,-0.05,5,15345,卖盘
1913,11:29:21,30.74,0.01,27,82998,买盘
1914,11:29:18,30.73,0.02,8,24584,买盘
1915,11:29:12,30.71,-0.02,1,3071,买盘
1916,11:29:09,30.73,0.04,11,33803,买盘
1917,11:29:06,30.69,-0.04,26,79794,卖盘
1918,11:29:03,30.73,--,5,15365,买盘
1919,11:29:00,30.73,--,34,104482,买盘
1920,11:28:57,30.73,--,8,24584,买盘
1921,11:28:54,30.73,0.01,185,568505,买盘
1922,11:28:51,30.72,-0.01,7,21504,卖盘
1923,11:28:48,30.73,0.02,37,114192,买盘
1924,11:28:42,30.71,-0.01,10,30710,卖盘
1925,11:28:39,30.72,0.05,126,387194,买盘
1926,11:28:33,30.67,-0.04,98,300566,卖盘
1927,11:28:30,30.71,--,4,12284,买盘
1928,11:28:27,30.71,-0.01,8,24568,买盘
1929,11:28:18,30.72,0.05,23,70656,买盘
1930,11:28:15,30.67,--,10,30670,卖盘
1931,11:28:12,30.67,--,13,39871,卖盘
1932,11:28:09,30.67,--,76,233092,卖盘
1933,11:28:06,30.67,--,0,490,卖盘
1934,11:28:03,30.67,-0.03,15,46005,卖盘
1935,11:27:57,30.7,-0.02,1,3070,卖盘
1936,11:27:54,30.72,0.02,170,522240,买盘
1937,11:27:51,30.7,0.01,45,138150,买盘
1938,11:27:45,30.69,0.02,31,95139,中性盘
1939,11:27:39,30.67,--,37,113479,卖盘
1940,11:27:36,30.67,--,45,138015,卖盘
1941,11:27:33,30.67,--,14,42938,卖盘
1942,11:27:27,30.67,--,0,490,卖盘
1943,11:27:24,30.67,0.01,38,116546,买盘
1944,11:27:18,30.66,-0.01,59,180894,卖盘
1945,11:27:09,30.67,--,4,12268,买盘
1946,11:27:06,30.67,-0.02,34,104278,卖盘
1947,11:27:00,30.69,--,3,9207,卖盘
1948,11:26:57,30.69,-0.03,11,33759,中性盘
1949,11:26:54,30.72,0.02,152,466944,买盘
1950,11:26:51,30.7,0.04,15,46050,买盘
1951,11:26:48,30.66,-0.03,19,58744,卖盘
1952,11:26:42,30.69,0.01,224,687456,买盘
1953,11:26:39,30.68,-0.01,3,9326,卖盘
1954,11:26:36,30.69,--,20,61380,买盘
1955,11:26:33,30.69,--,20,61380,买盘
1956,11:26:27,30.69,-0.01,134,411246,卖盘
1957,11:26:24,30.7,--,34,104380,买盘
1958,11:26:21,30.7,--,100,307000,买盘
1959,11:26:15,30.7,--,8,24560,买盘
1960,11:26:12,30.7,0.02,5,15841,买盘
1961,11:26:06,30.68,--,8,24544,卖盘
1962,11:26:00,30.68,--,50,153400,卖盘
1963,11:25:57,30.68,-0.02,1,3068,卖盘
1964,11:25:54,30.7,0.01,155,475850,买盘
1965,11:25:51,30.69,0.03,7,21483,买盘
1966,11:25:48,30.66,0.04,16,49056,买盘
1967,11:25:45,30.62,-0.07,112,344903,卖盘
1968,11:25:39,30.69,0.04,64,196416,买盘
1969,11:25:36,30.65,-0.01,29,88885,卖盘
1970,11:25:33,30.66,-0.03,2,6132,卖盘
1971,11:25:30,30.69,--,8,24552,买盘
1972,11:25:27,30.69,--,128,393445,买盘
1973,11:25:24,30.69,--,12,36828,买盘
1974,11:25:21,30.69,--,14,45912,买盘
1975,11:25:18,30.69,0.04,28,85932,买盘
1976,11:25:12,30.65,-0.03,19,58357,卖盘
1977,11:25:09,30.68,--,16,49088,卖盘
1978,11:25:06,30.68,0.03,2,6136,卖盘
1979,11:25:03,30.65,--,70,214550,卖盘
1980,11:25:00,30.65,--,8,27462,卖盘
1981,11:24:57,30.65,--,207,634577,卖盘
1982,11:24:54,30.65,--,30,91950,卖盘
1983,11:24:45,30.65,--,24,74050,卖盘
1984,11:24:39,30.65,--,142,435230,买盘
1985,11:24:36,30.65,--,35,107275,买盘
1986,11:24:33,30.65,--,11,33715,买盘
1987,11:24:30,30.65,-0.02,44,134982,卖盘
1988,11:24:27,30.67,--,40,122680,卖盘
1989,11:24:24,30.67,--,23,70541,卖盘
1990,11:24:21,30.67,--,15,46005,卖盘
1991,11:24:18,30.67,0.02,143,441525,买盘
1992,11:24:12,30.65,0.03,67,205355,买盘
1993,11:24:09,30.62,-0.03,2,6613,买盘
1994,11:24:06,30.65,--,41,125665,买盘
1995,11:24:03,30.65,0.04,23,70495,买盘
1996,11:24:00,30.61,--,40,122440,卖盘
1997,11:23:57,30.61,-0.06,21,64281,卖盘
1998,11:23:54,30.67,--,184,564328,买盘
1999,11:23:51,30.67,0.01,91,279097,买盘
2000,11:23:48,30.66,--,2,6132,买盘
2001,11:23:39,30.66,0.03,10,30660,买盘
2002,11:23:36,30.63,-0.03,41,125583,卖盘
2003,11:23:30,30.66,-0.01,12,36792,中性盘
2004,11:23:27,30.67,--,20,61830,买盘
2005,11:23:24,30.67,0.06,30,92010,买盘
2006,11:23:21,30.61,-0.05,77,235697,卖盘
2007,11:23:15,30.66,0.04,8,24528,买盘
2008,11:23:12,30.62,-0.01,100,306200,卖盘
2009,11:23:06,30.63,-0.02,72,220536,卖盘
2010,11:23:03,30.65,--,42,128730,买盘
2011,11:23:00,30.65,-0.02,73,225461,卖盘
2012,11:22:54,30.67,--,9,27603,买盘
2013,11:22:51,30.67,0.03,13,39871,买盘
2014,11:22:48,30.64,-0.03,34,104666,卖盘
2015,11:22:45,30.67,--,5,15335,买盘
2016,11:22:42,30.67,--,16,49072,买盘
2017,11:22:39,30.67,0.02,53,162551,买盘
2018,11:22:33,30.65,-0.02,34,104577,卖盘
2019,11:22:30,30.67,--,120,368040,买盘
2020,11:22:27,30.67,-0.01,110,338842,卖盘
2021,11:22:24,30.68,--,3,9204,买盘
2022,11:22:18,30.68,0.01,28,85904,买盘
2023,11:22:15,30.67,--,133,409505,买盘
2024,11:22:09,30.67,0.01,43,131881,买盘
2025,11:22:06,30.66,--,0,490,卖盘
2026,11:22:00,30.66,-0.01,4,12264,卖盘
2027,11:21:57,30.67,0.01,10,30670,买盘
2028,11:21:54,30.66,0.02,22,67452,买盘
2029,11:21:51,30.64,-0.02,24,73536,卖盘
2030,11:21:45,30.66,0.01,24,73584,买盘
2031,11:21:39,30.65,--,69,211485,卖盘
2032,11:21:36,30.65,-0.01,45,137925,卖盘
2033,11:21:33,30.66,0.02,15,45990,买盘
2034,11:21:30,30.64,-0.01,37,113368,卖盘
2035,11:21:24,30.65,0.01,18,56273,卖盘
2036,11:21:21,30.64,--,34,104176,卖盘
2037,11:21:18,30.64,--,72,223549,卖盘
2038,11:21:12,30.64,--,20,61280,卖盘
2039,11:21:09,30.64,--,6,18384,卖盘
2040,11:21:06,30.64,-0.02,2,6128,卖盘
2041,11:21:03,30.66,0.02,17,52244,买盘
2042,11:21:00,30.64,--,34,106136,买盘
2043,11:20:57,30.64,0.03,5,15320,买盘
2044,11:20:54,30.61,-0.03,28,85708,卖盘
2045,11:20:51,30.64,0.03,10,30640,买盘
2046,11:20:48,30.61,-0.02,65,198965,卖盘
2047,11:20:45,30.63,-0.03,8,25484,卖盘
2048,11:20:42,30.66,0.01,46,141036,买盘
2049,11:20:36,30.65,-0.01,23,70617,中性盘
2050,11:20:33,30.66,--,4,12264,买盘
2051,11:20:30,30.66,0.01,52,162375,买盘
2052,11:20:27,30.65,0.02,15,46097,买盘
2053,11:20:24,30.63,-0.03,22,67386,卖盘
2054,11:20:21,30.66,--,14,42924,卖盘
2055,11:20:15,30.66,0.02,23,72480,买盘
2056,11:20:12,30.64,-0.03,46,142047,卖盘
2057,11:20:09,30.67,0.03,4,15212,买盘
2058,11:20:06,30.64,--,15,46572,卖盘
2059,11:20:03,30.64,--,20,61280,卖盘
2060,11:20:00,30.64,0.01,22,67408,卖盘
2061,11:19:54,30.63,0.01,24,74982,中性盘
2062,11:19:51,30.62,-0.01,65,199030,卖盘
2063,11:19:48,30.63,-0.03,14,42882,卖盘
2064,11:19:45,30.66,0.02,18,55188,买盘
2065,11:19:42,30.64,--,2,6128,买盘
2066,11:19:39,30.64,-0.01,16,49024,中性盘
2067,11:19:36,30.65,0.03,91,278915,中性盘
2068,11:19:33,30.62,0.01,7,21434,中性盘
2069,11:19:30,30.61,-0.05,46,140806,卖盘
2070,11:19:27,30.66,--,120,368533,买盘
2071,11:19:21,30.66,--,12,39735,买盘
2072,11:19:18,30.66,--,13,39980,买盘
2073,11:19:15,30.66,--,10,33603,卖盘
2074,11:19:06,30.66,0.05,9,27716,买盘
2075,11:19:03,30.61,-0.05,12,39670,卖盘
2076,11:19:00,30.66,0.06,13,39980,买盘
2077,11:18:57,30.6,--,26,79560,卖盘
2078,11:18:54,30.6,-0.01,72,223257,卖盘
2079,11:18:51,30.61,--,18,55098,卖盘
2080,11:18:48,30.61,0.01,2,6734,买盘
2081,11:18:45,30.6,-0.07,17,52020,卖盘
2082,11:18:42,30.67,0.06,94,288298,买盘
2083,11:18:39,30.61,--,12,36732,买盘
2084,11:18:36,30.61,--,3,9183,买盘
2085,11:18:33,30.61,-0.01,21,66729,卖盘
2086,11:18:30,30.62,-0.06,17,52176,卖盘
2087,11:18:27,30.68,0.03,52,162481,买盘
2088,11:18:24,30.65,--,7,21577,卖盘
2089,11:18:21,30.65,--,82,254272,卖盘
2090,11:18:18,30.65,--,111,340337,买盘
2091,11:18:15,30.65,--,402,1235072,买盘
2092,11:18:09,30.65,--,39,120148,买盘
2093,11:18:06,30.65,0.01,15,45975,买盘
2094,11:18:00,30.64,--,353,1081592,卖盘
2095,11:17:57,30.64,--,62,189968,买盘
2096,11:17:54,30.64,0.01,14,42896,买盘
2097,11:17:51,30.63,--,10,30630,卖盘
2098,11:17:48,30.63,--,28,85764,卖盘
2099,11:17:45,30.63,-0.01,5,15315,卖盘
2100,11:17:42,30.64,0.03,14,42896,买盘
2101,11:17:39,30.61,--,50,153050,卖盘
2102,11:17:36,30.61,0.01,94,288223,买盘
2103,11:17:30,30.6,0.04,269,823140,买盘
2104,11:17:27,30.56,--,11,34104,卖盘
2105,11:17:24,30.56,--,27,82512,卖盘
2106,11:17:21,30.56,-0.02,6,18336,卖盘
2107,11:17:18,30.58,0.03,471,1442152,买盘
2108,11:17:12,30.55,--,101,308677,卖盘
2109,11:17:09,30.55,0.03,408,1246440,买盘
2110,11:17:06,30.52,--,50,155529,买盘
2111,11:17:03,30.52,-0.03,131,399934,卖盘
2112,11:17:00,30.55,0.04,16,48880,买盘
2113,11:16:57,30.51,-0.01,189,579628,卖盘
2114,11:16:51,30.52,-0.02,25,77337,卖盘
2115,11:16:48,30.54,0.02,24,73296,买盘
2116,11:16:45,30.52,--,429,1310345,卖盘
2117,11:16:42,30.52,0.01,475,1450493,买盘
2118,11:16:39,30.51,--,147,448497,买盘
2119,11:16:36,30.51,--,105,320355,买盘
2120,11:16:33,30.51,-0.01,45,139491,卖盘
2121,11:16:30,30.52,--,73,222796,买盘
2122,11:16:27,30.52,0.01,361,1104335,买盘
2123,11:16:24,30.51,-0.01,16,48816,卖盘
2124,11:16:21,30.52,--,539,1645028,买盘
2125,11:16:18,30.52,--,20,61040,买盘
2126,11:16:15,30.52,--,24,73248,买盘
2127,11:16:12,30.52,--,26,79352,买盘
2128,11:16:09,30.52,--,388,1184176,卖盘
2129,11:16:03,30.52,--,326,994952,卖盘
2130,11:16:00,30.52,--,9,27468,卖盘
2131,11:15:57,30.52,-0.03,52,158704,卖盘
2132,11:15:54,30.55,0.03,41,125255,买盘
2133,11:15:51,30.52,-0.01,70,213640,卖盘
2134,11:15:48,30.53,0.01,63,192339,买盘
2135,11:15:42,30.52,0.01,31,94612,卖盘
2136,11:15:39,30.51,-0.02,364,1110564,卖盘
2137,11:15:36,30.53,0.01,87,265611,买盘
2138,11:15:30,30.52,-0.01,584,1782368,卖盘
2139,11:15:27,30.53,0.01,38,116563,卖盘
2140,11:15:24,30.52,-0.03,159,485268,卖盘
2141,11:15:21,30.55,0.03,127,387985,买盘
2142,11:15:15,30.52,--,25,76300,卖盘
2143,11:15:12,30.52,-0.03,58,177016,卖盘
2144,11:15:09,30.55,-0.01,325,992875,中性盘
2145,11:15:03,30.56,0.04,12,36672,买盘
2146,11:15:00,30.52,--,76,231952,卖盘
2147,11:14:57,30.52,--,22,67144,卖盘
2148,11:14:54,30.52,--,263,802676,卖盘
2149,11:14:51,30.52,-0.05,5,15260,卖盘
2150,11:14:48,30.57,0.04,246,752572,买盘
2151,11:14:45,30.53,--,35,106855,卖盘
2152,11:14:42,30.53,-0.07,19,58007,卖盘
2153,11:14:39,30.6,0.04,31,94860,买盘
2154,11:14:33,30.56,-0.01,259,791504,卖盘
2155,11:14:27,30.57,-0.07,8,24456,中性盘
2156,11:14:24,30.64,0.04,2663,8159432,买盘
2157,11:14:21,30.6,0.01,104,318240,买盘
2158,11:14:18,30.59,-0.05,13,39767,中性盘
2159,11:14:15,30.64,0.04,99,303336,买盘
2160,11:14:12,30.6,--,11,33660,卖盘
2161,11:14:09,30.6,0.01,6,18360,卖盘
2162,11:14:06,30.59,-0.04,464,1419865,卖盘
2163,11:14:03,30.63,0.04,45,137835,买盘
2164,11:14:00,30.59,-0.01,45,137655,卖盘
2165,11:13:57,30.6,--,3,9180,买盘
2166,11:13:54,30.6,--,40,122400,买盘
2167,11:13:51,30.6,--,44,134640,买盘
2168,11:13:48,30.6,--,5,15300,买盘
2169,11:13:45,30.6,0.01,36,110160,买盘
2170,11:13:42,30.59,-0.01,413,1263367,卖盘
2171,11:13:39,30.6,-0.01,97,297554,卖盘
2172,11:13:36,30.61,0.01,17,53873,买盘
2173,11:13:27,30.6,-0.01,4,12729,卖盘
2174,11:13:24,30.61,0.01,137,419357,卖盘
2175,11:13:21,30.6,--,109,333540,卖盘
2176,11:13:18,30.6,-0.01,22,67320,卖盘
2177,11:13:15,30.61,0.01,3,9183,买盘
2178,11:13:12,30.6,--,1,3060,卖盘
2179,11:13:09,30.6,--,15,45900,买盘
2180,11:13:03,30.6,-0.01,30,91800,卖盘
2181,11:13:00,30.61,0.01,6,18366,买盘
2182,11:12:57,30.6,-0.01,58,177480,买盘
2183,11:12:54,30.61,0.02,50,153050,买盘
2184,11:12:51,30.59,--,1,3059,卖盘
2185,11:12:48,30.59,-0.01,9,28020,卖盘
2186,11:12:45,30.6,-0.01,3,9180,买盘
2187,11:12:42,30.61,0.01,11,33671,卖盘
2188,11:12:39,30.6,--,121,370260,买盘
2189,11:12:36,30.6,0.02,87,266220,买盘
2190,11:12:33,30.58,0.01,9,27522,中性盘
2191,11:12:30,30.57,-0.03,390,1192230,卖盘
2192,11:12:24,30.6,0.02,49,149940,中性盘
2193,11:12:18,30.58,-0.02,9,27522,卖盘
2194,11:12:15,30.6,0.01,129,395290,买盘
2195,11:12:08,30.59,0.01,3,9177,买盘
2196,11:12:05,30.58,-0.02,10,30580,卖盘
2197,11:12:02,30.6,--,60,183600,买盘
2198,11:11:59,30.6,0.03,12,37270,买盘
2199,11:11:56,30.57,--,10,30570,卖盘
2200,11:11:53,30.57,-0.01,15,45855,卖盘
2201,11:11:50,30.58,--,70,214060,买盘
2202,11:11:44,30.58,--,54,165132,卖盘
2203,11:11:41,30.58,--,54,165621,买盘
2204,11:11:38,30.58,--,92,281336,买盘
2205,11:11:35,30.58,0.01,113,345554,买盘
2206,11:11:32,30.57,-0.01,82,250674,卖盘
2207,11:11:29,30.58,--,25,76450,买盘
2208,11:11:26,30.58,--,11,34127,买盘
2209,11:11:23,30.58,0.01,23,70334,买盘
2210,11:11:20,30.57,-0.01,109,333213,卖盘
2211,11:11:17,30.58,--,6,18348,买盘
2212,11:11:14,30.58,0.01,31,94798,买盘
2213,11:11:08,30.57,-0.01,65,198705,卖盘
2214,11:11:05,30.58,--,17,51986,买盘
2215,11:11:02,30.58,-0.02,263,806822,卖盘
2216,11:10:59,30.6,--,121,370260,卖盘
2217,11:10:56,30.6,--,14,42840,卖盘
2218,11:10:53,30.6,--,4,12240,卖盘
2219,11:10:50,30.6,0.02,5,15300,中性盘
2220,11:10:47,30.58,-0.02,120,367449,卖盘
2221,11:10:44,30.6,0.01,206,630360,买盘
2222,11:10:41,30.59,--,29,88711,买盘
2223,11:10:38,30.59,--,64,195776,卖盘
2224,11:10:35,30.59,-0.01,14,42826,卖盘
2225,11:10:32,30.6,0.01,29,88740,买盘
2226,11:10:29,30.59,-0.01,37,113183,卖盘
2227,11:10:26,30.6,--,81,247860,买盘
2228,11:10:23,30.6,-0.01,77,237700,卖盘
2229,11:10:20,30.61,--,7,21427,买盘
2230,11:10:17,30.61,--,61,186721,买盘
2231,11:10:14,30.61,--,10,30610,买盘
2232,11:10:11,30.61,-0.04,7,21427,中性盘
2233,11:10:08,30.65,0.04,109,334085,买盘
2234,11:09:59,30.61,0.01,19,58159,中性盘
2235,11:09:50,30.6,-0.03,222,679320,卖盘
2236,11:09:47,30.63,0.01,93,284859,中性盘
2237,11:09:44,30.62,-0.03,6,18372,中性盘
2238,11:09:41,30.65,--,26,79690,买盘
2239,11:09:38,30.65,0.03,10,30650,买盘
2240,11:09:35,30.62,--,2,6124,卖盘
2241,11:09:32,30.62,-0.01,35,107170,卖盘
2242,11:09:29,30.63,0.03,60,184270,买盘
2243,11:09:23,30.6,-0.03,24,73440,卖盘
2244,11:09:20,30.63,0.01,27,82701,买盘
2245,11:09:17,30.62,-0.03,33,101046,卖盘
2246,11:09:14,30.65,--,585,1793025,卖盘
2247,11:09:11,30.65,--,35,107275,卖盘
2248,11:09:08,30.65,0.02,259,794325,买盘
2249,11:09:05,30.63,--,1,3063,买盘
2250,11:09:02,30.63,-0.02,58,177654,卖盘
2251,11:08:56,30.65,0.04,19,58235,买盘
2252,11:08:47,30.61,-0.02,90,275490,卖盘
2253,11:08:44,30.63,-0.04,12,36756,卖盘
2254,11:08:41,30.67,0.05,88,269896,买盘
2255,11:08:38,30.62,-0.01,75,229650,卖盘
2256,11:08:32,30.63,--,29,88827,买盘
2257,11:08:29,30.63,--,42,128646,买盘
2258,11:08:26,30.63,-0.03,74,226662,卖盘
2259,11:08:23,30.66,--,43,131838,买盘
2260,11:08:20,30.66,0.03,8,24528,中性盘
2261,11:08:17,30.63,-0.03,58,177654,卖盘
2262,11:08:14,30.66,0.02,34,104244,买盘
2263,11:08:11,30.64,0.01,42,128688,中性盘
2264,11:08:08,30.63,-0.03,2,6126,卖盘
2265,11:08:05,30.66,0.03,9,27594,中性盘
2266,11:08:02,30.63,--,20,61260,卖盘
2267,11:07:59,30.63,-0.04,33,101079,卖盘
2268,11:07:56,30.67,--,4,12268,买盘
2269,11:07:53,30.67,-0.01,8,24536,中性盘
2270,11:07:50,30.68,0.06,40,122720,买盘
2271,11:07:44,30.62,-0.01,67,205154,卖盘
2272,11:07:41,30.63,-0.05,36,110268,卖盘
2273,11:07:38,30.68,0.03,8,24544,买盘
2274,11:07:35,30.65,0.03,35,107275,买盘
2275,11:07:32,30.62,-0.05,38,116356,卖盘
2276,11:07:29,30.67,0.05,12,36804,买盘
2277,11:07:26,30.62,0.02,13,40357,中性盘
2278,11:07:23,30.6,-0.03,48,146880,卖盘
2279,11:07:20,30.63,0.03,6,18378,买盘
2280,11:07:17,30.6,-0.07,55,168300,卖盘
2281,11:07:14,30.67,0.05,151,463117,买盘
2282,11:07:11,30.62,-0.05,42,130624,卖盘
2283,11:07:08,30.67,--,33,102253,买盘
2284,11:07:05,30.67,0.06,21,64407,买盘
2285,11:07:02,30.61,-0.04,162,498392,卖盘
2286,11:06:59,30.65,-0.02,5,15325,卖盘
2287,11:06:56,30.67,0.02,20,61340,买盘
2288,11:06:53,30.65,0.03,69,211485,买盘
2289,11:06:47,30.62,--,140,428680,买盘
2290,11:06:44,30.62,--,43,131666,买盘
2291,11:06:41,30.62,--,223,682826,卖盘
2292,11:06:35,30.62,-0.04,16,48992,卖盘
2293,11:06:32,30.66,0.03,66,202356,买盘
2294,11:06:29,30.63,--,45,137835,买盘
2295,11:06:26,30.63,--,46,140898,买盘
2296,11:06:20,30.63,--,27,82701,买盘
2297,11:06:17,30.63,0.01,98,300174,中性盘
2298,11:06:14,30.62,-0.01,10,30620,卖盘
2299,11:06:11,30.63,0.02,10,30630,卖盘
2300,11:06:08,30.61,-0.06,18,55648,卖盘
2301,11:06:05,30.67,0.06,6,18402,买盘
2302,11:06:02,30.61,--,106,324466,卖盘
2303,11:05:59,30.61,--,209,639749,卖盘
2304,11:05:56,30.61,0.01,240,734640,买盘
2305,11:05:53,30.6,--,178,544680,买盘
2306,11:05:47,30.6,0.02,41,125460,买盘
2307,11:05:44,30.58,0.02,135,412830,买盘
2308,11:05:41,30.56,-0.02,281,858736,卖盘
2309,11:05:35,30.58,--,26,79508,卖盘
2310,11:05:32,30.58,0.02,264,807312,中性盘
2311,11:05:26,30.56,--,1148,3509571,卖盘
2312,11:05:20,30.56,-0.02,190,580640,卖盘
2313,11:05:17,30.58,0.02,51,155958,买盘
2314,11:05:14,30.56,--,56,171136,卖盘
2315,11:05:11,30.56,--,26,79456,买盘
2316,11:05:08,30.56,--,52,158912,买盘
2317,11:05:05,30.56,0.01,19,58064,买盘
2318,11:05:02,30.55,-0.03,52,158860,卖盘
2319,11:04:59,30.58,0.02,135,412830,买盘
2320,11:04:56,30.56,--,36,110016,卖盘
2321,11:04:53,30.56,0.01,145,443670,买盘
2322,11:04:50,30.55,0.02,65,198575,买盘
2323,11:04:47,30.53,-0.03,42,128226,卖盘
2324,11:04:44,30.56,--,214,653984,买盘
2325,11:04:41,30.56,0.01,8,24448,买盘
2326,11:04:38,30.55,-0.01,74,226070,卖盘
2327,11:04:35,30.56,--,1,3056,买盘
2328,11:04:32,30.56,0.03,37,113072,买盘
2329,11:04:29,30.53,-0.03,21,64113,卖盘
2330,11:04:26,30.56,0.04,46,140576,买盘
2331,11:04:23,30.52,-0.08,252,772094,卖盘
2332,11:04:17,30.6,0.04,324,991440,买盘
2333,11:04:14,30.56,--,352,1075712,买盘
2334,11:04:11,30.56,--,13,39728,买盘
2335,11:04:08,30.56,-0.02,26,79456,中性盘
2336,11:04:05,30.58,-0.02,363,1110054,卖盘
2337,11:03:59,30.6,--,19,58140,买盘
2338,11:03:56,30.6,-0.01,54,165240,买盘
2339,11:03:53,30.61,--,313,958093,买盘
2340,11:03:50,30.61,0.01,207,633627,买盘
2341,11:03:47,30.6,--,2241,6857460,卖盘
2342,11:03:44,30.6,-0.01,369,1129140,卖盘
2343,11:03:38,30.61,--,51,156111,买盘
2344,11:03:35,30.61,-0.01,217,664237,卖盘
2345,11:03:32,30.62,-0.02,3,9186,中性盘
2346,11:03:29,30.64,-0.01,5,15320,中性盘
2347,11:03:26,30.65,0.04,43,131795,买盘
2348,11:03:23,30.61,-0.06,66,202026,卖盘
2349,11:03:20,30.67,0.02,798,2447466,买盘
2350,11:03:17,30.65,-0.03,962,2948591,卖盘
2351,11:03:11,30.68,--,7,21476,买盘
2352,11:03:08,30.68,0.01,17,52156,买盘
2353,11:03:05,30.67,-0.01,30,92010,卖盘
2354,11:03:02,30.68,0.01,11,33748,中性盘
2355,11:02:59,30.67,-0.03,9,27603,卖盘
2356,11:02:56,30.7,0.02,113,346910,买盘
2357,11:02:53,30.68,-0.02,3,9204,中性盘
2358,11:02:50,30.7,--,68,208760,买盘
2359,11:02:47,30.7,--,53,162710,买盘
2360,11:02:44,30.7,0.02,86,264020,买盘
2361,11:02:41,30.68,-0.03,185,569604,卖盘
2362,11:02:38,30.71,--,48,147408,买盘
2363,11:02:35,30.71,0.01,15,46065,买盘
2364,11:02:32,30.7,-0.04,57,174990,卖盘
2365,11:02:29,30.74,0.03,546,1678404,买盘
2366,11:02:26,30.71,0.01,30,92130,买盘
2367,11:02:23,30.7,--,139,426730,卖盘
2368,11:02:17,30.7,-0.01,73,224110,卖盘
2369,11:02:14,30.71,0.01,11,33781,卖盘
2370,11:02:11,30.7,-0.01,19,58330,卖盘
2371,11:02:08,30.71,-0.02,184,566108,卖盘
2372,11:02:05,30.73,0.03,41,125993,买盘
2373,11:01:59,30.7,-0.02,11,33770,卖盘
2374,11:01:56,30.72,0.02,85,261120,卖盘
2375,11:01:50,30.7,-0.01,86,264020,卖盘
2376,11:01:47,30.71,0.01,175,537425,买盘
2377,11:01:41,30.7,--,101,310070,卖盘
2378,11:01:38,30.7,-0.01,18,55260,卖盘
2379,11:01:35,30.71,--,45,138195,买盘
2380,11:01:32,30.71,--,1,3071,买盘
2381,11:01:29,30.71,--,63,193473,卖盘
2382,11:01:26,30.71,--,54,165834,卖盘
2383,11:01:23,30.71,-0.01,57,175047,卖盘
2384,11:01:20,30.72,-0.02,41,125952,卖盘
2385,11:01:17,30.74,--,134,411916,买盘
2386,11:01:11,30.74,0.02,24,73776,买盘
2387,11:01:08,30.72,-0.02,17,52224,卖盘
2388,11:01:05,30.74,--,25,76850,买盘
2389,11:01:02,30.74,--,38,116812,买盘
2390,11:00:59,30.74,0.02,1,3074,买盘
2391,11:00:53,30.72,-0.02,52,159744,卖盘
2392,11:00:50,30.74,0.01,184,565616,买盘
2393,11:00:47,30.73,-0.01,21,64533,卖盘
2394,11:00:44,30.74,--,69,212106,买盘
2395,11:00:41,30.74,--,35,107590,买盘
2396,11:00:38,30.74,0.01,176,541024,买盘
2397,11:00:35,30.73,-0.01,73,224329,卖盘
2398,11:00:32,30.74,0.01,7,21518,买盘
2399,11:00:29,30.73,-0.01,81,248913,卖盘
2400,11:00:26,30.74,0.01,57,175218,买盘
2401,11:00:23,30.73,-0.01,3,9219,卖盘
2402,11:00:20,30.74,--,40,122960,买盘
2403,11:00:17,30.74,0.01,142,436508,买盘
2404,11:00:11,30.73,0.01,4,12292,买盘
2405,11:00:08,30.72,-0.01,214,657960,卖盘
2406,11:00:05,30.73,0.01,59,181307,买盘
2407,11:00:02,30.72,0.01,36,110592,卖盘
2408,10:59:59,30.71,-0.01,33,101343,卖盘
2409,10:59:56,30.72,--,42,129024,买盘
2410,10:59:53,30.72,--,23,70656,买盘
2411,10:59:50,30.72,0.01,22,67584,中性盘
2412,10:59:44,30.71,-0.01,101,310171,卖盘
2413,10:59:41,30.72,-0.02,9,27648,卖盘
2414,10:59:38,30.74,0.03,1,3074,买盘
2415,10:59:35,30.71,-0.01,72,221112,卖盘
2416,10:59:32,30.72,--,165,506880,买盘
2417,10:59:26,30.72,0.01,32,99287,买盘
2418,10:59:23,30.71,-0.01,66,203238,卖盘
2419,10:59:17,30.72,--,11,33792,买盘
2420,10:59:14,30.72,-0.01,39,119808,卖盘
2421,10:59:11,30.73,-0.01,16,49168,买盘
2422,10:59:08,30.74,0.01,7,21518,买盘
2423,10:59:05,30.73,0.01,12,36876,买盘
2424,10:59:02,30.72,--,29,89088,卖盘
2425,10:58:59,30.72,-0.02,39,119808,卖盘
2426,10:58:56,30.74,--,4,12296,买盘
2427,10:58:53,30.74,0.02,107,328918,买盘
2428,10:58:50,30.72,-0.02,102,313344,卖盘
2429,10:58:47,30.74,--,187,577850,卖盘
2430,10:58:41,30.74,-0.01,15,46110,卖盘
2431,10:58:35,30.75,--,104,319800,买盘
2432,10:58:32,30.75,--,2,6150,买盘
2433,10:58:29,30.75,0.01,45,138375,卖盘
2434,10:58:26,30.74,-0.02,153,470322,卖盘
2435,10:58:23,30.76,0.01,35,110243,买盘
2436,10:58:20,30.75,0.01,58,178350,买盘
2437,10:58:17,30.74,-0.01,108,331992,卖盘
2438,10:58:14,30.75,0.01,50,153750,买盘
2439,10:58:11,30.74,-0.01,256,787497,卖盘
2440,10:58:05,30.75,--,79,242925,买盘
2441,10:58:02,30.75,--,45,138375,买盘
2442,10:57:59,30.75,0.01,13,39975,买盘
2443,10:57:56,30.74,0.03,85,261290,买盘
2444,10:57:53,30.71,-0.01,90,276390,卖盘
2445,10:57:50,30.72,--,47,144384,卖盘
2446,10:57:47,30.72,-0.03,13,39936,卖盘
2447,10:57:44,30.75,--,21,64575,买盘
2448,10:57:41,30.75,--,63,193725,买盘
2449,10:57:38,30.75,-0.01,33,101475,买盘
2450,10:57:35,30.76,0.04,30,92280,买盘
2451,10:57:32,30.72,-0.03,24,73728,卖盘
2452,10:57:26,30.75,--,0,553,卖盘
2453,10:57:23,30.75,0.05,70,215250,中性盘
2454,10:57:20,30.7,-0.02,54,165780,卖盘
2455,10:57:17,30.72,0.02,22,67584,买盘
2456,10:57:14,30.7,-0.01,48,147360,卖盘
2457,10:57:11,30.71,0.04,407,1249897,买盘
2458,10:57:08,30.67,-0.03,57,174819,卖盘
2459,10:57:05,30.7,--,61,187270,买盘
2460,10:57:02,30.7,--,74,227180,买盘
2461,10:56:59,30.7,0.03,241,739870,买盘
2462,10:56:56,30.67,--,78,239226,卖盘
2463,10:56:53,30.67,-0.03,123,379755,卖盘
2464,10:56:50,30.7,-0.01,82,251740,卖盘
2465,10:56:47,30.71,0.04,86,264658,买盘
2466,10:56:41,30.67,0.02,35,107345,买盘
2467,10:56:38,30.65,-0.06,1109,3399085,卖盘
2468,10:56:35,30.71,0.01,73,224183,买盘
2469,10:56:32,30.7,0.02,70,217847,买盘
2470,10:56:29,30.68,-0.01,41,125788,卖盘
2471,10:56:26,30.69,-0.01,16,49104,卖盘
2472,10:56:23,30.7,0.02,106,325420,买盘
2473,10:56:17,30.68,-0.02,17,52156,买盘
2474,10:56:14,30.7,--,174,534180,买盘
2475,10:56:11,30.7,--,932,2861240,买盘
2476,10:56:08,30.7,0.02,38,116660,买盘
2477,10:56:05,30.68,-0.02,174,533832,卖盘
2478,10:56:02,30.7,--,66,202620,买盘
2479,10:55:59,30.7,--,159,488744,卖盘
2480,10:55:56,30.7,-0.01,1882,5777740,卖盘
2481,10:55:50,30.71,0.01,1072,3292112,买盘
2482,10:55:47,30.7,--,145,445150,卖盘
2483,10:55:44,30.7,-0.01,85,263406,卖盘
2484,10:55:41,30.71,--,33,101343,买盘
2485,10:55:38,30.71,0.01,8,24568,买盘
2486,10:55:35,30.7,-0.01,19,58330,卖盘
2487,10:55:32,30.71,-0.05,1839,5648183,卖盘
2488,10:55:29,30.76,0.01,49,150724,买盘
2489,10:55:26,30.75,0.01,21,64575,买盘
2490,10:55:23,30.74,-0.01,26,79924,中性盘
2491,10:55:20,30.75,0.02,34,104550,中性盘
2492,10:55:14,30.73,-0.03,70,215110,卖盘
2493,10:55:08,30.76,--,10,30760,买盘
2494,10:55:05,30.76,-0.02,19,58444,买盘
2495,10:55:02,30.78,0.01,69,212382,中性盘
2496,10:54:59,30.77,-0.02,56,172312,卖盘
2497,10:54:56,30.79,0.02,20,61580,买盘
2498,10:54:53,30.77,0.05,3,9231,中性盘
2499,10:54:50,30.72,-0.06,836,2568192,卖盘
2500,10:54:47,30.78,0.02,61,188866,买盘
2501,10:54:44,30.76,--,383,1178108,卖盘
2502,10:54:41,30.76,-0.02,61,187636,卖盘
2503,10:54:38,30.78,0.02,1,3078,买盘
2504,10:54:35,30.76,--,36,110736,卖盘
2505,10:54:32,30.76,-0.02,44,135344,卖盘
2506,10:54:29,30.78,0.01,56,172368,买盘
2507,10:54:26,30.77,--,307,944639,买盘
2508,10:54:23,30.77,0.01,60,184620,买盘
2509,10:54:20,30.76,-0.03,121,374718,卖盘
2510,10:54:17,30.79,0.01,130,400270,中性盘
2511,10:54:11,30.78,0.02,119,366282,买盘
2512,10:54:08,30.76,-0.02,382,1175585,卖盘
2513,10:54:05,30.78,0.01,123,378594,买盘
2514,10:53:59,30.77,0.01,80,246160,买盘
2515,10:53:56,30.76,-0.02,22,67672,卖盘
2516,10:53:53,30.78,--,101,310878,卖盘
2517,10:53:50,30.78,0.01,210,646380,买盘
2518,10:53:47,30.77,-0.01,126,387702,卖盘
2519,10:53:44,30.78,0.01,37,113886,买盘
2520,10:53:41,30.77,-0.01,24,73848,卖盘
2521,10:53:38,30.78,0.01,78,240084,买盘
2522,10:53:35,30.77,-0.01,76,233852,卖盘
2523,10:53:32,30.78,--,97,298566,卖盘
2524,10:53:29,30.78,-0.01,69,212382,卖盘
2525,10:53:26,30.79,-0.01,57,175503,买盘
2526,10:53:23,30.8,--,26,80080,买盘
2527,10:53:20,30.8,0.01,47,144760,买盘
2528,10:53:17,30.79,-0.01,22,68600,卖盘
2529,10:53:14,30.8,0.01,367,1132577,中性盘
2530,10:53:07,30.79,-0.02,25,76975,中性盘
2531,10:53:04,30.81,0.03,156,480636,买盘
2532,10:53:01,30.78,-0.02,84,258552,卖盘
2533,10:52:58,30.8,-0.01,187,577931,卖盘
2534,10:52:55,30.81,0.01,185,569985,中性盘
2535,10:52:49,30.8,-0.01,56,172480,卖盘
2536,10:52:46,30.81,--,2758,8498507,卖盘
2537,10:52:40,30.81,0.01,58,178698,中性盘
2538,10:52:37,30.8,-0.01,33,101640,卖盘
2539,10:52:34,30.81,0.01,52,160212,中性盘
2540,10:52:31,30.8,-0.01,215,662200,卖盘
2541,10:52:28,30.81,--,5,15405,卖盘
2542,10:52:25,30.81,-0.02,210,647010,卖盘
2543,10:52:22,30.83,0.01,73,225059,买盘
2544,10:52:19,30.82,0.01,90,277380,中性盘
2545,10:52:13,30.81,-0.04,71,218751,卖盘
2546,10:52:10,30.85,0.02,49,151165,中性盘
2547,10:52:04,30.83,-0.02,43,132569,卖盘
2548,10:52:01,30.85,-0.01,194,598490,卖盘
2549,10:51:58,30.86,-0.03,341,1052758,卖盘
2550,10:51:49,30.89,0.01,53,163717,买盘
2551,10:51:46,30.88,--,17,52496,卖盘
2552,10:51:40,30.88,-0.02,649,2006644,卖盘
2553,10:51:37,30.9,0.01,61,188490,买盘
2554,10:51:31,30.89,--,64,197696,卖盘
2555,10:51:28,30.89,--,13,40157,卖盘
2556,10:51:25,30.89,--,128,395948,卖盘
2557,10:51:19,30.89,-0.01,30,92670,卖盘
2558,10:51:16,30.9,--,44,135960,买盘
2559,10:51:13,30.9,--,81,250290,买盘
2560,10:51:07,30.9,--,63,194670,买盘
2561,10:51:04,30.9,0.01,13,40170,买盘
2562,10:51:01,30.89,-0.04,41,128317,卖盘
2563,10:50:58,30.93,0.03,43,134421,买盘
2564,10:50:52,30.9,--,99,307578,卖盘
2565,10:50:49,30.9,--,40,123600,卖盘
2566,10:50:46,30.9,-0.03,64,199737,买盘
2567,10:50:40,30.93,0.03,41,126813,买盘
2568,10:50:34,30.9,--,30,92700,买盘
2569,10:50:31,30.9,-0.03,156,482040,卖盘
2570,10:50:28,30.93,0.03,50,154650,买盘
2571,10:50:25,30.9,--,45,139050,卖盘
2572,10:50:22,30.9,--,14,43260,卖盘
2573,10:50:19,30.9,--,70,216300,卖盘
2574,10:50:16,30.9,--,44,135960,卖盘
2575,10:50:13,30.9,--,4,12360,卖盘
2576,10:50:10,30.9,--,111,345091,买盘
2577,10:50:07,30.9,--,154,477837,卖盘
2578,10:50:04,30.9,-0.03,67,207030,卖盘
2579,10:50:01,30.93,--,26,80418,卖盘
2580,10:49:58,30.93,0.03,61,188673,买盘
2581,10:49:55,30.9,--,121,373890,卖盘
2582,10:49:52,30.9,-0.02,5,15450,卖盘
2583,10:49:49,30.92,-0.01,22,68024,中性盘
2584,10:49:46,30.93,0.01,321,992853,买盘
2585,10:49:43,30.92,0.02,21,64932,买盘
2586,10:49:40,30.9,--,30,92700,卖盘
2587,10:49:37,30.9,--,152,469680,卖盘
2588,10:49:34,30.9,-0.03,60,185400,卖盘
2589,10:49:28,30.93,-0.01,1,3093,中性盘
2590,10:49:22,30.94,--,101,312494,买盘
2591,10:49:19,30.94,0.01,1,3094,买盘
2592,10:49:16,30.93,--,5,15465,卖盘
2593,10:49:13,30.93,0.03,98,303114,买盘
2594,10:49:10,30.9,-0.02,102,315180,卖盘
2595,10:49:07,30.92,0.02,135,417976,买盘
2596,10:49:04,30.9,-0.01,225,695250,卖盘
2597,10:49:01,30.91,0.01,35,108185,买盘
2598,10:48:58,30.9,-0.01,133,410970,卖盘
2599,10:48:55,30.91,-0.01,6,18546,中性盘
2600,10:48:52,30.92,0.02,9,27828,买盘
2601,10:48:49,30.9,-0.01,98,302820,卖盘
2602,10:48:46,30.91,-0.01,69,213835,卖盘
2603,10:48:43,30.92,--,78,241176,买盘
2604,10:48:40,30.92,--,21,64932,买盘
2605,10:48:37,30.92,-0.01,190,590015,卖盘
2606,10:48:31,30.93,0.01,10,30930,买盘
2607,10:48:28,30.92,-0.02,43,132956,卖盘
2608,10:48:25,30.94,0.01,40,123760,买盘
2609,10:48:22,30.93,-0.01,25,77325,中性盘
2610,10:48:16,30.94,-0.02,52,160888,中性盘
2611,10:48:13,30.96,--,139,430344,买盘
2612,10:48:10,30.96,0.03,50,154800,买盘
2613,10:48:07,30.93,--,65,201601,卖盘
2614,10:48:04,30.93,-0.03,98,303114,卖盘
2615,10:47:58,30.96,--,28,86688,买盘
2616,10:47:55,30.96,0.02,7,21672,买盘
2617,10:47:52,30.94,-0.02,178,550732,卖盘
2618,10:47:46,30.96,--,109,337464,买盘
2619,10:47:37,30.96,--,20,61920,买盘
2620,10:47:34,30.96,0.03,52,160992,买盘
2621,10:47:31,30.93,--,10,30930,卖盘
2622,10:47:28,30.93,-0.04,22,68046,卖盘
2623,10:47:25,30.97,0.01,70,216790,买盘
2624,10:47:22,30.96,--,4,12384,卖盘
2625,10:47:19,30.96,--,27,83592,卖盘
2626,10:47:16,30.96,0.03,57,176472,买盘
2627,10:47:07,30.93,0.01,18,55674,中性盘
2628,10:47:04,30.92,--,22,68024,卖盘
2629,10:47:01,30.92,--,17,52564,卖盘
2630,10:46:58,30.92,-0.01,14,43288,卖盘
2631,10:46:55,30.93,-0.04,69,213417,中性盘
2632,10:46:49,30.97,0.04,7,21679,买盘
2633,10:46:46,30.93,-0.04,2,6186,卖盘
2634,10:46:43,30.97,0.01,101,312797,买盘
2635,10:46:40,30.96,0.04,60,185760,卖盘
2636,10:46:37,30.92,-0.01,19,58748,卖盘
2637,10:46:31,30.93,-0.02,31,95883,卖盘
2638,10:46:28,30.95,0.01,13,40235,中性盘
2639,10:46:25,30.94,-0.03,2,6188,卖盘
2640,10:46:22,30.97,--,66,204402,卖盘
2641,10:46:16,30.97,--,7,21679,卖盘
2642,10:46:13,30.97,0.04,61,188917,买盘
2643,10:46:10,30.93,--,32,98976,卖盘
2644,10:46:07,30.93,-0.04,39,120627,卖盘
2645,10:46:01,30.97,0.01,5,15485,买盘
2646,10:45:58,30.96,--,72,222912,卖盘
2647,10:45:55,30.96,-0.01,53,164088,卖盘
2648,10:45:52,30.97,--,12,37164,卖盘
2649,10:45:49,30.97,--,54,167238,卖盘
2650,10:45:46,30.97,-0.01,46,142462,卖盘
2651,10:45:43,30.98,0.02,55,170390,买盘
2652,10:45:37,30.96,0.01,43,133128,中性盘
2653,10:45:34,30.95,-0.02,72,222840,卖盘
2654,10:45:31,30.97,0.02,11,34067,买盘
2655,10:45:28,30.95,--,4,12875,卖盘
2656,10:45:25,30.95,-0.01,49,151655,卖盘
2657,10:45:19,30.96,--,20,61920,卖盘
2658,10:45:16,30.96,0.01,1,3096,中性盘
2659,10:45:13,30.95,--,57,178519,买盘
2660,10:45:07,30.95,--,167,516865,买盘
2661,10:45:04,30.95,0.02,15,46425,买盘
2662,10:45:01,30.93,-0.02,33,102069,卖盘
2663,10:44:58,30.95,0.01,42,129990,买盘
2664,10:44:55,30.94,0.01,51,157794,买盘
2665,10:44:49,30.93,--,53,163929,卖盘
2666,10:44:46,30.93,--,119,368561,卖盘
2667,10:44:43,30.93,-0.01,237,733041,卖盘
2668,10:44:40,30.94,--,33,102102,买盘
2669,10:44:37,30.94,0.01,16,49504,买盘
2670,10:44:34,30.93,-0.01,44,136092,卖盘
2671,10:44:31,30.94,-0.01,56,173264,卖盘
2672,10:44:28,30.95,--,19,58805,买盘
2673,10:44:25,30.95,--,15,46425,买盘
2674,10:44:22,30.95,--,1,3095,买盘
2675,10:44:19,30.95,--,5,15475,买盘
2676,10:44:16,30.95,-0.03,28,89259,卖盘
2677,10:44:13,30.98,0.03,178,551444,买盘
2678,10:44:07,30.95,--,38,118105,卖盘
2679,10:44:04,30.95,-0.03,7,21665,卖盘
2680,10:44:01,30.98,0.04,44,136312,买盘
2681,10:43:58,30.94,--,46,142324,卖盘
2682,10:43:55,30.94,-0.01,41,126854,中性盘
2683,10:43:52,30.95,--,11,34045,买盘
2684,10:43:49,30.95,--,38,117610,买盘
2685,10:43:43,30.95,--,15,46425,卖盘
2686,10:43:40,30.95,-0.01,32,99040,卖盘
2687,10:43:34,30.96,--,19,58824,卖盘
2688,10:43:31,30.96,-0.02,12,37152,卖盘
2689,10:43:28,30.98,--,65,203972,卖盘
2690,10:43:25,30.98,--,10,31475,卖盘
2691,10:43:22,30.98,--,37,114626,卖盘
2692,10:43:19,30.98,--,69,213762,卖盘
2693,10:43:16,30.98,0.01,86,266428,买盘
2694,10:43:10,30.97,0.01,8,24776,买盘
2695,10:43:07,30.96,0.04,62,191952,中性盘
2696,10:43:04,30.92,--,73,225716,卖盘
2697,10:43:01,30.92,--,78,241176,卖盘
2698,10:42:52,30.92,-0.07,9,27828,卖盘
2699,10:42:49,30.99,0.07,15,46485,中性盘
2700,10:42:46,30.92,-0.04,147,454524,卖盘
2701,10:42:43,30.96,-0.02,4,12384,中性盘
2702,10:42:40,30.98,0.06,9,27882,买盘
2703,10:42:37,30.92,--,184,568928,卖盘
2704,10:42:31,30.92,-0.07,7,21644,卖盘
2705,10:42:28,30.99,0.03,90,278910,买盘
2706,10:42:25,30.96,0.03,59,182664,买盘
2707,10:42:22,30.93,-0.03,71,219603,卖盘
2708,10:42:19,30.96,0.03,23,71208,买盘
2709,10:42:16,30.93,--,59,182487,卖盘
2710,10:42:13,30.93,-0.03,40,123720,卖盘
2711,10:42:10,30.96,0.01,36,111456,买盘
2712,10:42:07,30.95,-0.01,31,95945,卖盘
2713,10:42:04,30.96,-0.01,33,102168,卖盘
2714,10:42:01,30.97,0.02,10,30970,买盘
2715,10:41:58,30.95,-0.04,1,3095,卖盘
2716,10:41:55,30.99,0.03,38,117762,买盘
2717,10:41:52,30.96,-0.02,2,6192,卖盘
2718,10:41:49,30.98,-0.02,3,9294,卖盘
2719,10:41:46,31.0,0.01,70,217000,买盘
2720,10:41:43,30.99,0.06,9,27891,中性盘
2721,10:41:37,30.93,-0.01,73,225789,卖盘
2722,10:41:34,30.94,-0.06,39,120666,中性盘
2723,10:41:31,31.0,--,114,353400,买盘
2724,10:41:25,31.0,0.07,30,94054,买盘
2725,10:41:22,30.93,-0.07,22,68046,卖盘
2726,10:41:19,31.0,--,15,46500,买盘
2727,10:41:16,31.0,0.07,63,195300,买盘
2728,10:41:10,30.93,0.01,32,98976,中性盘
2729,10:41:07,30.92,--,45,139140,卖盘
2730,10:41:04,30.92,-0.1,7,21644,卖盘
2731,10:41:01,31.02,0.1,51,158202,中性盘
2732,10:40:58,30.92,-0.1,144,445248,卖盘
2733,10:40:55,31.02,0.12,18,55836,买盘
2734,10:40:52,30.9,--,12,37080,卖盘
2735,10:40:49,30.9,-0.13,20,61800,卖盘
2736,10:40:46,31.03,0.13,2,6206,买盘
