,time,price,change,volume,amount,type
0,15:00:18,14.58,0.01,2661,3879738,买盘
1,14:57:38,14.57,--,0,0,卖盘
2,14:56:59,14.57,--,6,8742,卖盘
3,14:56:53,14.57,0.01,69,100533,中性盘
4,14:56:50,14.56,-0.01,36,52416,卖盘
5,14:56:47,14.57,0.01,71,103621,买盘
6,14:56:44,14.56,-0.01,8,11648,买盘
7,14:56:41,14.57,--,10,14570,买盘
8,14:56:35,14.57,0.02,259,377363,买盘
9,14:56:32,14.55,-0.02,102,148410,卖盘
10,14:56:29,14.57,0.02,54,78678,买盘
11,14:56:26,14.55,-0.02,69,100395,卖盘
12,14:56:23,14.57,0.02,60,87420,买盘
13,14:56:20,14.55,-0.01,222,323010,卖盘
14,14:56:11,14.56,--,63,91728,卖盘
15,14:56:08,14.56,-0.01,129,187824,卖盘
16,14:56:02,14.57,--,34,49538,买盘
17,14:55:53,14.57,--,35,50995,买盘
18,14:55:50,14.57,--,40,58280,买盘
19,14:55:44,14.57,0.02,224,326368,买盘
20,14:55:41,14.55,-0.01,95,138225,卖盘
21,14:55:35,14.56,-0.01,47,68432,买盘
22,14:55:29,14.57,0.01,767,1117635,买盘
23,14:55:26,14.56,--,345,502320,卖盘
24,14:55:20,14.56,-0.01,113,164528,卖盘
25,14:55:17,14.57,--,27,39339,买盘
26,14:55:14,14.57,0.01,177,257889,买盘
27,14:55:08,14.56,--,3,4368,卖盘
28,14:55:05,14.56,--,104,151424,卖盘
29,14:55:02,14.56,-0.01,5,7280,卖盘
30,14:54:59,14.57,0.01,204,297228,买盘
31,14:54:56,14.56,--,1,1456,卖盘
32,14:54:53,14.56,--,10,14560,卖盘
33,14:54:44,14.56,--,51,74256,卖盘
34,14:54:41,14.56,-0.01,7,10192,卖盘
35,14:54:35,14.57,--,34,49538,买盘
36,14:54:32,14.57,--,16,23312,买盘
37,14:54:29,14.57,-0.01,218,317742,卖盘
38,14:54:26,14.58,0.01,2,2916,买盘
39,14:54:23,14.57,--,566,824662,卖盘
40,14:54:17,14.57,-0.01,61,88877,卖盘
41,14:54:14,14.58,0.01,133,193914,买盘
42,14:54:11,14.57,-0.01,95,138415,卖盘
43,14:54:02,14.58,--,14,20412,买盘
44,14:53:59,14.58,0.01,3,4374,买盘
45,14:53:56,14.57,-0.01,155,225835,卖盘
46,14:53:50,14.58,0.01,97,141426,买盘
47,14:53:47,14.57,--,40,58280,卖盘
48,14:53:44,14.57,--,70,103330,卖盘
49,14:53:35,14.57,--,103,150071,卖盘
50,14:53:32,14.57,--,31,45167,卖盘
51,14:53:26,14.57,--,5,7285,卖盘
52,14:53:23,14.57,-0.01,5,7285,卖盘
53,14:53:20,14.58,--,8,11664,买盘
54,14:53:17,14.58,--,26,37908,买盘
55,14:53:14,14.58,--,4,5832,买盘
56,14:53:11,14.58,--,20,29160,买盘
57,14:53:08,14.58,--,3,4374,买盘
58,14:53:02,14.58,--,151,220158,买盘
59,14:52:56,14.58,-0.01,55,80190,中性盘
60,14:52:53,14.59,0.01,26,37934,买盘
61,14:52:50,14.58,--,57,83106,卖盘
62,14:52:47,14.58,--,41,59778,卖盘
63,14:52:41,14.58,--,14,20412,卖盘
64,14:52:38,14.58,--,25,36450,卖盘
65,14:52:35,14.58,-0.01,163,237654,卖盘
66,14:52:29,14.59,0.01,34,49606,买盘
67,14:52:23,14.58,0.01,73,106434,买盘
68,14:52:20,14.57,--,40,58280,卖盘
69,14:52:17,14.57,-0.01,20,29140,卖盘
70,14:52:14,14.58,--,71,103518,买盘
71,14:52:11,14.58,--,10,14580,买盘
72,14:52:05,14.58,--,69,100602,买盘
73,14:52:02,14.58,--,22,32076,买盘
74,14:51:59,14.58,--,85,125213,卖盘
75,14:51:56,14.58,--,230,335340,卖盘
76,14:51:53,14.58,-0.01,345,503010,卖盘
77,14:51:50,14.59,0.01,17,24803,买盘
78,14:51:47,14.58,--,33,48114,卖盘
79,14:51:44,14.58,--,14,21520,卖盘
80,14:51:41,14.58,--,5,7290,卖盘
81,14:51:38,14.58,--,105,153090,卖盘
82,14:51:32,14.58,--,38,55404,卖盘
83,14:51:29,14.58,--,17,24786,卖盘
84,14:51:17,14.58,--,25,36450,卖盘
85,14:51:14,14.58,--,36,52488,卖盘
86,14:51:11,14.58,--,10,14580,卖盘
87,14:51:08,14.58,--,2,2916,卖盘
88,14:51:05,14.58,--,105,153090,卖盘
89,14:51:02,14.58,-0.01,25,36450,卖盘
90,14:50:59,14.59,0.01,31,45229,买盘
91,14:50:56,14.58,--,8,11664,卖盘
92,14:50:53,14.58,--,21,30618,卖盘
93,14:50:47,14.58,-0.01,19,27702,卖盘
94,14:50:44,14.59,0.01,55,80245,买盘
95,14:50:41,14.58,--,43,62694,卖盘
96,14:50:38,14.58,--,14,20412,卖盘
97,14:50:35,14.58,-0.01,11,16038,卖盘
98,14:50:29,14.59,0.01,2,2918,买盘
99,14:50:26,14.58,--,29,42282,卖盘
100,14:50:23,14.58,-0.01,57,83106,卖盘
101,14:50:20,14.59,--,2,2918,买盘
102,14:50:11,14.59,--,47,69448,卖盘
103,14:50:08,14.59,--,5,7295,卖盘
104,14:50:05,14.59,--,8,11672,卖盘
105,14:50:02,14.59,--,177,258243,卖盘
106,14:49:56,14.59,--,3,4377,卖盘
107,14:49:50,14.59,--,2,2918,卖盘
108,14:49:47,14.59,-0.01,48,70032,卖盘
109,14:49:44,14.6,0.01,131,191260,买盘
110,14:49:41,14.59,--,49,71491,卖盘
111,14:49:38,14.59,-0.01,2,2918,卖盘
112,14:49:35,14.6,0.01,319,465740,买盘
113,14:49:32,14.59,-0.01,24,35016,卖盘
114,14:49:29,14.6,0.01,23,33580,买盘
115,14:49:26,14.59,--,26,37934,卖盘
116,14:49:23,14.59,--,10,14590,卖盘
117,14:49:14,14.59,--,89,129851,卖盘
118,14:49:05,14.59,--,21,30639,卖盘
119,14:49:02,14.59,-0.01,67,97753,卖盘
120,14:48:59,14.6,0.01,82,119720,买盘
121,14:48:50,14.59,--,57,83163,卖盘
122,14:48:44,14.59,--,2,2918,卖盘
123,14:48:41,14.59,-0.01,46,67114,卖盘
124,14:48:38,14.6,0.01,100,146000,买盘
125,14:48:35,14.59,-0.01,163,237817,卖盘
126,14:48:32,14.6,--,23,33580,卖盘
127,14:48:29,14.6,--,81,118844,买盘
128,14:48:26,14.6,--,20,29200,买盘
129,14:48:23,14.6,0.01,9,13140,买盘
130,14:48:20,14.59,-0.01,100,146775,卖盘
131,14:48:17,14.6,--,80,116800,卖盘
132,14:48:14,14.6,-0.01,63,91980,卖盘
133,14:48:11,14.61,0.01,164,239604,买盘
134,14:48:08,14.6,--,64,93440,卖盘
135,14:48:05,14.6,--,15,21900,卖盘
136,14:48:02,14.6,--,101,147460,卖盘
137,14:47:56,14.6,--,104,151840,卖盘
138,14:47:53,14.6,--,205,299300,卖盘
139,14:47:50,14.6,-0.01,38,55480,卖盘
140,14:47:47,14.61,0.01,99,144639,买盘
141,14:47:44,14.6,--,12,17520,卖盘
142,14:47:32,14.6,--,17,24820,卖盘
143,14:47:29,14.6,-0.01,9,13140,卖盘
144,14:47:26,14.61,--,43,62823,买盘
145,14:47:23,14.61,0.01,6,8766,买盘
146,14:47:20,14.6,--,63,91980,卖盘
147,14:47:17,14.6,--,11,16060,卖盘
148,14:47:14,14.6,--,5,7300,卖盘
149,14:47:08,14.6,0.01,454,663424,买盘
150,14:47:02,14.59,-0.01,47,69448,卖盘
151,14:46:59,14.6,--,31,45260,卖盘
152,14:46:53,14.6,--,267,390404,买盘
153,14:46:47,14.6,0.01,2,2920,买盘
154,14:46:44,14.59,--,121,176539,卖盘
155,14:46:38,14.59,--,103,150277,卖盘
156,14:46:32,14.59,-0.01,389,567551,卖盘
157,14:46:29,14.6,0.01,7,10220,买盘
158,14:46:26,14.59,--,23,33557,卖盘
159,14:46:20,14.59,--,120,175080,卖盘
160,14:46:17,14.59,-0.01,55,80245,卖盘
161,14:46:14,14.6,0.02,123,179580,买盘
162,14:46:11,14.58,-0.02,501,730458,卖盘
163,14:46:05,14.6,0.01,95,139225,买盘
164,14:46:02,14.59,--,119,174554,卖盘
165,14:45:59,14.59,--,6,8754,卖盘
166,14:45:56,14.59,--,50,72950,卖盘
167,14:45:53,14.59,-0.01,51,74409,卖盘
168,14:45:50,14.6,0.01,13,18980,买盘
169,14:45:38,14.59,--,11,16049,卖盘
170,14:45:32,14.59,--,104,151736,卖盘
171,14:45:26,14.59,--,40,58360,卖盘
172,14:45:23,14.59,--,122,177998,卖盘
173,14:45:17,14.59,-0.01,17,25328,卖盘
174,14:45:14,14.6,--,408,595680,买盘
175,14:45:02,14.6,--,26,37960,买盘
176,14:44:59,14.6,0.01,30,43800,买盘
177,14:44:53,14.59,-0.01,5,7295,卖盘
178,14:44:47,14.6,0.01,148,216080,买盘
179,14:44:44,14.59,-0.01,50,72950,卖盘
180,14:44:41,14.6,--,5,7300,买盘
181,14:44:29,14.6,0.01,6,8760,买盘
182,14:44:26,14.59,--,183,266997,卖盘
183,14:44:20,14.59,--,3,4377,卖盘
184,14:44:17,14.59,-0.01,17,24803,卖盘
185,14:44:14,14.6,0.01,324,473040,买盘
186,14:44:11,14.59,--,5,7295,卖盘
187,14:44:05,14.59,-0.01,15,21885,卖盘
188,14:44:02,14.6,--,1,1460,买盘
189,14:43:59,14.6,--,52,75920,买盘
190,14:43:53,14.6,--,24,35040,买盘
191,14:43:44,14.6,--,321,469536,卖盘
192,14:43:41,14.6,--,5,7300,卖盘
193,14:43:38,14.6,--,99,144540,卖盘
194,14:43:35,14.6,--,10,14600,卖盘
195,14:43:32,14.6,--,915,1335900,卖盘
196,14:43:29,14.6,--,341,497860,卖盘
197,14:43:26,14.6,--,10,14600,卖盘
198,14:43:20,14.6,-0.01,7,10804,卖盘
199,14:43:17,14.61,0.01,90,131490,买盘
200,14:43:14,14.6,-0.01,55,80300,卖盘
201,14:43:11,14.61,0.01,243,355023,买盘
202,14:43:08,14.6,--,22,32120,卖盘
203,14:43:05,14.6,--,1,1460,卖盘
204,14:43:02,14.6,--,90,131400,卖盘
205,14:42:59,14.6,-0.01,7,10220,卖盘
206,14:42:53,14.61,0.01,29,42369,买盘
207,14:42:50,14.6,--,3,4380,卖盘
208,14:42:44,14.6,--,22,32120,卖盘
209,14:42:41,14.6,--,22,32120,卖盘
210,14:42:38,14.6,0.01,135,197100,买盘
211,14:42:32,14.59,--,69,100671,卖盘
212,14:42:29,14.59,-0.01,3,4377,卖盘
213,14:42:23,14.6,0.01,24,35040,买盘
214,14:42:20,14.59,-0.01,119,173621,卖盘
215,14:42:14,14.6,-0.01,1,1460,中性盘
216,14:42:11,14.61,0.01,113,165093,买盘
217,14:42:05,14.6,--,100,146000,卖盘
218,14:42:02,14.6,-0.01,92,134320,卖盘
219,14:41:59,14.61,0.01,54,78894,买盘
220,14:41:53,14.6,--,100,146000,卖盘
221,14:41:50,14.6,--,10,14600,卖盘
222,14:41:47,14.6,--,2,2920,卖盘
223,14:41:44,14.6,-0.01,20,29200,卖盘
224,14:41:41,14.61,0.01,25,36525,买盘
225,14:41:38,14.6,--,47,68620,卖盘
226,14:41:35,14.6,--,14,20440,卖盘
227,14:41:29,14.6,--,10,14600,卖盘
228,14:41:26,14.6,-0.01,5,7300,卖盘
229,14:41:20,14.61,0.01,60,87660,买盘
230,14:41:17,14.6,--,56,81760,卖盘
231,14:41:14,14.6,-0.01,435,635100,卖盘
232,14:41:08,14.61,0.01,7,10227,买盘
233,14:41:02,14.6,--,72,105120,卖盘
234,14:40:56,14.6,--,19,27740,卖盘
235,14:40:53,14.6,-0.01,86,125560,卖盘
236,14:40:50,14.61,0.01,4,5844,买盘
237,14:40:47,14.6,--,10,14600,卖盘
238,14:40:41,14.6,-0.01,34,49640,卖盘
239,14:40:38,14.61,0.01,183,267363,买盘
240,14:40:35,14.6,--,66,96360,卖盘
241,14:40:32,14.6,--,10,14600,卖盘
242,14:40:29,14.6,--,100,146000,卖盘
243,14:40:23,14.6,--,8,11680,卖盘
244,14:40:20,14.6,-0.01,30,43800,卖盘
245,14:40:17,14.61,0.01,1,1461,买盘
246,14:40:14,14.6,--,12,17520,卖盘
247,14:40:11,14.6,--,7,10220,卖盘
248,14:40:08,14.6,-0.01,2,2920,卖盘
249,14:40:05,14.61,--,26,37986,买盘
250,14:40:02,14.61,0.01,25,36525,买盘
251,14:39:56,14.6,--,13,18980,卖盘
252,14:39:53,14.6,-0.01,93,135780,卖盘
253,14:39:50,14.61,--,206,300966,买盘
254,14:39:47,14.61,--,42,61362,买盘
255,14:39:44,14.61,0.01,19,27759,买盘
256,14:39:41,14.6,--,4,5840,卖盘
257,14:39:38,14.6,--,15,21900,卖盘
258,14:39:35,14.6,--,5,7300,卖盘
259,14:39:32,14.6,--,142,207320,卖盘
260,14:39:26,14.6,--,2,2920,卖盘
261,14:39:23,14.6,--,524,765040,卖盘
262,14:39:20,14.6,-0.01,238,347480,卖盘
263,14:39:17,14.61,0.01,59,86199,买盘
264,14:39:14,14.6,-0.01,23,33580,卖盘
265,14:39:11,14.61,--,61,89121,买盘
266,14:39:08,14.61,--,28,40908,买盘
267,14:39:05,14.61,0.01,27,39447,买盘
268,14:38:59,14.6,-0.01,53,77380,卖盘
269,14:38:56,14.61,0.01,90,131490,买盘
270,14:38:53,14.6,-0.01,49,71540,卖盘
271,14:38:47,14.61,0.01,92,134412,买盘
272,14:38:44,14.6,--,29,42340,卖盘
273,14:38:41,14.6,-0.01,146,213160,卖盘
274,14:38:38,14.61,--,196,286356,买盘
275,14:38:35,14.61,0.01,84,122724,买盘
276,14:38:32,14.6,--,81,118260,卖盘
277,14:38:29,14.6,--,143,208780,卖盘
278,14:38:23,14.6,--,20,29200,卖盘
279,14:38:20,14.6,--,38,55480,卖盘
280,14:38:14,14.6,0.02,958,1398680,买盘
281,14:38:11,14.58,-0.01,67,97686,卖盘
282,14:38:07,14.59,--,340,496060,买盘
283,14:38:04,14.59,0.03,28,40852,买盘
284,14:38:01,14.56,-0.01,515,749840,卖盘
285,14:37:58,14.57,--,353,514321,卖盘
286,14:37:55,14.57,--,36,52452,卖盘
287,14:37:52,14.57,-0.01,44,64108,卖盘
288,14:37:49,14.58,0.01,97,141426,买盘
289,14:37:46,14.57,0.01,42,61194,卖盘
290,14:37:43,14.56,--,231,337500,卖盘
291,14:37:37,14.56,-0.02,100,145600,卖盘
292,14:37:34,14.58,0.02,354,516132,买盘
293,14:37:31,14.56,--,58,84448,买盘
294,14:37:28,14.56,--,6,8736,买盘
295,14:37:25,14.56,--,109,158704,卖盘
296,14:37:22,14.56,--,23,33488,卖盘
297,14:37:19,14.56,--,60,87360,卖盘
298,14:37:16,14.56,-0.02,75,109200,卖盘
299,14:37:13,14.58,0.02,2,2916,买盘
300,14:37:07,14.56,-0.02,737,1073072,卖盘
301,14:37:04,14.58,-0.01,98,142884,卖盘
302,14:37:01,14.59,--,186,271374,买盘
303,14:36:55,14.59,0.01,24,35016,买盘
304,14:36:52,14.58,-0.01,23,33534,卖盘
305,14:36:49,14.59,--,18,26262,卖盘
306,14:36:46,14.59,--,69,100671,卖盘
307,14:36:43,14.59,--,96,140064,卖盘
308,14:36:40,14.59,-0.01,91,132769,卖盘
309,14:36:34,14.6,--,24,35040,买盘
310,14:36:28,14.6,--,65,94900,买盘
311,14:36:22,14.6,-0.01,636,928560,卖盘
312,14:36:19,14.61,--,1,1461,买盘
313,14:36:16,14.61,0.01,90,131490,买盘
314,14:36:10,14.6,-0.01,51,74460,卖盘
315,14:36:07,14.61,-0.01,31,45291,卖盘
316,14:36:04,14.62,0.01,1,1462,买盘
317,14:36:01,14.61,-0.01,92,134412,卖盘
318,14:35:58,14.62,--,93,135966,卖盘
319,14:35:55,14.62,--,340,497080,卖盘
320,14:35:52,14.62,--,10,14620,卖盘
321,14:35:49,14.62,-0.01,10,14620,卖盘
322,14:35:46,14.63,0.01,81,118503,买盘
323,14:35:43,14.62,--,79,115498,卖盘
324,14:35:40,14.62,--,76,111112,卖盘
325,14:35:34,14.62,--,2,2924,卖盘
326,14:35:25,14.62,-0.01,435,637139,卖盘
327,14:35:19,14.63,--,41,59983,卖盘
328,14:35:13,14.63,--,57,83391,卖盘
329,14:35:10,14.63,--,16,23408,卖盘
330,14:35:07,14.63,0.01,356,521120,买盘
331,14:35:04,14.62,-0.01,12,17544,卖盘
332,14:34:58,14.63,--,177,260121,卖盘
333,14:34:55,14.63,--,14,20482,卖盘
334,14:34:52,14.63,--,62,90706,卖盘
335,14:34:49,14.63,-0.01,40,58520,卖盘
336,14:34:46,14.64,0.01,1,1464,买盘
337,14:34:43,14.63,--,7,10241,卖盘
338,14:34:40,14.63,--,20,29260,卖盘
339,14:34:37,14.63,--,150,219742,买盘
340,14:34:34,14.63,0.01,2,2926,买盘
341,14:34:31,14.62,-0.01,49,71638,卖盘
342,14:34:25,14.63,-0.01,77,112651,卖盘
343,14:34:25,14.64,0.02,92,134688,买盘
344,14:34:16,14.62,-0.01,46,67252,卖盘
345,14:34:10,14.63,--,8,11704,卖盘
346,14:34:07,14.63,-0.01,107,156541,卖盘
347,14:34:04,14.64,0.01,74,108628,买盘
348,14:34:01,14.63,--,13,20189,卖盘
349,14:33:58,14.63,--,135,197505,卖盘
350,14:33:55,14.63,-0.01,48,70224,卖盘
351,14:33:52,14.64,--,20,29280,买盘
352,14:33:49,14.64,--,207,303340,买盘
353,14:33:46,14.64,--,66,96624,买盘
354,14:33:40,14.64,0.01,10,14640,买盘
355,14:33:37,14.63,-0.02,200,292600,卖盘
356,14:33:34,14.65,--,612,896580,买盘
357,14:33:31,14.65,0.02,330,483450,买盘
358,14:33:25,14.63,-0.02,87,127281,卖盘
359,14:33:22,14.65,0.01,529,774985,买盘
360,14:33:19,14.64,0.01,50,73200,买盘
361,14:33:16,14.63,--,85,124355,卖盘
362,14:33:13,14.63,-0.01,50,73150,卖盘
363,14:33:04,14.64,0.01,101,147864,买盘
364,14:33:01,14.63,--,10,14630,卖盘
365,14:32:58,14.63,--,54,79002,卖盘
366,14:32:55,14.63,--,165,241395,卖盘
367,14:32:52,14.63,--,44,64372,卖盘
368,14:32:49,14.63,--,6,8778,卖盘
369,14:32:46,14.63,-0.01,438,640794,卖盘
370,14:32:43,14.64,0.01,146,213744,买盘
371,14:32:40,14.63,--,48,70224,卖盘
372,14:32:37,14.63,--,294,430122,卖盘
373,14:32:31,14.63,-0.01,17,24871,卖盘
374,14:32:28,14.64,0.01,57,83448,买盘
375,14:32:25,14.63,--,149,217987,卖盘
376,14:32:22,14.63,--,23,33649,卖盘
377,14:32:19,14.63,--,598,874874,卖盘
378,14:32:16,14.63,--,142,207746,卖盘
379,14:32:13,14.63,--,58,84854,卖盘
380,14:32:10,14.63,--,11,16093,卖盘
381,14:32:07,14.63,--,61,89243,卖盘
382,14:32:04,14.63,--,2,2926,卖盘
383,14:31:58,14.63,--,10,14630,卖盘
384,14:31:55,14.63,-0.01,68,99484,卖盘
385,14:31:52,14.64,0.01,70,102480,买盘
386,14:31:49,14.63,--,115,168245,卖盘
387,14:31:46,14.63,--,47,68761,卖盘
388,14:31:43,14.63,--,37,54131,卖盘
389,14:31:40,14.63,--,15,21945,卖盘
390,14:31:37,14.63,--,200,292600,卖盘
391,14:31:34,14.63,--,66,96558,卖盘
392,14:31:31,14.63,--,89,130207,卖盘
393,14:31:28,14.63,--,106,155078,卖盘
394,14:31:22,14.63,-0.01,34,49742,买盘
395,14:31:19,14.64,0.01,18,26352,买盘
396,14:31:16,14.63,-0.01,108,158004,卖盘
397,14:31:10,14.64,0.01,53,77592,买盘
398,14:31:07,14.63,-0.01,134,196042,卖盘
399,14:31:01,14.64,--,90,131760,买盘
400,14:30:58,14.64,--,28,40992,买盘
401,14:30:55,14.64,0.01,94,137616,买盘
402,14:30:43,14.63,--,83,121429,卖盘
403,14:30:40,14.63,--,84,122892,卖盘
404,14:30:37,14.63,--,179,261877,卖盘
405,14:30:34,14.63,--,70,102410,卖盘
406,14:30:31,14.63,--,110,160930,卖盘
407,14:30:28,14.63,-0.01,128,187264,卖盘
408,14:30:25,14.64,0.01,120,175680,买盘
409,14:30:22,14.63,--,28,40964,卖盘
410,14:30:19,14.63,--,122,178486,买盘
411,14:30:16,14.63,-0.01,514,751982,卖盘
412,14:30:13,14.64,--,33,48312,买盘
413,14:30:10,14.64,0.01,1,1464,买盘
414,14:30:07,14.63,-0.01,89,130207,卖盘
415,14:30:04,14.64,--,1033,1512312,买盘
416,14:30:01,14.64,0.01,483,707112,买盘
417,14:29:58,14.63,--,69,100947,卖盘
418,14:29:55,14.63,-0.01,43,62909,卖盘
419,14:29:52,14.64,--,87,127368,买盘
420,14:29:49,14.64,--,23,33672,买盘
421,14:29:46,14.64,0.01,35,51240,买盘
422,14:29:40,14.63,--,2,2926,卖盘
423,14:29:37,14.63,--,151,220913,卖盘
424,14:29:31,14.63,0.01,4,5852,中性盘
425,14:29:28,14.62,-0.02,10,14620,卖盘
426,14:29:25,14.64,0.02,283,414312,买盘
427,14:29:19,14.62,-0.01,18,26316,卖盘
428,14:29:16,14.63,-0.01,5,7315,中性盘
429,14:29:13,14.64,0.02,1407,2059848,买盘
430,14:29:07,14.62,--,6,8772,卖盘
431,14:29:04,14.62,--,59,86258,卖盘
432,14:29:01,14.62,--,20,29240,卖盘
433,14:28:58,14.62,-0.01,14,20468,卖盘
434,14:28:55,14.63,0.01,103,150689,买盘
435,14:28:49,14.62,--,20,29240,卖盘
436,14:28:46,14.62,--,460,672520,卖盘
437,14:28:43,14.62,--,39,57018,卖盘
438,14:28:40,14.62,-0.01,13,19006,卖盘
439,14:28:37,14.63,--,717,1048971,买盘
440,14:28:31,14.63,0.01,293,428659,买盘
441,14:28:28,14.62,--,40,58480,卖盘
442,14:28:25,14.62,--,19,27778,卖盘
443,14:28:22,14.62,--,19,27778,卖盘
444,14:28:16,14.62,--,30,43860,卖盘
445,14:28:13,14.62,--,17,24854,卖盘
446,14:28:10,14.62,--,5,7310,卖盘
447,14:28:07,14.62,--,75,109650,卖盘
448,14:28:01,14.62,--,10,14620,卖盘
449,14:27:58,14.62,-0.01,4,5848,卖盘
450,14:27:55,14.63,0.01,59,86317,买盘
451,14:27:52,14.62,--,132,192984,买盘
452,14:27:46,14.62,0.01,30,43860,买盘
453,14:27:43,14.61,--,1,1461,卖盘
454,14:27:40,14.61,--,1,1461,卖盘
455,14:27:37,14.61,-0.01,142,207462,卖盘
456,14:27:25,14.62,0.01,23,33626,买盘
457,14:27:19,14.61,-0.01,69,100809,卖盘
458,14:27:16,14.62,--,58,84796,买盘
459,14:27:13,14.62,-0.01,83,121346,卖盘
460,14:27:04,14.63,0.01,286,418418,买盘
461,14:26:58,14.62,--,23,33626,卖盘
462,14:26:55,14.62,0.01,365,534858,买盘
463,14:26:49,14.61,--,69,100809,卖盘
464,14:26:46,14.61,0.01,142,207462,买盘
465,14:26:40,14.6,--,6,8760,卖盘
466,14:26:34,14.6,-0.01,413,602980,卖盘
467,14:26:31,14.61,--,208,303888,买盘
468,14:26:22,14.61,--,59,86199,买盘
469,14:26:19,14.61,--,3,4383,买盘
470,14:26:13,14.61,0.01,47,68667,买盘
471,14:26:10,14.6,--,60,87600,卖盘
472,14:26:04,14.6,--,44,64240,卖盘
473,14:25:55,14.6,-0.01,22,33463,卖盘
474,14:25:52,14.61,-0.01,23,33603,卖盘
475,14:25:49,14.62,0.02,53,77486,买盘
476,14:25:46,14.6,-0.01,5,7300,卖盘
477,14:25:43,14.61,-0.01,12,17532,买盘
478,14:25:37,14.62,0.02,32,46784,买盘
479,14:25:28,14.6,-0.02,20,29200,卖盘
480,14:25:25,14.62,0.02,11,16082,买盘
481,14:25:19,14.6,-0.02,145,211700,卖盘
482,14:25:13,14.62,-0.01,2,2924,卖盘
483,14:25:10,14.63,0.01,54,79002,买盘
484,14:25:04,14.62,0.02,89,130118,中性盘
485,14:24:55,14.6,-0.03,335,489479,卖盘
486,14:24:52,14.63,0.01,21,30723,买盘
487,14:24:49,14.62,--,43,62866,买盘
488,14:24:46,14.62,--,1,1462,买盘
489,14:24:43,14.62,--,74,108188,买盘
490,14:24:40,14.62,--,24,35088,卖盘
491,14:24:37,14.62,--,74,108188,卖盘
492,14:24:34,14.62,--,75,109650,卖盘
493,14:24:31,14.62,-0.01,61,89182,卖盘
494,14:24:28,14.63,0.01,104,152152,买盘
495,14:24:25,14.62,--,11,16082,卖盘
496,14:24:22,14.62,--,15,21930,卖盘
497,14:24:16,14.62,--,3,4386,卖盘
498,14:24:13,14.62,--,6,8772,卖盘
499,14:24:10,14.62,--,1,1462,卖盘
500,14:24:07,14.62,-0.01,35,51170,卖盘
501,14:23:52,14.63,--,18,26334,买盘
502,14:23:46,14.63,--,51,74613,买盘
503,14:23:43,14.63,0.01,20,29260,买盘
504,14:23:40,14.62,--,2,2924,卖盘
505,14:23:37,14.62,--,140,204680,卖盘
506,14:23:31,14.62,--,17,24854,卖盘
507,14:23:28,14.62,--,76,111112,卖盘
508,14:23:25,14.62,-0.01,122,178364,卖盘
509,14:23:19,14.63,0.01,13,19019,买盘
510,14:23:16,14.62,-0.01,50,73100,卖盘
511,14:23:10,14.63,0.01,51,74613,买盘
512,14:23:07,14.62,-0.01,110,160820,卖盘
513,14:23:04,14.63,0.01,13,19019,买盘
514,14:23:01,14.62,--,11,16082,卖盘
515,14:22:58,14.62,-0.01,10,14620,卖盘
516,14:22:55,14.63,0.01,26,38038,买盘
517,14:22:52,14.62,-0.01,4,5848,卖盘
518,14:22:46,14.63,--,24,35112,买盘
519,14:22:43,14.63,--,49,71687,买盘
520,14:22:40,14.63,--,74,108262,买盘
521,14:22:34,14.63,--,101,147763,买盘
522,14:22:28,14.63,0.01,20,29260,买盘
523,14:22:25,14.62,--,116,169592,卖盘
524,14:22:19,14.62,--,44,64328,卖盘
525,14:22:16,14.62,-0.01,34,49708,卖盘
526,14:22:13,14.63,0.01,427,624701,买盘
527,14:22:10,14.62,-0.01,20,29240,卖盘
528,14:22:04,14.63,--,63,92169,买盘
529,14:22:01,14.63,--,8,11704,买盘
530,14:21:55,14.63,--,49,71687,买盘
531,14:21:52,14.63,--,200,292600,买盘
532,14:21:49,14.63,--,23,33649,买盘
533,14:21:46,14.63,0.01,68,99484,买盘
534,14:21:37,14.62,-0.01,8,11696,卖盘
535,14:21:34,14.63,0.01,5,7315,买盘
536,14:21:31,14.62,-0.01,30,43860,卖盘
537,14:21:22,14.63,0.01,11,16093,买盘
538,14:21:19,14.62,-0.01,10,14620,卖盘
539,14:21:13,14.63,--,52,76076,买盘
540,14:21:07,14.63,--,154,225302,买盘
541,14:21:04,14.63,--,69,100947,买盘
542,14:21:01,14.63,--,34,49742,买盘
543,14:20:55,14.63,--,30,43890,买盘
544,14:20:52,14.63,0.01,85,124355,买盘
545,14:20:49,14.62,-0.01,366,535092,卖盘
546,14:20:43,14.63,--,1,1463,买盘
547,14:20:40,14.63,--,2,2926,买盘
548,14:20:37,14.63,0.01,9,13167,买盘
549,14:20:34,14.62,-0.01,33,48246,卖盘
550,14:20:28,14.63,0.01,263,384769,买盘
551,14:20:25,14.62,-0.01,11,16082,卖盘
552,14:20:22,14.63,0.01,26,38038,买盘
553,14:20:19,14.62,--,30,43860,卖盘
554,14:20:16,14.62,-0.02,65,95030,卖盘
555,14:20:13,14.64,0.02,24,35136,买盘
556,14:20:10,14.62,-0.02,5,7310,卖盘
557,14:20:04,14.64,0.03,96,140544,买盘
558,14:20:01,14.61,--,20,29220,卖盘
559,14:19:55,14.61,-0.02,61,89121,卖盘
560,14:19:49,14.63,--,107,157126,卖盘
561,14:19:43,14.63,--,33,48279,卖盘
562,14:19:40,14.63,--,90,131670,卖盘
563,14:19:37,14.63,-0.01,102,149226,卖盘
564,14:19:34,14.64,0.01,7,10248,买盘
565,14:19:28,14.63,-0.01,5,7315,卖盘
566,14:19:25,14.64,0.01,13,19032,买盘
567,14:19:13,14.63,0.03,1731,2533330,买盘
568,14:19:10,14.6,--,90,131400,卖盘
569,14:19:07,14.6,--,187,273020,卖盘
570,14:18:58,14.6,--,30,43800,卖盘
571,14:18:55,14.6,--,5,7300,卖盘
572,14:18:46,14.6,-0.01,10,14600,卖盘
573,14:18:43,14.61,0.01,1,1461,买盘
574,14:18:40,14.6,0.01,373,544580,买盘
575,14:18:37,14.59,--,20,29180,卖盘
576,14:18:34,14.59,-0.01,15,21885,卖盘
577,14:18:28,14.6,0.01,95,138700,买盘
578,14:18:25,14.59,--,46,67114,卖盘
579,14:18:22,14.59,--,51,74409,卖盘
580,14:18:13,14.59,--,3,4377,卖盘
581,14:18:10,14.59,--,1,1459,卖盘
582,14:18:06,14.59,--,113,164867,卖盘
583,14:18:03,14.59,--,15,21885,卖盘
584,14:18:00,14.59,0.01,125,182375,买盘
585,14:17:57,14.58,--,333,485514,卖盘
586,14:17:54,14.58,-0.01,300,437400,卖盘
587,14:17:51,14.59,0.01,557,812663,买盘
588,14:17:45,14.58,--,112,163296,卖盘
589,14:17:42,14.58,--,61,88938,卖盘
590,14:17:36,14.58,0.01,26,37908,卖盘
591,14:17:30,14.57,-0.02,194,282658,卖盘
592,14:17:24,14.59,0.01,1,1459,买盘
593,14:17:21,14.58,-0.01,60,87480,卖盘
594,14:17:06,14.59,-0.01,230,335570,卖盘
595,14:17:00,14.6,0.01,14,20440,买盘
596,14:16:57,14.59,-0.01,2,2918,卖盘
597,14:16:51,14.6,0.01,52,75920,买盘
598,14:16:45,14.59,-0.01,5,7295,卖盘
599,14:16:39,14.6,--,1,1460,买盘
600,14:16:33,14.6,--,1,1460,买盘
601,14:16:27,14.6,--,41,59860,买盘
602,14:16:21,14.6,--,93,135780,买盘
603,14:16:15,14.6,--,1,1460,买盘
604,14:16:12,14.6,--,2,2920,买盘
605,14:16:09,14.6,--,4,5840,买盘
606,14:16:06,14.6,--,62,90520,卖盘
607,14:16:03,14.6,--,38,55480,卖盘
608,14:16:00,14.6,--,26,37960,卖盘
609,14:15:51,14.6,--,29,42340,卖盘
610,14:15:48,14.6,--,115,167900,卖盘
611,14:15:45,14.6,--,47,68620,卖盘
612,14:15:42,14.6,--,60,87600,卖盘
613,14:15:39,14.6,--,128,186880,卖盘
614,14:15:36,14.6,--,20,29200,卖盘
615,14:15:30,14.6,-0.01,54,78840,卖盘
616,14:15:24,14.61,0.01,1,1461,买盘
617,14:15:21,14.6,-0.02,661,965060,卖盘
618,14:15:03,14.62,--,87,128071,卖盘
619,14:15:00,14.62,--,7,10234,卖盘
620,14:14:57,14.62,-0.01,5,7310,卖盘
621,14:14:54,14.63,0.01,26,38038,买盘
622,14:14:51,14.62,--,68,99416,卖盘
623,14:14:39,14.62,--,80,116960,卖盘
624,14:14:33,14.62,-0.01,22,32164,卖盘
625,14:14:24,14.63,--,52,76076,买盘
626,14:14:21,14.63,0.01,222,324786,买盘
627,14:14:18,14.62,-0.01,2,2924,卖盘
628,14:14:15,14.63,0.01,51,74613,买盘
629,14:14:12,14.62,--,16,23392,卖盘
630,14:14:06,14.62,-0.01,61,89182,卖盘
631,14:14:03,14.63,0.01,4,5852,买盘
632,14:14:00,14.62,--,23,33626,卖盘
633,14:13:57,14.62,-0.01,5,7310,卖盘
634,14:13:54,14.63,0.01,8,11704,买盘
635,14:13:51,14.62,--,35,51170,卖盘
636,14:13:48,14.62,--,54,78948,卖盘
637,14:13:39,14.62,-0.01,72,105264,卖盘
638,14:13:30,14.63,0.01,23,33649,买盘
639,14:13:27,14.62,--,17,26286,卖盘
640,14:13:24,14.62,-0.01,3,4386,卖盘
641,14:13:18,14.63,0.01,14,20482,买盘
642,14:13:15,14.62,-0.02,45,65790,卖盘
643,14:13:12,14.64,--,69,101016,买盘
644,14:13:09,14.64,0.01,60,87840,买盘
645,14:13:06,14.63,0.01,71,103873,买盘
646,14:13:03,14.62,-0.02,23,33626,卖盘
647,14:13:00,14.64,0.01,88,128832,买盘
648,14:12:57,14.63,--,57,83391,买盘
649,14:12:54,14.63,-0.01,20,29260,中性盘
650,14:12:51,14.64,--,47,68808,买盘
651,14:12:45,14.64,--,117,171288,买盘
652,14:12:42,14.64,--,7,10248,买盘
653,14:12:36,14.64,--,34,49776,买盘
654,14:12:33,14.64,0.01,52,76128,买盘
655,14:12:30,14.63,-0.01,23,33649,中性盘
656,14:12:24,14.64,--,65,95160,买盘
657,14:12:21,14.64,--,21,30744,买盘
658,14:12:12,14.64,0.01,32,46848,买盘
659,14:12:09,14.63,0.01,25,36575,买盘
660,14:12:03,14.62,-0.01,50,73100,卖盘
661,14:12:00,14.63,0.01,11,16093,买盘
662,14:11:57,14.62,-0.02,43,62866,卖盘
663,14:11:54,14.64,--,2092,3062688,买盘
664,14:11:51,14.64,0.01,13,19032,买盘
665,14:11:48,14.63,--,447,653961,卖盘
666,14:11:39,14.63,--,251,367213,卖盘
667,14:11:33,14.63,--,29,42427,卖盘
668,14:11:30,14.63,--,36,52668,卖盘
669,14:11:27,14.63,--,90,131670,卖盘
670,14:11:21,14.63,--,101,147763,卖盘
671,14:11:15,14.63,-0.01,25,36575,卖盘
672,14:11:12,14.64,--,434,635376,买盘
673,14:11:06,14.64,--,131,191784,买盘
674,14:11:00,14.64,--,1,1464,买盘
675,14:10:57,14.64,--,127,185928,买盘
676,14:10:54,14.64,0.01,53,77592,买盘
677,14:10:51,14.63,--,130,190190,卖盘
678,14:10:48,14.63,0.01,2140,3131434,买盘
679,14:10:42,14.62,0.01,1,1462,买盘
680,14:10:36,14.61,--,6,8766,卖盘
681,14:10:33,14.61,--,109,159249,卖盘
682,14:10:30,14.61,-0.01,5,7305,卖盘
683,14:10:27,14.62,--,77,112574,买盘
684,14:10:24,14.62,0.01,2,2924,买盘
685,14:10:21,14.61,--,3,4383,卖盘
686,14:10:18,14.61,--,1,1461,卖盘
687,14:10:12,14.61,--,8,11688,买盘
688,14:10:06,14.61,--,2,2922,买盘
689,14:10:00,14.61,-0.01,2,2922,买盘
690,14:09:57,14.62,--,12,17544,买盘
691,14:09:51,14.62,0.01,310,453220,买盘
692,14:09:48,14.61,0.01,156,227916,买盘
693,14:09:45,14.6,--,20,29200,卖盘
694,14:09:39,14.6,-0.01,32,47304,卖盘
695,14:09:36,14.61,--,1,1461,买盘
696,14:09:30,14.61,--,31,45291,买盘
697,14:09:24,14.61,0.01,24,35064,买盘
698,14:09:18,14.6,--,47,68620,卖盘
699,14:09:15,14.6,-0.01,21,30660,卖盘
700,14:09:12,14.61,--,21,30681,买盘
701,14:09:09,14.61,--,55,80355,买盘
702,14:09:03,14.61,0.01,1,1461,买盘
703,14:08:57,14.6,--,140,204400,卖盘
704,14:08:48,14.6,-0.01,20,29200,卖盘
705,14:08:45,14.61,--,12,17532,卖盘
706,14:08:42,14.61,--,154,224994,卖盘
707,14:08:36,14.61,--,25,36525,卖盘
708,14:08:33,14.61,-0.01,120,175320,卖盘
709,14:08:27,14.62,0.01,84,122808,买盘
710,14:08:24,14.61,--,21,30681,卖盘
711,14:08:21,14.61,-0.01,125,182625,卖盘
712,14:08:15,14.62,0.01,6,8772,买盘
713,14:08:09,14.61,-0.01,1,1461,卖盘
714,14:08:06,14.62,--,102,149124,买盘
715,14:08:03,14.62,--,6,8772,买盘
716,14:07:57,14.62,--,64,93568,买盘
717,14:07:54,14.62,0.01,22,32164,买盘
718,14:07:48,14.61,--,71,103731,卖盘
719,14:07:45,14.61,-0.01,15,21915,卖盘
720,14:07:42,14.62,0.01,77,112574,买盘
721,14:07:39,14.61,--,17,24837,卖盘
722,14:07:36,14.61,-0.01,75,109575,卖盘
723,14:07:33,14.62,0.01,1,1462,买盘
724,14:07:30,14.61,-0.01,64,93504,卖盘
725,14:07:27,14.62,--,20,29240,买盘
726,14:07:21,14.62,--,2,2924,买盘
727,14:07:18,14.62,--,135,197370,卖盘
728,14:07:15,14.62,-0.01,5,7310,卖盘
729,14:07:12,14.63,0.01,1045,1528835,买盘
730,14:07:09,14.62,--,11,16082,卖盘
731,14:07:03,14.62,--,204,298248,卖盘
732,14:07:00,14.62,--,20,29240,卖盘
733,14:06:57,14.62,--,10,14620,卖盘
734,14:06:54,14.62,-0.01,11,16082,卖盘
735,14:06:51,14.63,0.01,61,89243,买盘
736,14:06:45,14.62,--,75,109650,卖盘
737,14:06:39,14.62,--,46,67252,卖盘
738,14:06:36,14.62,--,43,62866,卖盘
739,14:06:33,14.62,-0.01,58,85380,卖盘
740,14:06:30,14.63,0.01,45,65835,买盘
741,14:06:27,14.62,--,1,1462,卖盘
742,14:06:24,14.62,--,58,84796,卖盘
743,14:06:21,14.62,--,78,114036,卖盘
744,14:06:18,14.62,--,47,68714,卖盘
745,14:06:15,14.62,--,23,33626,卖盘
746,14:06:12,14.62,-0.01,68,99416,卖盘
747,14:06:09,14.63,0.01,34,49742,买盘
748,14:06:06,14.62,--,8,11696,卖盘
749,14:06:03,14.62,--,2,2924,卖盘
750,14:06:00,14.62,--,43,62866,卖盘
751,14:05:54,14.62,--,15,21930,卖盘
752,14:05:48,14.62,-0.01,30,43860,中性盘
753,14:05:45,14.63,0.01,54,79002,买盘
754,14:05:42,14.62,--,10,14620,买盘
755,14:05:39,14.62,-0.01,13,19006,卖盘
756,14:05:30,14.63,0.01,1,1463,买盘
757,14:05:27,14.62,-0.01,2,2924,中性盘
758,14:05:24,14.63,0.02,132,193116,买盘
759,14:05:21,14.61,--,51,74511,卖盘
760,14:05:18,14.61,-0.01,2,2922,卖盘
761,14:05:15,14.62,0.01,7,10234,买盘
762,14:05:12,14.61,-0.01,10,14610,卖盘
763,14:05:06,14.62,-0.01,13,19006,中性盘
764,14:05:03,14.63,0.02,65,95095,买盘
765,14:04:57,14.61,-0.01,20,29220,卖盘
766,14:04:54,14.62,0.01,10,14620,买盘
767,14:04:48,14.61,-0.01,30,43830,卖盘
768,14:04:42,14.62,-0.01,1,1462,中性盘
769,14:04:36,14.63,0.01,50,73150,买盘
770,14:04:33,14.62,-0.01,12,17544,卖盘
771,14:04:30,14.63,--,25,38008,卖盘
772,14:04:27,14.63,--,818,1196763,买盘
773,14:04:21,14.63,0.02,1,1463,买盘
774,14:04:18,14.61,-0.02,144,210384,卖盘
775,14:04:12,14.63,0.01,52,76076,买盘
776,14:04:09,14.62,-0.01,14,20468,卖盘
777,14:04:03,14.63,--,2,2926,买盘
778,14:04:00,14.63,0.01,72,105336,买盘
779,14:03:57,14.62,--,2,2924,卖盘
780,14:03:54,14.62,-0.01,22,32164,卖盘
781,14:03:51,14.63,0.01,131,191653,买盘
782,14:03:48,14.62,--,18,26316,卖盘
783,14:03:45,14.62,--,58,84796,卖盘
784,14:03:42,14.62,--,44,64328,卖盘
785,14:03:36,14.62,--,5,7310,卖盘
786,14:03:33,14.62,--,115,168130,卖盘
787,14:03:27,14.62,--,328,479536,买盘
788,14:03:24,14.62,-0.01,10,16052,卖盘
789,14:03:21,14.63,0.01,8,11704,买盘
790,14:03:18,14.62,-0.01,256,374272,卖盘
791,14:03:12,14.63,0.01,24,35112,买盘
792,14:03:09,14.62,--,56,81872,卖盘
793,14:03:06,14.62,--,85,124270,卖盘
794,14:03:03,14.62,-0.01,108,157896,卖盘
795,14:03:00,14.63,--,56,82220,买盘
796,14:02:57,14.63,0.01,50,73150,买盘
797,14:02:54,14.62,-0.01,406,593572,卖盘
798,14:02:51,14.63,0.01,28,40964,买盘
799,14:02:48,14.62,-0.01,86,125732,卖盘
800,14:02:45,14.63,--,50,73150,买盘
801,14:02:42,14.63,0.01,33,48279,买盘
802,14:02:39,14.62,-0.01,20,29240,卖盘
803,14:02:36,14.63,0.01,2,2926,买盘
804,14:02:33,14.62,--,23,33626,卖盘
805,14:02:27,14.62,-0.01,32,46784,卖盘
806,14:02:24,14.63,0.01,121,177023,买盘
807,14:02:21,14.62,-0.01,4,5848,卖盘
808,14:02:18,14.63,--,4,5852,买盘
809,14:02:15,14.63,--,70,102410,买盘
810,14:02:12,14.63,--,1,1492,买盘
811,14:02:00,14.63,--,1,1463,买盘
812,14:01:57,14.63,--,36,52668,买盘
813,14:01:48,14.63,--,134,196890,卖盘
814,14:01:45,14.63,-0.01,106,155078,卖盘
815,14:01:42,14.64,0.01,32,46848,买盘
816,14:01:39,14.63,--,162,237006,卖盘
817,14:01:30,14.63,--,37,54131,卖盘
818,14:01:27,14.63,--,174,254562,卖盘
819,14:01:24,14.63,--,2432,3558630,卖盘
820,14:01:18,14.63,--,20,29260,卖盘
821,14:01:15,14.63,--,48,70224,卖盘
822,14:01:12,14.63,--,55,80465,卖盘
823,14:01:09,14.63,--,2066,3022558,卖盘
824,14:01:03,14.63,--,43,62909,卖盘
825,14:01:00,14.63,--,120,175560,卖盘
826,14:00:57,14.63,-0.01,44,64372,卖盘
827,14:00:51,14.64,--,1,1464,买盘
828,14:00:45,14.64,--,74,108336,买盘
829,14:00:42,14.64,0.01,53,77592,买盘
830,14:00:39,14.63,--,15,21945,卖盘
831,14:00:36,14.63,--,75,109725,卖盘
832,14:00:33,14.63,--,139,203357,卖盘
833,14:00:30,14.63,--,27,39501,卖盘
834,14:00:27,14.63,--,60,87780,卖盘
835,14:00:24,14.63,0.01,1306,1910678,买盘
836,14:00:21,14.62,-0.01,317,463454,卖盘
837,14:00:18,14.63,--,5,7315,买盘
838,14:00:15,14.63,--,94,137522,卖盘
839,14:00:09,14.63,--,27,39501,卖盘
840,14:00:06,14.63,--,13,19019,卖盘
841,14:00:03,14.63,-0.01,31,45353,卖盘
842,14:00:00,14.64,0.01,11,16104,买盘
843,13:59:57,14.63,--,206,301378,卖盘
844,13:59:54,14.63,--,2,2926,卖盘
845,13:59:51,14.63,0.01,167,244321,买盘
846,13:59:48,14.62,-0.01,142,207604,卖盘
847,13:59:42,14.63,0.01,1,1463,买盘
848,13:59:39,14.62,-0.01,2,2924,卖盘
849,13:59:36,14.63,0.01,5,7315,买盘
850,13:59:33,14.62,-0.01,50,73100,卖盘
851,13:59:27,14.63,0.01,10,14630,中性盘
852,13:59:24,14.62,-0.01,133,194446,卖盘
853,13:59:21,14.63,0.01,197,288211,买盘
854,13:59:14,14.62,-0.01,60,87720,卖盘
855,13:59:11,14.63,0.01,1,1463,买盘
856,13:59:05,14.62,-0.01,82,119884,卖盘
857,13:59:02,14.63,--,7,10241,买盘
858,13:58:59,14.63,0.01,15,21945,买盘
859,13:58:56,14.62,-0.01,114,166668,卖盘
860,13:58:50,14.63,--,69,100947,买盘
861,13:58:47,14.63,0.01,51,74613,买盘
862,13:58:41,14.62,-0.02,254,371348,卖盘
863,13:58:38,14.64,0.02,35,51240,买盘
864,13:58:32,14.62,-0.01,11,16082,卖盘
865,13:58:29,14.63,--,1,1463,买盘
866,13:58:26,14.63,-0.01,133,194579,卖盘
867,13:58:23,14.64,--,12,18739,买盘
868,13:58:20,14.64,0.01,140,204960,买盘
869,13:58:14,14.63,0.01,3,4389,买盘
870,13:58:11,14.62,-0.01,55,80410,卖盘
871,13:58:08,14.63,--,221,323323,买盘
872,13:58:05,14.63,--,2,2926,买盘
873,13:58:02,14.63,--,175,256025,买盘
874,13:57:56,14.63,--,9,13167,买盘
875,13:57:53,14.63,--,101,147763,买盘
876,13:57:50,14.63,--,4,5852,买盘
877,13:57:47,14.63,--,59,86317,买盘
878,13:57:44,14.63,--,140,204820,买盘
879,13:57:41,14.63,-0.01,52,76076,买盘
880,13:57:38,14.64,0.01,84,122976,买盘
881,13:57:32,14.63,-0.01,88,128744,卖盘
882,13:57:29,14.64,0.01,30,44212,买盘
883,13:57:23,14.63,--,72,106506,买盘
884,13:57:17,14.63,--,29,42719,卖盘
885,13:57:14,14.63,--,80,118210,买盘
886,13:57:11,14.63,0.01,1241,1815583,买盘
887,13:57:08,14.62,--,328,479536,卖盘
888,13:57:05,14.62,--,11,16082,卖盘
889,13:57:02,14.62,-0.01,2,2924,中性盘
890,13:56:59,14.63,0.02,20,29260,买盘
891,13:56:56,14.61,-0.01,20,29220,卖盘
892,13:56:50,14.62,0.01,6,8772,中性盘
893,13:56:41,14.61,-0.02,71,103731,卖盘
894,13:56:38,14.63,0.03,129,188727,买盘
895,13:56:35,14.6,-0.03,6,8760,卖盘
896,13:56:29,14.63,0.02,802,1173326,买盘
897,13:56:26,14.61,--,263,384243,卖盘
898,13:56:23,14.61,-0.01,1202,1756122,卖盘
899,13:56:20,14.62,-0.01,29,42398,中性盘
900,13:56:14,14.63,--,81,118503,买盘
901,13:56:08,14.63,--,1207,1765841,买盘
902,13:56:05,14.63,--,786,1149918,买盘
903,13:56:02,14.63,0.01,24,35112,买盘
904,13:55:59,14.62,-0.01,27,39474,中性盘
905,13:55:56,14.63,0.02,3433,5023064,买盘
906,13:55:53,14.61,0.01,60,87660,买盘
907,13:55:50,14.6,--,1187,1733020,买盘
908,13:55:44,14.6,0.01,609,889140,买盘
909,13:55:41,14.59,--,80,116720,买盘
910,13:55:35,14.59,--,60,87540,买盘
911,13:55:32,14.59,--,16,23344,买盘
912,13:55:26,14.59,--,29,42311,买盘
913,13:55:23,14.59,0.01,13,18967,买盘
914,13:55:20,14.58,--,55,80190,卖盘
915,13:55:14,14.58,-0.01,62,90396,卖盘
916,13:55:08,14.59,0.01,61,88999,买盘
917,13:55:05,14.58,--,5,7290,卖盘
918,13:55:02,14.58,--,44,64152,卖盘
919,13:54:59,14.58,--,5,7290,卖盘
920,13:54:56,14.58,--,544,793152,卖盘
921,13:54:50,14.58,--,11,16038,卖盘
922,13:54:44,14.58,-0.01,415,605070,卖盘
923,13:54:41,14.59,--,83,121097,卖盘
924,13:54:35,14.59,-0.01,2,2918,卖盘
925,13:54:32,14.6,--,115,167900,买盘
926,13:54:29,14.6,-0.01,338,493480,卖盘
927,13:54:23,14.61,0.01,101,147561,买盘
928,13:54:20,14.6,-0.01,42,61320,卖盘
929,13:54:17,14.61,--,72,105192,买盘
930,13:54:05,14.61,-0.01,122,178242,卖盘
931,13:54:02,14.62,0.01,143,209066,买盘
932,13:53:56,14.61,--,39,56979,卖盘
933,13:53:53,14.61,--,226,330186,卖盘
934,13:53:50,14.61,--,8,11688,卖盘
935,13:53:47,14.61,--,49,71589,卖盘
936,13:53:41,14.61,-0.01,19,27759,卖盘
937,13:53:35,14.62,--,46,67252,买盘
938,13:53:35,14.62,--,95,138890,卖盘
939,13:53:29,14.62,-0.01,12,17544,卖盘
940,13:53:26,14.63,0.01,49,71687,买盘
941,13:53:23,14.62,-0.01,19,27778,卖盘
942,13:53:20,14.63,-0.01,89,130207,买盘
943,13:53:17,14.64,--,20,29280,买盘
944,13:53:14,14.64,0.01,106,155184,买盘
945,13:53:11,14.63,--,34,49742,买盘
946,13:53:08,14.63,--,498,728574,买盘
947,13:53:02,14.63,--,694,1015322,卖盘
948,13:52:59,14.63,--,78,114114,卖盘
949,13:52:56,14.63,--,77,112651,买盘
950,13:52:50,14.63,0.02,30,43890,买盘
951,13:52:47,14.61,--,6,8766,卖盘
952,13:52:44,14.61,-0.01,10,14610,中性盘
953,13:52:41,14.62,0.02,1,1462,中性盘
954,13:52:38,14.6,-0.04,201,293460,卖盘
955,13:52:32,14.64,0.03,53,77592,买盘
956,13:52:29,14.61,--,53,77433,卖盘
957,13:52:26,14.61,-0.01,200,292200,卖盘
958,13:52:23,14.62,-0.01,5,7310,卖盘
959,13:52:20,14.63,0.02,3,4389,买盘
960,13:52:17,14.61,-0.01,170,248370,卖盘
961,13:52:14,14.62,0.01,157,229534,买盘
962,13:52:08,14.61,--,8,11688,卖盘
963,13:52:05,14.61,-0.01,28,40908,卖盘
964,13:52:02,14.62,0.01,1,1462,买盘
965,13:51:59,14.61,--,100,146100,卖盘
966,13:51:56,14.61,-0.03,40,58440,卖盘
967,13:51:53,14.64,-0.01,72,105408,买盘
968,13:51:50,14.65,0.05,2183,3198095,买盘
969,13:51:47,14.6,-0.01,10,14600,卖盘
970,13:51:41,14.61,--,956,1396745,买盘
971,13:51:38,14.61,--,1,1461,买盘
972,13:51:35,14.61,0.01,20,29220,买盘
973,13:51:32,14.6,-0.02,30,43800,卖盘
974,13:51:29,14.62,0.01,8,11696,买盘
975,13:51:26,14.61,-0.01,4,5844,卖盘
976,13:51:23,14.62,--,37,54094,买盘
977,13:51:20,14.62,-0.01,3,4386,卖盘
978,13:51:17,14.63,--,412,602756,买盘
979,13:51:11,14.63,--,61,89243,买盘
980,13:51:05,14.63,--,1009,1477044,卖盘
981,13:51:02,14.63,-0.01,233,340879,卖盘
982,13:50:56,14.64,0.01,81,118584,买盘
983,13:50:53,14.63,--,31,45353,卖盘
984,13:50:50,14.63,--,62,90706,卖盘
985,13:50:47,14.63,--,103,150689,卖盘
986,13:50:44,14.63,-0.01,407,595733,卖盘
987,13:50:41,14.64,0.01,636,931104,买盘
988,13:50:38,14.63,--,67,98021,卖盘
989,13:50:32,14.63,--,85,124355,卖盘
990,13:50:29,14.63,-0.01,77,112651,卖盘
991,13:50:26,14.64,--,576,843264,买盘
992,13:50:23,14.64,--,43,62952,买盘
993,13:50:20,14.64,0.01,58,84912,买盘
994,13:50:17,14.63,--,16,23700,卖盘
995,13:50:14,14.63,--,5,7315,卖盘
996,13:50:11,14.63,--,223,326249,卖盘
997,13:50:08,14.63,--,70,102410,卖盘
998,13:50:02,14.63,--,12,17556,卖盘
999,13:49:59,14.63,-0.02,37,54131,卖盘
1000,13:49:56,14.65,0.02,597,874605,买盘
1001,13:49:53,14.63,-0.01,210,307230,卖盘
1002,13:49:50,14.64,0.01,76,111264,买盘
1003,13:49:47,14.63,0.02,1433,2096479,买盘
1004,13:49:44,14.61,-0.01,5,7305,卖盘
1005,13:49:41,14.62,--,25,36550,卖盘
1006,13:49:38,14.62,0.01,30,43860,买盘
1007,13:49:35,14.61,--,48,70128,卖盘
1008,13:49:23,14.61,-0.02,36,53472,卖盘
1009,13:49:20,14.63,0.03,529,773927,买盘
1010,13:49:17,14.6,-0.02,49,72766,卖盘
1011,13:49:14,14.62,0.02,15,21930,买盘
1012,13:49:11,14.6,-0.04,58,84680,卖盘
1013,13:49:08,14.64,0.01,129,188856,买盘
1014,13:49:05,14.63,--,103,150689,卖盘
1015,13:49:02,14.63,--,146,213598,卖盘
1016,13:48:59,14.63,--,69,100947,卖盘
1017,13:48:56,14.63,0.01,250,365750,买盘
1018,13:48:53,14.62,--,7,10234,卖盘
1019,13:48:50,14.62,--,33,48246,卖盘
1020,13:48:47,14.62,0.02,95,138890,买盘
1021,13:48:44,14.6,-0.02,70,103192,卖盘
1022,13:48:38,14.62,--,391,571642,买盘
1023,13:48:35,14.62,--,2246,3283652,买盘
1024,13:48:29,14.62,--,4,5848,买盘
1025,13:48:26,14.62,0.02,1,1462,买盘
1026,13:48:23,14.6,-0.02,147,214620,卖盘
1027,13:48:20,14.62,-0.01,16,23392,卖盘
1028,13:48:17,14.63,0.01,100,146300,买盘
1029,13:48:11,14.62,--,567,828954,买盘
1030,13:48:05,14.62,0.01,43,62866,买盘
1031,13:48:02,14.61,--,24,35064,卖盘
1032,13:47:59,14.61,-0.01,15,21915,卖盘
1033,13:47:56,14.62,0.01,588,859656,买盘
1034,13:47:53,14.61,--,160,233760,卖盘
1035,13:47:50,14.61,--,11,16071,卖盘
1036,13:47:47,14.61,-0.01,20,29220,中性盘
1037,13:47:44,14.62,0.01,507,741234,买盘
1038,13:47:38,14.61,0.01,942,1376262,买盘
1039,13:47:35,14.6,-0.01,539,786940,卖盘
1040,13:47:29,14.61,0.01,123,179703,买盘
1041,13:47:26,14.6,-0.01,177,258420,卖盘
1042,13:47:23,14.61,0.01,111,162171,买盘
1043,13:47:20,14.6,--,22,32120,卖盘
1044,13:47:17,14.6,--,263,383980,买盘
1045,13:47:14,14.6,--,72,105120,买盘
1046,13:47:11,14.6,--,7,10220,买盘
1047,13:47:08,14.6,0.01,321,468660,买盘
1048,13:47:02,14.59,-0.01,17,24803,卖盘
1049,13:46:59,14.6,--,11,16060,买盘
1050,13:46:53,14.6,--,109,159140,买盘
1051,13:46:53,14.6,0.01,730,1065800,买盘
1052,13:46:50,14.59,-0.01,529,771811,卖盘
1053,13:46:47,14.6,--,52,75920,卖盘
1054,13:46:44,14.6,0.01,434,633640,买盘
1055,13:46:41,14.59,--,12,17508,卖盘
1056,13:46:38,14.59,--,131,191129,卖盘
1057,13:46:32,14.59,-0.01,24,35599,卖盘
1058,13:46:29,14.6,0.02,26,37960,买盘
1059,13:46:26,14.58,--,75,109350,卖盘
1060,13:46:20,14.58,-0.01,20,29160,中性盘
1061,13:46:14,14.59,--,1,1459,买盘
1062,13:46:08,14.59,-0.01,5,7295,中性盘
1063,13:46:05,14.6,-0.01,7,10220,买盘
1064,13:46:02,14.61,0.01,275,401775,买盘
1065,13:45:59,14.6,-0.01,39,56940,卖盘
1066,13:45:53,14.61,0.02,975,1424475,买盘
1067,13:45:50,14.59,-0.01,297,433760,卖盘
1068,13:45:47,14.6,0.02,3552,5186927,买盘
1069,13:45:44,14.58,0.01,241,351378,买盘
1070,13:45:41,14.57,--,22,33044,卖盘
1071,13:45:38,14.57,--,136,198152,卖盘
1072,13:45:35,14.57,--,143,208351,卖盘
1073,13:45:32,14.57,-0.01,50,72850,卖盘
1074,13:45:29,14.58,0.01,212,309096,买盘
1075,13:45:26,14.57,--,83,120931,卖盘
1076,13:45:23,14.57,--,333,485181,卖盘
1077,13:45:20,14.57,-0.01,12,17484,卖盘
1078,13:45:17,14.58,0.01,83,121014,买盘
1079,13:45:14,14.57,-0.01,29,42253,卖盘
1080,13:45:08,14.58,0.01,93,135594,买盘
1081,13:45:05,14.57,-0.01,856,1247192,卖盘
1082,13:44:59,14.58,0.01,155,225990,买盘
1083,13:44:56,14.57,--,54,78678,卖盘
1084,13:44:53,14.57,--,152,221464,卖盘
1085,13:44:50,14.57,--,58,84506,卖盘
1086,13:44:44,14.57,-0.01,25,36425,卖盘
1087,13:44:41,14.58,--,22,32076,买盘
1088,13:44:38,14.58,0.01,12,17496,买盘
1089,13:44:35,14.57,-0.02,771,1123347,卖盘
1090,13:44:32,14.59,-0.01,52,76451,卖盘
1091,13:44:29,14.6,--,35,51100,买盘
1092,13:44:26,14.6,--,15,21900,买盘
1093,13:44:23,14.6,--,30,43800,买盘
1094,13:44:20,14.6,--,4,5840,买盘
1095,13:44:17,14.6,--,388,567210,卖盘
1096,13:44:14,14.6,--,19,28470,卖盘
1097,13:44:11,14.6,--,59,86140,卖盘
1098,13:44:08,14.6,--,73,106580,卖盘
1099,13:44:02,14.6,--,495,722700,卖盘
1100,13:43:59,14.6,--,119,173740,卖盘
1101,13:43:56,14.6,--,33,48180,卖盘
1102,13:43:53,14.6,-0.01,261,381060,卖盘
1103,13:43:50,14.61,0.03,285,417261,买盘
1104,13:43:44,14.58,--,17,24786,卖盘
1105,13:43:41,14.58,-0.03,58,84564,卖盘
1106,13:43:35,14.61,0.04,2527,3692414,买盘
1107,13:43:32,14.57,--,6,8742,卖盘
1108,13:43:29,14.57,-0.01,150,218550,卖盘
1109,13:43:26,14.58,0.01,21,30618,买盘
1110,13:43:23,14.57,0.01,113,164641,中性盘
1111,13:43:17,14.56,--,3048,4437888,卖盘
1112,13:43:14,14.56,--,11,16016,卖盘
1113,13:43:11,14.56,-0.02,210,305760,卖盘
1114,13:43:08,14.58,0.02,20,29160,卖盘
1115,13:43:05,14.56,--,2015,2933840,卖盘
1116,13:43:02,14.56,--,18,26208,卖盘
1117,13:42:56,14.56,-0.02,54,78624,卖盘
1118,13:42:53,14.58,0.03,233,340180,买盘
1119,13:42:50,14.55,-0.01,883,1285754,卖盘
1120,13:42:47,14.56,--,890,1295840,卖盘
1121,13:42:44,14.56,--,90,131040,卖盘
1122,13:42:41,14.56,--,129,187824,买盘
1123,13:42:38,14.56,0.01,344,500864,买盘
1124,13:42:32,14.55,-0.01,85,123675,卖盘
1125,13:42:26,14.56,--,1057,1538992,买盘
1126,13:42:23,14.56,0.01,88,128128,买盘
1127,13:42:17,14.55,--,14,21621,卖盘
1128,13:42:14,14.55,--,42,61110,卖盘
1129,13:42:08,14.55,--,554,806739,买盘
1130,13:42:05,14.55,--,565,822075,买盘
1131,13:42:02,14.55,--,61,88755,买盘
1132,13:41:59,14.55,0.01,117,170235,买盘
1133,13:41:53,14.54,--,55,79970,卖盘
1134,13:41:50,14.54,--,61,88694,买盘
1135,13:41:47,14.54,--,136,197744,买盘
1136,13:41:44,14.54,--,8,11632,买盘
1137,13:41:41,14.54,0.01,17,24718,买盘
1138,13:41:38,14.53,-0.01,1,1453,卖盘
1139,13:41:35,14.54,0.01,133,193382,买盘
1140,13:41:32,14.53,--,112,162736,买盘
1141,13:41:26,14.53,--,57,82821,卖盘
1142,13:41:23,14.53,--,32,46496,卖盘
1143,13:41:14,14.53,-0.02,27,39231,卖盘
1144,13:41:11,14.55,0.02,31,45105,买盘
1145,13:41:08,14.53,0.02,1,1453,买盘
1146,13:41:05,14.51,-0.02,14,20314,卖盘
1147,13:41:02,14.53,-0.02,102,148206,卖盘
1148,13:40:59,14.55,0.04,501,728955,买盘
1149,13:40:53,14.51,-0.01,3014,4373314,卖盘
1150,13:40:50,14.52,--,31,45012,买盘
1151,13:40:47,14.52,0.02,18,26136,买盘
1152,13:40:44,14.5,-0.02,94,136300,卖盘
1153,13:40:41,14.52,0.02,32,46464,买盘
1154,13:40:38,14.5,-0.02,4,5800,卖盘
1155,13:40:35,14.52,0.01,162,235224,买盘
1156,13:40:32,14.51,-0.01,63,91413,中性盘
1157,13:40:26,14.52,--,6,8712,买盘
1158,13:40:23,14.52,0.01,103,149556,买盘
1159,13:40:17,14.51,-0.01,26,37726,卖盘
1160,13:40:14,14.52,--,21,30492,买盘
1161,13:40:11,14.52,--,70,101640,买盘
1162,13:40:05,14.52,0.02,46,66792,买盘
1163,13:39:59,14.5,-0.02,33,47850,卖盘
1164,13:39:56,14.52,0.01,63,91476,买盘
1165,13:39:50,14.51,--,1,1451,买盘
1166,13:39:47,14.51,--,4,5804,买盘
1167,13:39:44,14.51,--,25,36275,买盘
1168,13:39:41,14.51,0.01,38,55138,买盘
1169,13:39:38,14.5,-0.01,80,116290,卖盘
1170,13:39:32,14.51,-0.01,1,1451,买盘
1171,13:39:29,14.52,0.01,480,696960,买盘
1172,13:39:23,14.51,--,13,18863,买盘
1173,13:39:17,14.51,--,20,29020,买盘
1174,13:39:11,14.51,--,49,71099,买盘
1175,13:39:08,14.51,--,5,7255,买盘
1176,13:39:05,14.51,--,58,85028,买盘
1177,13:39:02,14.51,--,10,15235,卖盘
1178,13:38:59,14.51,-0.01,49,71099,卖盘
1179,13:38:52,14.52,0.01,1,1452,买盘
1180,13:38:49,14.51,--,2,2902,卖盘
1181,13:38:43,14.51,--,5,7255,卖盘
1182,13:38:40,14.51,--,87,126962,买盘
1183,13:38:34,14.51,0.01,17,24667,买盘
1184,13:38:31,14.5,-0.01,29,42050,买盘
1185,13:38:25,14.51,0.02,49,71099,买盘
1186,13:38:22,14.49,-0.02,7,10143,卖盘
1187,13:38:19,14.51,--,35,50785,买盘
1188,13:38:13,14.51,0.01,89,129139,买盘
1189,13:38:10,14.5,0.01,39,56550,买盘
1190,13:38:07,14.49,--,178,257922,卖盘
1191,13:38:04,14.49,0.01,69,99981,中性盘
1192,13:37:58,14.48,-0.02,39,56472,卖盘
1193,13:37:55,14.5,--,38,55100,买盘
1194,13:37:52,14.5,--,12,17400,买盘
1195,13:37:46,14.5,--,1,1450,买盘
1196,13:37:43,14.5,--,150,217500,买盘
1197,13:37:40,14.5,--,2,2900,买盘
1198,13:37:37,14.5,--,201,291450,买盘
1199,13:37:34,14.5,0.01,1,1450,买盘
1200,13:37:31,14.49,-0.01,14,20286,卖盘
1201,13:37:28,14.5,--,1,1450,买盘
1202,13:37:22,14.5,--,10,14500,买盘
1203,13:37:19,14.5,--,12,17400,买盘
1204,13:37:13,14.5,0.01,6,8700,买盘
1205,13:37:04,14.49,--,14,20286,卖盘
1206,13:37:01,14.49,--,111,160839,卖盘
1207,13:36:55,14.49,--,10,14490,卖盘
1208,13:36:49,14.49,-0.01,7,10143,卖盘
1209,13:36:43,14.5,--,3,4350,买盘
1210,13:36:37,14.5,--,126,182700,买盘
1211,13:36:25,14.5,0.01,12,17400,买盘
1212,13:36:22,14.49,0.01,26,37674,买盘
1213,13:36:19,14.48,--,2,2896,卖盘
1214,13:36:16,14.48,-0.01,10,14480,卖盘
1215,13:36:13,14.49,0.01,85,123165,买盘
1216,13:36:07,14.48,--,5,7240,卖盘
1217,13:36:04,14.48,--,23,33304,卖盘
1218,13:35:58,14.48,--,9,13032,卖盘
1219,13:35:55,14.48,--,28,40544,卖盘
1220,13:35:52,14.48,--,5,8050,卖盘
1221,13:35:49,14.48,-0.01,40,57920,卖盘
1222,13:35:46,14.49,--,1,1449,买盘
1223,13:35:43,14.49,0.01,2,2898,买盘
1224,13:35:40,14.48,-0.01,84,121632,卖盘
1225,13:35:37,14.49,--,5,7245,买盘
1226,13:35:34,14.49,-0.01,1,1449,买盘
1227,13:35:25,14.5,0.02,7,10150,中性盘
1228,13:35:22,14.48,-0.03,128,185344,卖盘
1229,13:35:19,14.51,0.02,1,1451,买盘
1230,13:35:13,14.49,--,33,47817,卖盘
1231,13:35:10,14.49,--,10,14490,卖盘
1232,13:35:07,14.49,-0.01,119,173155,卖盘
1233,13:35:01,14.5,-0.01,53,76850,卖盘
1234,13:34:58,14.51,-0.01,78,113178,买盘
1235,13:34:55,14.52,0.01,10,14520,买盘
1236,13:34:52,14.51,--,2,2902,买盘
1237,13:34:49,14.51,--,1,1451,买盘
1238,13:34:46,14.51,-0.01,92,133492,中性盘
1239,13:34:43,14.52,0.02,49,71148,买盘
1240,13:34:40,14.5,-0.02,168,243600,卖盘
1241,13:34:37,14.52,0.01,18,26136,买盘
1242,13:34:31,14.51,0.01,2,3627,买盘
1243,13:34:28,14.5,-0.01,48,69600,卖盘
1244,13:34:25,14.51,0.01,50,72550,买盘
1245,13:34:19,14.5,-0.01,128,185600,卖盘
1246,13:34:16,14.51,0.01,200,290200,买盘
1247,13:34:13,14.5,--,1,1450,卖盘
1248,13:34:07,14.5,-0.01,10,14500,卖盘
1249,13:34:01,14.51,--,16,23216,买盘
1250,13:33:58,14.51,--,1,1451,买盘
1251,13:33:52,14.51,-0.01,161,234336,卖盘
1252,13:33:49,14.52,--,10,14520,卖盘
1253,13:33:46,14.52,0.01,53,76956,买盘
1254,13:33:40,14.51,-0.01,8,11608,卖盘
1255,13:33:37,14.52,0.01,394,572088,买盘
1256,13:33:34,14.51,--,88,128413,卖盘
1257,13:33:31,14.51,--,16,23216,卖盘
1258,13:33:28,14.51,-0.01,4,5804,卖盘
1259,13:33:25,14.52,--,18,26136,买盘
1260,13:33:22,14.52,--,55,79860,买盘
1261,13:33:16,14.52,--,1,1452,买盘
1262,13:33:13,14.52,0.01,102,148104,买盘
1263,13:33:07,14.51,-0.01,25,36275,卖盘
1264,13:32:58,14.52,-0.01,113,164076,卖盘
1265,13:32:55,14.53,-0.01,30,43590,中性盘
1266,13:32:49,14.54,0.01,127,184658,买盘
1267,13:32:46,14.53,-0.01,10,14530,中性盘
1268,13:32:40,14.54,0.02,37,53798,买盘
1269,13:32:37,14.52,-0.01,11,15972,卖盘
1270,13:32:34,14.53,--,973,1413769,卖盘
1271,13:32:31,14.53,--,154,223762,卖盘
1272,13:32:28,14.53,--,60,87180,卖盘
1273,13:32:25,14.53,--,1720,2499160,卖盘
1274,13:32:19,14.53,--,1311,1905565,买盘
1275,13:32:16,14.53,--,142,206326,买盘
1276,13:32:13,14.53,--,292,424276,买盘
1277,13:32:10,14.53,--,1,1453,买盘
1278,13:32:07,14.53,--,1735,2521725,卖盘
1279,13:31:58,14.53,-0.01,266,386498,卖盘
1280,13:31:55,14.54,0.01,50,72700,买盘
1281,13:31:52,14.53,--,38,55214,卖盘
1282,13:31:49,14.53,--,135,196155,卖盘
1283,13:31:46,14.53,--,35,50855,卖盘
1284,13:31:43,14.53,-0.01,32,46496,卖盘
1285,13:31:40,14.54,--,16,23264,买盘
1286,13:31:37,14.54,--,52,75608,买盘
1287,13:31:34,14.54,--,125,181750,买盘
1288,13:31:28,14.54,--,53,77062,买盘
1289,13:31:25,14.54,0.01,46,66884,买盘
1290,13:31:22,14.53,0.02,862,1253168,买盘
1291,13:31:16,14.51,-0.01,8,11608,卖盘
1292,13:31:13,14.52,--,107,155364,买盘
1293,13:31:10,14.52,-0.01,796,1155792,卖盘
1294,13:31:07,14.53,--,153,222309,买盘
1295,13:31:04,14.53,--,28,40684,买盘
1296,13:31:01,14.53,0.01,104,151112,买盘
1297,13:30:55,14.52,--,111,161172,卖盘
1298,13:30:49,14.52,0.02,85,123420,买盘
1299,13:30:46,14.5,-0.03,129,187050,卖盘
1300,13:30:43,14.53,0.03,54,78462,买盘
1301,13:30:40,14.5,-0.03,51,73950,卖盘
1302,13:30:37,14.53,0.01,281,408293,买盘
1303,13:30:34,14.52,--,71,104442,买盘
1304,13:30:31,14.52,--,439,637428,买盘
1305,13:30:28,14.52,0.01,121,175692,买盘
1306,13:30:25,14.51,--,33,47883,买盘
1307,13:30:22,14.51,-0.01,68,98668,卖盘
1308,13:30:19,14.52,--,136,197472,买盘
1309,13:30:13,14.52,--,5,7260,买盘
1310,13:30:07,14.52,0.02,290,421080,买盘
1311,13:30:04,14.5,--,20,29000,卖盘
1312,13:30:01,14.5,--,514,746315,买盘
1313,13:29:58,14.5,0.01,167,242150,买盘
1314,13:29:55,14.49,-0.01,458,663642,卖盘
1315,13:29:52,14.5,0.01,1019,1477550,买盘
1316,13:29:49,14.49,--,19,27531,卖盘
1317,13:29:46,14.49,-0.01,78,113022,卖盘
1318,13:29:40,14.5,0.01,547,793150,买盘
1319,13:29:37,14.49,--,1613,2337237,买盘
1320,13:29:34,14.49,--,53,76797,买盘
1321,13:29:31,14.49,--,308,446292,买盘
1322,13:29:25,14.49,0.01,587,850563,买盘
1323,13:29:22,14.48,--,668,967264,卖盘
1324,13:29:19,14.48,--,11,15928,卖盘
1325,13:29:13,14.48,-0.01,15,21720,买盘
1326,13:29:10,14.49,--,785,1137465,买盘
1327,13:29:07,14.49,0.01,187,270963,买盘
1328,13:29:04,14.48,--,230,333040,买盘
1329,13:29:01,14.48,--,27,39096,买盘
1330,13:28:58,14.48,0.01,98,141904,买盘
1331,13:28:55,14.47,-0.01,50,72350,卖盘
1332,13:28:52,14.48,0.01,2001,2897448,买盘
1333,13:28:46,14.47,--,2,2894,买盘
1334,13:28:43,14.47,--,1,1447,买盘
1335,13:28:37,14.47,0.02,109,157723,买盘
1336,13:28:31,14.45,-0.02,14,20230,卖盘
1337,13:28:28,14.47,0.02,2030,2937410,买盘
1338,13:28:19,14.45,-0.01,2,2890,卖盘
1339,13:28:16,14.46,0.01,33,47718,买盘
1340,13:28:10,14.45,--,50,72250,卖盘
1341,13:28:07,14.45,--,14,20230,卖盘
1342,13:28:04,14.45,-0.01,102,147390,卖盘
1343,13:27:58,14.46,0.01,112,163340,买盘
1344,13:27:55,14.45,--,400,578000,买盘
1345,13:27:52,14.45,--,8,11560,买盘
1346,13:27:49,14.45,--,50,72250,买盘
1347,13:27:40,14.45,--,50,72250,买盘
1348,13:27:37,14.45,0.01,60,86700,买盘
1349,13:27:34,14.44,--,6,8664,卖盘
1350,13:27:31,14.44,-0.01,70,101080,卖盘
1351,13:27:28,14.45,--,810,1170450,买盘
1352,13:27:22,14.45,0.01,1,1445,买盘
1353,13:27:19,14.44,--,16,23104,卖盘
1354,13:27:13,14.44,--,3,4332,卖盘
1355,13:27:10,14.44,-0.01,27,38988,卖盘
1356,13:27:07,14.45,0.01,11,15895,买盘
1357,13:27:04,14.44,-0.01,30,43320,卖盘
1358,13:27:01,14.45,--,1400,2023000,买盘
1359,13:26:58,14.45,0.01,1,1445,买盘
1360,13:26:55,14.44,--,131,189164,买盘
1361,13:26:52,14.44,--,24,34656,买盘
1362,13:26:49,14.44,--,153,220932,买盘
1363,13:26:40,14.44,-0.01,1,1444,中性盘
1364,13:26:19,14.45,--,1,1445,买盘
1365,13:26:16,14.45,0.01,25,36125,买盘
1366,13:26:10,14.44,--,2,2888,买盘
1367,13:26:07,14.44,0.01,1,1444,买盘
1368,13:26:04,14.43,-0.02,27,38961,卖盘
1369,13:26:01,14.45,0.01,22,31790,买盘
1370,13:25:58,14.44,--,20,28880,买盘
1371,13:25:55,14.44,0.01,27,38988,买盘
1372,13:25:52,14.43,--,27,38961,卖盘
1373,13:25:49,14.43,-0.01,54,77922,卖盘
1374,13:25:46,14.44,--,33,47652,买盘
1375,13:25:43,14.44,--,108,155952,买盘
1376,13:25:40,14.44,--,17,24548,卖盘
1377,13:25:37,14.44,--,47,67868,买盘
1378,13:25:34,14.44,-0.01,1,1444,中性盘
1379,13:25:31,14.45,0.01,13,18785,买盘
1380,13:25:28,14.44,-0.01,45,64980,卖盘
1381,13:25:25,14.45,0.01,34,49130,买盘
1382,13:25:19,14.44,--,5,7220,卖盘
1383,13:25:13,14.44,--,25,36100,卖盘
1384,13:25:10,14.44,-0.01,10,14440,卖盘
1385,13:25:07,14.45,--,57,82365,买盘
1386,13:24:58,14.45,0.02,1,1445,买盘
1387,13:24:55,14.43,-0.01,126,181818,卖盘
1388,13:24:52,14.44,--,20,28880,卖盘
1389,13:24:49,14.44,--,15,21660,卖盘
1390,13:24:46,14.44,--,15,21660,卖盘
1391,13:24:43,14.44,--,179,258476,卖盘
1392,13:24:40,14.44,--,67,96748,卖盘
1393,13:24:34,14.44,-0.01,23,33212,卖盘
1394,13:24:31,14.45,0.01,34,49130,买盘
1395,13:24:28,14.44,-0.01,95,137180,卖盘
1396,13:24:22,14.45,--,6,8670,买盘
1397,13:24:19,14.45,0.01,21,30345,买盘
1398,13:24:16,14.44,-0.01,12,17328,卖盘
1399,13:24:10,14.45,0.01,18,26010,买盘
1400,13:24:07,14.44,-0.01,33,47652,卖盘
1401,13:23:58,14.45,0.01,12,17340,买盘
1402,13:23:52,14.44,-0.01,61,88084,卖盘
1403,13:23:49,14.45,0.01,1,1445,买盘
1404,13:23:46,14.44,--,14,20216,卖盘
1405,13:23:43,14.44,--,44,63536,卖盘
1406,13:23:40,14.44,--,17,24548,卖盘
1407,13:23:37,14.44,--,10,14440,卖盘
1408,13:23:34,14.44,-0.01,135,194940,卖盘
1409,13:23:31,14.45,--,1,1445,买盘
1410,13:23:28,14.45,0.01,145,209525,买盘
1411,13:23:25,14.44,--,4,5776,卖盘
1412,13:23:19,14.44,--,41,60546,买盘
1413,13:23:16,14.44,--,5,7220,买盘
1414,13:23:04,14.44,--,25,36100,买盘
1415,13:22:58,14.44,--,1,1444,买盘
1416,13:22:55,14.44,--,127,183388,买盘
1417,13:22:40,14.44,--,35,50540,买盘
1418,13:22:37,14.44,--,5,7220,买盘
1419,13:22:28,14.44,--,1,1444,买盘
1420,13:22:25,14.44,--,13,18772,买盘
1421,13:22:19,14.44,0.01,67,96748,买盘
1422,13:22:13,14.43,-0.01,94,135642,卖盘
1423,13:22:07,14.44,0.01,80,115520,买盘
1424,13:22:04,14.43,-0.01,10,14430,卖盘
1425,13:21:55,14.44,0.01,9,12996,买盘
1426,13:21:52,14.43,-0.01,1,1443,卖盘
1427,13:21:49,14.44,--,1,1444,买盘
1428,13:21:46,14.44,0.01,43,62092,买盘
1429,13:21:28,14.43,-0.01,2,2886,卖盘
1430,13:21:22,14.44,--,81,116964,买盘
1431,13:21:19,14.44,0.01,1,1444,买盘
1432,13:21:16,14.43,--,21,30303,卖盘
1433,13:21:13,14.43,--,111,160173,卖盘
1434,13:21:04,14.43,-0.01,40,57720,卖盘
1435,13:20:58,14.44,--,21,30324,买盘
1436,13:20:55,14.44,0.01,23,33212,买盘
1437,13:20:46,14.43,-0.01,16,23088,卖盘
1438,13:20:43,14.44,--,5,7220,买盘
1439,13:20:40,14.44,--,1,1444,买盘
1440,13:20:31,14.44,0.01,11,15884,买盘
1441,13:20:19,14.43,--,4,5772,卖盘
1442,13:20:16,14.43,--,229,330447,卖盘
1443,13:20:13,14.43,--,1,1443,卖盘
1444,13:20:10,14.43,-0.01,9,12987,卖盘
1445,13:20:07,14.44,0.01,15,21660,买盘
1446,13:20:04,14.43,--,25,36075,卖盘
1447,13:19:58,14.43,--,30,43290,卖盘
1448,13:19:55,14.43,-0.01,28,40404,卖盘
1449,13:19:52,14.44,--,12,17328,买盘
1450,13:19:46,14.44,0.01,2,2888,买盘
1451,13:19:40,14.43,-0.01,2,2886,卖盘
1452,13:19:34,14.44,0.01,5,7220,买盘
1453,13:19:31,14.43,--,40,57720,卖盘
1454,13:19:25,14.43,--,19,27417,卖盘
1455,13:19:22,14.43,-0.01,10,14430,卖盘
1456,13:19:19,14.44,0.01,113,163172,买盘
1457,13:19:13,14.43,--,5,7215,卖盘
1458,13:19:10,14.43,--,1,1443,卖盘
1459,13:19:04,14.43,-0.01,14,20202,卖盘
1460,13:19:01,14.44,--,1,1444,买盘
1461,13:18:55,14.44,--,114,164616,买盘
1462,13:18:49,14.44,0.01,61,88084,买盘
1463,13:18:43,14.43,-0.01,1,1443,卖盘
1464,13:18:40,14.44,--,10,14440,买盘
1465,13:18:37,14.44,--,100,144400,买盘
1466,13:18:31,14.44,--,105,151620,买盘
1467,13:18:28,14.44,--,1,1444,买盘
1468,13:18:24,14.44,--,51,73644,买盘
1469,13:18:12,14.44,0.01,10,14440,买盘
1470,13:18:09,14.43,-0.01,25,36075,卖盘
1471,13:18:03,14.44,--,52,75088,买盘
1472,13:18:00,14.44,--,2,2888,买盘
1473,13:17:57,14.44,-0.01,140,202261,卖盘
1474,13:17:54,14.45,0.01,1,1445,买盘
1475,13:17:51,14.44,--,10,14440,卖盘
1476,13:17:42,14.44,-0.01,15,21660,卖盘
1477,13:17:36,14.45,--,56,80920,买盘
1478,13:17:33,14.45,0.01,51,73695,买盘
1479,13:17:30,14.44,-0.01,11,15884,卖盘
1480,13:17:27,14.45,--,31,44795,买盘
1481,13:17:21,14.45,--,119,171955,买盘
1482,13:17:15,14.45,--,10,14450,买盘
1483,13:17:12,14.45,0.01,82,118490,买盘
1484,13:17:06,14.44,--,14,20216,卖盘
1485,13:17:03,14.44,--,15,21660,卖盘
1486,13:17:00,14.44,--,15,21660,卖盘
1487,13:16:54,14.44,--,28,40432,卖盘
1488,13:16:51,14.44,--,15,21660,卖盘
1489,13:16:48,14.44,-0.01,297,428868,卖盘
1490,13:16:45,14.45,0.01,12,17340,买盘
1491,13:16:42,14.44,-0.01,120,173280,卖盘
1492,13:16:39,14.45,--,71,102595,买盘
1493,13:16:36,14.45,--,14,20230,买盘
1494,13:16:33,14.45,0.01,1,1445,买盘
1495,13:16:30,14.44,--,27,40330,卖盘
1496,13:16:27,14.44,--,12,17328,卖盘
1497,13:16:24,14.44,--,44,63536,卖盘
1498,13:16:18,14.44,--,31,44764,卖盘
1499,13:16:15,14.44,-0.01,70,101080,卖盘
1500,13:16:09,14.45,0.01,10,14450,买盘
1501,13:16:06,14.44,--,39,56316,卖盘
1502,13:16:03,14.44,-0.01,10,14440,卖盘
1503,13:16:00,14.45,0.01,116,167620,买盘
1504,13:15:57,14.44,-0.01,23,33212,卖盘
1505,13:15:54,14.45,0.01,116,167620,买盘
1506,13:15:51,14.44,-0.01,6,8664,卖盘
1507,13:15:45,14.45,--,60,86700,买盘
1508,13:15:42,14.45,--,383,553435,买盘
1509,13:15:36,14.45,0.01,55,79475,买盘
1510,13:15:33,14.44,--,35,50540,卖盘
1511,13:15:30,14.44,0.01,693,1000692,买盘
1512,13:15:27,14.43,-0.01,6,8658,卖盘
1513,13:15:24,14.44,--,3,4332,买盘
1514,13:15:21,14.44,--,50,72200,买盘
1515,13:15:18,14.44,--,55,79420,买盘
1516,13:15:15,14.44,--,143,206492,买盘
1517,13:15:12,14.44,--,1,1444,买盘
1518,13:15:06,14.44,0.01,144,207936,买盘
1519,13:15:00,14.43,-0.01,108,155844,卖盘
1520,13:14:57,14.44,--,7,10108,买盘
1521,13:14:54,14.44,--,222,320568,买盘
1522,13:14:48,14.44,0.01,121,174724,买盘
1523,13:14:45,14.43,--,149,215872,买盘
1524,13:14:42,14.43,-0.01,350,505627,卖盘
1525,13:14:39,14.44,--,23,33212,买盘
1526,13:14:33,14.44,0.01,100,144400,买盘
1527,13:14:27,14.43,0.01,974,1406347,买盘
1528,13:14:21,14.42,-0.01,14,20188,卖盘
1529,13:14:18,14.43,--,222,320346,买盘
1530,13:14:15,14.43,0.01,37,53391,买盘
1531,13:14:12,14.42,--,5,7210,卖盘
1532,13:14:09,14.42,--,68,98056,卖盘
1533,13:14:03,14.42,--,740,1067080,买盘
1534,13:13:57,14.42,0.01,4,5768,买盘
1535,13:13:54,14.41,-0.01,21,30261,卖盘
1536,13:13:51,14.42,--,100,144200,买盘
1537,13:13:48,14.42,--,1,1442,买盘
1538,13:13:45,14.42,0.01,242,348964,买盘
1539,13:13:42,14.41,--,4,5764,卖盘
1540,13:13:39,14.41,-0.01,50,72050,卖盘
1541,13:13:30,14.42,0.01,19,27398,买盘
1542,13:13:18,14.41,-0.01,2,2882,卖盘
1543,13:13:12,14.42,--,125,180250,买盘
1544,13:13:06,14.42,0.01,15,21630,买盘
1545,13:13:03,14.41,--,14,20174,卖盘
1546,13:13:00,14.41,-0.01,2,2882,卖盘
1547,13:12:57,14.42,0.01,1,1442,买盘
1548,13:12:54,14.41,--,28,40348,卖盘
1549,13:12:51,14.41,--,11,15851,卖盘
1550,13:12:42,14.41,-0.01,29,41789,卖盘
1551,13:12:39,14.42,0.01,1,1442,买盘
1552,13:12:33,14.41,0.01,41,59081,买盘
1553,13:12:27,14.4,--,14,20160,卖盘
1554,13:12:24,14.4,-0.01,13,18720,卖盘
1555,13:12:15,14.41,-0.01,4,5764,中性盘
1556,13:12:06,14.42,0.01,11,15862,买盘
1557,13:12:03,14.41,-0.01,5,7205,中性盘
1558,13:11:51,14.42,0.01,51,73542,买盘
1559,13:11:48,14.41,0.01,1,1441,买盘
1560,13:11:45,14.4,-0.01,147,211680,卖盘
1561,13:11:42,14.41,--,65,94529,卖盘
1562,13:11:39,14.41,--,70,101446,买盘
1563,13:11:30,14.41,--,101,145541,买盘
1564,13:11:27,14.41,0.01,1,1441,买盘
1565,13:11:24,14.4,--,7,10080,卖盘
1566,13:11:21,14.4,-0.01,5,7200,卖盘
1567,13:11:18,14.41,--,1,1441,买盘
1568,13:11:03,14.41,--,23,33143,买盘
1569,13:10:57,14.41,--,1,1441,买盘
1570,13:10:51,14.41,0.01,5,7205,买盘
1571,13:10:45,14.4,-0.01,32,46080,卖盘
1572,13:10:39,14.41,--,122,175802,买盘
1573,13:10:36,14.41,-0.01,63,90783,卖盘
1574,13:10:30,14.42,0.01,65,93730,买盘
1575,13:10:27,14.41,0.01,86,123926,买盘
1576,13:10:21,14.4,--,100,144000,卖盘
1577,13:10:12,14.4,--,102,146880,卖盘
1578,13:10:09,14.4,--,2,2880,卖盘
1579,13:10:03,14.4,-0.01,28,40320,卖盘
1580,13:09:54,14.41,--,73,105193,买盘
1581,13:09:48,14.41,--,150,216150,买盘
1582,13:09:45,14.41,--,103,148423,买盘
1583,13:09:39,14.41,-0.01,136,195976,卖盘
1584,13:09:33,14.42,0.01,4,5768,买盘
1585,13:09:30,14.41,--,11,15851,卖盘
1586,13:09:27,14.41,--,14,20174,卖盘
1587,13:09:21,14.41,--,100,144100,卖盘
1588,13:09:18,14.41,--,17,24497,卖盘
1589,13:09:12,14.41,--,42,60522,卖盘
1590,13:09:06,14.41,-0.01,10,14410,中性盘
1591,13:08:57,14.42,--,12,17304,买盘
1592,13:08:48,14.42,0.02,1,1442,买盘
1593,13:08:36,14.4,-0.02,26,37440,卖盘
1594,13:08:30,14.42,--,5,7210,买盘
1595,13:08:27,14.42,0.01,1,1442,买盘
1596,13:08:24,14.41,--,1,1441,买盘
1597,13:08:21,14.41,--,19,27379,卖盘
1598,13:08:15,14.41,--,2,2882,卖盘
1599,13:08:12,14.41,--,7,10087,卖盘
1600,13:08:09,14.41,0.01,128,184448,买盘
1601,13:08:06,14.4,--,34,48960,卖盘
1602,13:08:03,14.4,-0.01,14,20160,卖盘
1603,13:08:00,14.41,--,105,151305,买盘
1604,13:07:57,14.41,0.01,1,1441,买盘
1605,13:07:54,14.4,--,17,24480,卖盘
1606,13:07:39,14.4,--,72,103680,卖盘
1607,13:07:30,14.4,--,20,28800,卖盘
1608,13:07:24,14.4,-0.01,2,2880,卖盘
1609,13:07:21,14.41,0.01,1,1441,买盘
1610,13:07:18,14.4,--,7,10080,卖盘
1611,13:07:15,14.4,--,5,7200,卖盘
1612,13:07:12,14.4,--,128,184320,卖盘
1613,13:07:09,14.4,--,14,20160,卖盘
1614,13:07:03,14.4,-0.01,26,37440,卖盘
1615,13:07:00,14.41,--,144,207504,买盘
1616,13:06:57,14.41,0.01,1,1441,买盘
1617,13:06:54,14.4,-0.01,16,23040,卖盘
1618,13:06:51,14.41,0.01,38,54758,买盘
1619,13:06:48,14.4,-0.01,12,17280,卖盘
1620,13:06:33,14.41,0.01,176,253616,买盘
1621,13:06:30,14.4,--,8,11520,卖盘
1622,13:06:15,14.4,--,4,5760,卖盘
1623,13:06:12,14.4,-0.01,107,154656,卖盘
1624,13:06:06,14.41,--,1,1441,买盘
1625,13:05:57,14.41,--,1,1441,买盘
1626,13:05:39,14.41,--,31,44671,买盘
1627,13:05:30,14.41,0.01,15,21615,买盘
1628,13:05:24,14.4,-0.01,12,17280,卖盘
1629,13:05:15,14.41,--,1,1441,买盘
1630,13:05:12,14.41,0.01,15,21615,买盘
1631,13:05:09,14.4,--,16,23040,卖盘
1632,13:05:06,14.4,--,16,23040,卖盘
1633,13:05:03,14.4,--,77,110880,卖盘
1634,13:05:00,14.4,--,10,14400,卖盘
1635,13:04:54,14.4,-0.01,15,21600,卖盘
1636,13:04:48,14.41,--,31,44671,买盘
1637,13:04:42,14.41,--,47,67727,买盘
1638,13:04:33,14.41,--,2,2882,买盘
1639,13:04:27,14.41,--,8,11528,买盘
1640,13:04:24,14.41,--,102,146982,买盘
1641,13:04:18,14.41,--,1,1441,买盘
1642,13:04:15,14.41,0.01,4,5764,买盘
1643,13:04:06,14.4,--,26,37440,卖盘
1644,13:04:00,14.4,-0.01,23,33120,卖盘
1645,13:03:57,14.41,--,1,1441,买盘
1646,13:03:51,14.41,0.01,39,56199,买盘
1647,13:03:48,14.4,-0.01,4,5760,卖盘
1648,13:03:42,14.41,0.01,4,5764,买盘
1649,13:03:36,14.4,-0.01,5,7200,卖盘
1650,13:03:33,14.41,0.01,4,5764,买盘
1651,13:03:30,14.4,-0.01,5,7200,卖盘
1652,13:03:27,14.41,--,1,1441,买盘
1653,13:03:18,14.41,--,9,12969,买盘
1654,13:03:15,14.41,0.01,8,11528,买盘
1655,13:03:09,14.4,--,15,21600,卖盘
1656,13:03:06,14.4,--,19,27360,卖盘
1657,13:03:03,14.4,--,17,24480,卖盘
1658,13:02:54,14.4,-0.01,29,41760,卖盘
1659,13:02:48,14.41,--,17,24497,买盘
1660,13:02:42,14.41,--,3,4323,买盘
1661,13:02:39,14.41,--,101,145541,买盘
1662,13:02:36,14.41,--,7,10087,买盘
1663,13:02:33,14.41,--,13,18733,买盘
1664,13:02:24,14.41,--,4,5764,买盘
1665,13:02:21,14.41,--,16,23056,买盘
1666,13:02:18,14.41,--,1,1441,买盘
1667,13:02:15,14.41,--,3,4323,买盘
1668,13:02:03,14.41,--,20,28820,买盘
1669,13:01:57,14.41,--,1,1441,买盘
1670,13:01:45,14.41,0.01,1,1441,买盘
1671,13:01:42,14.4,-0.01,32,46080,卖盘
1672,13:01:26,14.41,0.01,1,1441,买盘
1673,13:01:17,14.4,-0.01,10,14400,卖盘
1674,13:01:14,14.41,--,9,12969,买盘
1675,13:01:11,14.41,0.01,14,20174,买盘
1676,13:01:08,14.4,-0.01,14,20160,卖盘
1677,13:01:05,14.41,0.01,35,50435,买盘
1678,13:00:56,14.4,--,154,221760,卖盘
1679,13:00:50,14.4,-0.01,52,74880,卖盘
1680,13:00:47,14.41,--,1,1441,买盘
1681,13:00:44,14.41,0.01,31,44671,买盘
1682,13:00:41,14.4,-0.01,28,40320,卖盘
1683,13:00:35,14.41,0.01,1,1441,买盘
1684,13:00:32,14.4,0.01,10,14400,卖盘
1685,13:00:20,14.39,-0.02,127,182753,卖盘
1686,13:00:17,14.41,0.01,1,1441,买盘
1687,13:00:08,14.4,--,33,47520,卖盘
1688,13:00:05,14.4,--,158,227808,卖盘
1689,13:00:02,14.4,-0.01,147,211680,卖盘
1690,11:29:57,14.41,--,28,40348,买盘
1691,11:29:45,14.41,0.01,1,1441,买盘
1692,11:29:33,14.4,--,3,4320,卖盘
1693,11:29:27,14.4,--,32,46080,卖盘
1694,11:29:24,14.4,-0.01,47,67680,卖盘
1695,11:29:21,14.41,--,1,1441,买盘
1696,11:29:15,14.41,--,53,76373,买盘
1697,11:29:09,14.41,0.01,103,148423,买盘
1698,11:29:06,14.4,--,26,37440,卖盘
1699,11:29:03,14.4,--,50,72000,卖盘
1700,11:29:00,14.4,-0.01,20,28800,卖盘
1701,11:28:57,14.41,0.01,9,12969,买盘
1702,11:28:54,14.4,--,8,11520,卖盘
1703,11:28:42,14.4,-0.01,5,7200,卖盘
1704,11:28:39,14.41,--,1,1441,买盘
1705,11:28:27,14.41,--,161,232001,买盘
1706,11:28:18,14.41,--,1,1441,买盘
1707,11:28:12,14.41,-0.01,38,54758,卖盘
1708,11:28:06,14.42,--,1,1442,买盘
1709,11:28:00,14.42,0.01,27,38934,买盘
1710,11:27:57,14.41,--,3,4323,卖盘
1711,11:27:51,14.41,--,1,1441,买盘
1712,11:27:45,14.41,--,2,2882,买盘
1713,11:27:39,14.41,--,8,11528,买盘
1714,11:27:33,14.41,-0.01,144,207504,卖盘
1715,11:27:27,14.42,--,351,506142,买盘
1716,11:27:24,14.42,0.01,143,206206,买盘
1717,11:27:18,14.41,--,51,73491,买盘
1718,11:27:06,14.41,-0.01,17,24497,卖盘
1719,11:27:03,14.42,--,31,44702,买盘
1720,11:26:57,14.42,0.01,1,1442,买盘
1721,11:26:54,14.41,--,37,53317,卖盘
1722,11:26:51,14.41,-0.01,3,4323,卖盘
1723,11:26:48,14.42,--,30,43260,买盘
1724,11:26:39,14.42,0.02,1,1442,买盘
1725,11:26:36,14.4,-0.02,2,2880,卖盘
1726,11:26:30,14.42,0.01,6,8652,买盘
1727,11:26:27,14.41,0.01,1,1441,买盘
1728,11:26:24,14.4,-0.02,14,20160,卖盘
1729,11:26:21,14.42,--,40,57680,买盘
1730,11:26:18,14.42,0.01,21,30282,买盘
1731,11:26:12,14.41,--,5,7205,买盘
1732,11:26:06,14.41,-0.01,73,106345,卖盘
1733,11:26:03,14.42,--,56,80752,买盘
1734,11:25:54,14.42,--,43,62006,买盘
1735,11:25:48,14.42,--,39,56238,买盘
1736,11:25:45,14.42,--,6,8652,买盘
1737,11:25:39,14.42,--,114,164388,买盘
1738,11:25:36,14.42,--,5,7210,买盘
1739,11:25:33,14.42,--,38,54796,买盘
1740,11:25:30,14.42,--,57,82194,买盘
1741,11:25:27,14.42,--,158,227836,买盘
1742,11:25:18,14.42,0.01,39,56238,买盘
1743,11:25:09,14.41,--,37,53317,卖盘
1744,11:25:06,14.41,-0.01,15,21615,卖盘
1745,11:25:03,14.42,0.01,49,70658,买盘
1746,11:25:00,14.41,--,1,1441,卖盘
1747,11:24:57,14.41,--,15,21615,卖盘
1748,11:24:54,14.41,-0.01,3,4323,卖盘
1749,11:24:48,14.42,0.01,38,54796,买盘
1750,11:24:45,14.41,-0.01,12,17292,卖盘
1751,11:24:42,14.42,--,5,7210,买盘
1752,11:24:39,14.42,--,56,80752,买盘
1753,11:24:36,14.42,0.01,1,1442,买盘
1754,11:24:33,14.41,--,48,69168,卖盘
1755,11:24:27,14.41,--,15,21615,卖盘
1756,11:24:21,14.41,-0.01,20,28820,卖盘
1757,11:24:18,14.42,0.01,94,135836,买盘
1758,11:24:09,14.41,--,25,36025,买盘
1759,11:24:06,14.41,0.01,5,7205,买盘
1760,11:24:03,14.4,--,44,63360,卖盘
1761,11:24:00,14.4,-0.01,50,72000,卖盘
1762,11:23:57,14.41,--,100,144100,买盘
1763,11:23:54,14.41,0.01,23,33143,买盘
1764,11:23:51,14.4,--,725,1044000,买盘
1765,11:23:48,14.4,0.01,32,46080,买盘
1766,11:23:45,14.39,-0.01,5,7195,卖盘
1767,11:23:39,14.4,--,10,14400,买盘
1768,11:23:36,14.4,--,11,15840,买盘
1769,11:23:21,14.4,0.01,115,165600,买盘
1770,11:23:12,14.39,--,7,10073,卖盘
1771,11:23:00,14.39,0.01,3,4317,中性盘
1772,11:22:48,14.38,-0.01,102,146676,卖盘
1773,11:22:42,14.39,--,1,1439,买盘
1774,11:22:36,14.39,-0.01,75,107925,中性盘
1775,11:22:24,14.4,--,1,1440,买盘
1776,11:22:15,14.4,0.01,104,149760,买盘
1777,11:22:09,14.39,0.01,1,1439,买盘
1778,11:22:06,14.38,-0.01,54,77652,卖盘
1779,11:21:48,14.39,--,50,71950,买盘
1780,11:21:45,14.39,-0.01,5,7195,卖盘
1781,11:21:39,14.4,--,48,69120,买盘
1782,11:21:36,14.4,--,127,182880,买盘
1783,11:21:33,14.4,--,164,236160,买盘
1784,11:21:30,14.4,--,128,184320,买盘
1785,11:21:27,14.4,0.01,258,371520,买盘
1786,11:21:24,14.39,-0.01,128,184192,卖盘
1787,11:21:18,14.4,0.01,145,208800,买盘
1788,11:21:09,14.39,--,100,143900,卖盘
1789,11:21:06,14.39,--,10,14390,卖盘
1790,11:21:03,14.39,-0.01,10,14390,卖盘
1791,11:20:57,14.4,--,1,1440,买盘
1792,11:20:54,14.4,--,102,146880,买盘
1793,11:20:48,14.4,0.01,1,1440,买盘
1794,11:20:42,14.39,--,11,15829,卖盘
1795,11:20:36,14.39,0.01,9,12951,买盘
1796,11:20:27,14.38,-0.01,141,202758,卖盘
1797,11:20:21,14.39,--,11,15829,买盘
1798,11:20:09,14.39,--,10,14390,买盘
1799,11:20:06,14.39,0.02,11,15829,买盘
1800,11:20:00,14.37,-0.01,100,143700,卖盘
1801,11:19:48,14.38,--,10,14380,买盘
1802,11:19:39,14.38,-0.01,21,30198,卖盘
1803,11:19:27,14.39,--,67,96413,买盘
1804,11:19:21,14.39,0.01,32,46048,买盘
1805,11:19:15,14.38,--,11,15818,卖盘
1806,11:19:12,14.38,--,20,28760,卖盘
1807,11:19:09,14.38,-0.01,10,14380,卖盘
1808,11:19:06,14.39,0.01,2,2878,买盘
1809,11:19:03,14.38,-0.01,2,2876,中性盘
1810,11:18:57,14.39,0.03,25,35975,买盘
1811,11:18:54,14.36,-0.04,201,288636,卖盘
1812,11:18:42,14.4,0.03,97,139680,买盘
1813,11:18:39,14.37,0.01,46,66102,买盘
1814,11:18:36,14.36,-0.03,33,47388,卖盘
1815,11:18:33,14.39,0.01,329,473431,买盘
1816,11:18:27,14.38,0.02,34,48892,买盘
1817,11:18:18,14.36,--,9,12924,买盘
1818,11:18:15,14.36,--,129,185244,卖盘
1819,11:18:09,14.36,--,90,129240,卖盘
1820,11:18:03,14.36,-0.01,60,86160,卖盘
1821,11:17:57,14.37,0.01,1,1437,买盘
1822,11:17:51,14.36,-0.01,5,7180,卖盘
1823,11:17:45,14.37,0.01,52,74724,买盘
1824,11:17:42,14.36,--,99,142164,买盘
1825,11:17:36,14.36,--,48,68928,买盘
1826,11:17:27,14.36,0.01,51,73236,买盘
1827,11:17:24,14.35,--,30,43050,卖盘
1828,11:17:21,14.35,--,82,117670,买盘
1829,11:17:12,14.35,--,34,48790,买盘
1830,11:17:06,14.35,0.01,1,1435,买盘
1831,11:17:03,14.34,--,6,8604,卖盘
1832,11:16:54,14.34,-0.02,128,183552,卖盘
1833,11:16:48,14.36,--,23,33028,买盘
1834,11:16:45,14.36,0.02,112,160832,买盘
1835,11:16:42,14.34,--,93,133362,买盘
1836,11:16:36,14.34,--,157,225138,卖盘
1837,11:16:33,14.34,-0.01,336,481824,卖盘
1838,11:16:30,14.35,--,43,61705,买盘
1839,11:16:27,14.35,--,23,33005,买盘
1840,11:16:18,14.35,-0.01,16,23247,卖盘
1841,11:16:00,14.36,0.01,40,58588,买盘
1842,11:15:57,14.35,--,16,22960,买盘
1843,11:15:45,14.35,--,1,1435,买盘
1844,11:15:42,14.35,--,243,348992,卖盘
1845,11:15:39,14.35,--,181,259735,卖盘
1846,11:15:36,14.35,--,30,43050,卖盘
1847,11:15:30,14.35,-0.01,10,14350,卖盘
1848,11:15:27,14.36,--,51,73236,买盘
1849,11:15:21,14.36,0.01,123,176628,买盘
1850,11:15:15,14.35,-0.01,64,91840,卖盘
1851,11:15:12,14.36,--,38,54568,卖盘
1852,11:15:09,14.36,-0.01,51,73236,卖盘
1853,11:15:03,14.37,0.02,124,178188,买盘
1854,11:14:57,14.35,-0.02,14,20090,卖盘
1855,11:14:54,14.37,--,8,11496,买盘
1856,11:14:48,14.37,--,6,8650,卖盘
1857,11:14:45,14.37,--,290,416730,卖盘
1858,11:14:42,14.37,--,5,7185,卖盘
1859,11:14:39,14.37,-0.01,13,18681,卖盘
1860,11:14:36,14.38,--,101,145238,买盘
1861,11:14:27,14.38,--,38,54644,卖盘
1862,11:14:24,14.38,--,23,33074,卖盘
1863,11:14:21,14.38,--,8,11504,卖盘
1864,11:14:18,14.38,0.01,47,67586,卖盘
1865,11:14:15,14.37,-0.02,69,99153,卖盘
1866,11:14:06,14.39,--,1,1439,买盘
1867,11:13:57,14.39,--,9,12951,买盘
1868,11:13:54,14.39,-0.01,11,15829,买盘
1869,11:13:48,14.4,--,45,64800,买盘
1870,11:13:45,14.4,--,167,240480,买盘
1871,11:13:42,14.4,0.01,27,38880,买盘
1872,11:13:39,14.39,--,10,14390,卖盘
1873,11:13:36,14.39,-0.01,4,6590,卖盘
1874,11:13:30,14.4,0.02,20,28800,买盘
1875,11:13:27,14.38,--,24,34512,卖盘
1876,11:13:18,14.38,-0.02,16,23008,卖盘
1877,11:13:12,14.4,0.02,106,152640,买盘
1878,11:13:03,14.38,-0.01,2,3451,卖盘
1879,11:12:57,14.39,--,1,1439,买盘
1880,11:12:54,14.39,--,2,2878,卖盘
1881,11:12:48,14.39,--,5,7195,买盘
1882,11:12:36,14.39,0.01,1,1439,买盘
1883,11:12:33,14.38,--,10,14380,买盘
1884,11:12:30,14.38,--,1,1438,买盘
1885,11:12:08,14.38,-0.01,21,30198,卖盘
1886,11:12:05,14.39,0.01,1,1439,中性盘
1887,11:11:53,14.38,-0.02,9,12942,卖盘
1888,11:11:50,14.4,--,39,56160,买盘
1889,11:11:38,14.4,0.02,1,1440,买盘
1890,11:11:35,14.38,--,7,10066,卖盘
1891,11:11:26,14.38,--,20,28760,卖盘
1892,11:11:23,14.38,--,6,8628,卖盘
1893,11:11:20,14.38,-0.01,108,155304,卖盘
1894,11:11:14,14.39,0.01,1,1439,买盘
1895,11:10:59,14.38,-0.01,6,8628,卖盘
1896,11:10:56,14.39,--,1,1439,买盘
1897,11:10:53,14.39,0.01,1,1439,买盘
1898,11:10:50,14.38,-0.01,27,38826,卖盘
1899,11:10:44,14.39,0.01,11,15829,买盘
1900,11:10:41,14.38,-0.01,27,38826,卖盘
1901,11:10:38,14.39,--,16,23024,买盘
1902,11:10:23,14.39,0.01,23,33097,买盘
1903,11:10:08,14.38,--,3,4314,买盘
1904,11:10:02,14.38,--,5,7190,卖盘
1905,11:09:59,14.38,--,15,21570,买盘
1906,11:09:47,14.38,--,1,1438,买盘
1907,11:09:41,14.38,-0.02,5,7190,卖盘
1908,11:09:35,14.4,--,1,1440,买盘
1909,11:09:32,14.4,0.02,101,145440,买盘
1910,11:09:29,14.38,-0.01,10,14380,卖盘
1911,11:09:14,14.39,--,1,1439,买盘
1912,11:08:56,14.39,-0.01,1,1439,中性盘
1913,11:08:44,14.4,0.02,1,1440,买盘
1914,11:08:41,14.38,-0.02,20,28760,卖盘
1915,11:08:38,14.4,--,1,1440,买盘
1916,11:08:32,14.4,--,2,2880,买盘
1917,11:08:26,14.4,--,11,15840,买盘
1918,11:08:23,14.4,--,11,15840,买盘
1919,11:08:14,14.4,--,39,56160,买盘
1920,11:08:11,14.4,--,2,2880,买盘
1921,11:08:05,14.4,0.02,1,1440,买盘
1922,11:07:59,14.38,-0.02,7,10066,卖盘
1923,11:07:53,14.4,0.02,1,1440,买盘
1924,11:07:50,14.38,-0.02,1,1438,卖盘
1925,11:07:47,14.4,0.01,112,161280,买盘
1926,11:07:41,14.39,--,4,5756,买盘
1927,11:07:35,14.39,--,2,2878,买盘
1928,11:07:17,14.39,--,1,1439,买盘
1929,11:07:14,14.39,--,1,1439,中性盘
1930,11:07:05,14.39,-0.01,1,1439,中性盘
1931,11:07:02,14.4,0.01,3,4320,买盘
1932,11:06:53,14.39,-0.01,165,237435,卖盘
1933,11:06:47,14.4,--,897,1291680,买盘
1934,11:06:44,14.4,0.03,400,576000,买盘
1935,11:06:41,14.37,--,4,5748,卖盘
1936,11:06:38,14.37,-0.02,50,71850,卖盘
1937,11:06:32,14.39,--,3,4317,买盘
1938,11:06:29,14.39,--,3,4317,买盘
1939,11:06:26,14.39,0.01,101,145339,买盘
1940,11:06:20,14.38,-0.01,70,100660,卖盘
1941,11:06:17,14.39,--,1,1439,买盘
1942,11:06:08,14.39,--,9,12951,买盘
1943,11:06:05,14.39,--,17,24463,买盘
1944,11:06:02,14.39,0.02,166,238874,买盘
1945,11:05:59,14.37,-0.02,50,71850,卖盘
1946,11:05:56,14.39,--,32,46048,买盘
1947,11:05:53,14.39,--,26,37414,买盘
1948,11:05:44,14.39,--,23,33097,买盘
1949,11:05:41,14.39,0.02,17,24463,买盘
1950,11:05:35,14.37,-0.02,6,8622,卖盘
1951,11:05:29,14.39,0.01,27,38853,买盘
1952,11:05:26,14.38,0.01,54,77652,买盘
1953,11:05:08,14.37,-0.01,10,14370,卖盘
1954,11:05:05,14.38,--,1,1438,买盘
1955,11:04:53,14.38,--,39,56082,买盘
1956,11:04:50,14.38,--,20,28760,买盘
1957,11:04:47,14.38,0.02,6,8628,买盘
1958,11:04:44,14.36,-0.01,4,5744,卖盘
1959,11:04:35,14.37,--,26,37362,卖盘
1960,11:04:29,14.37,--,7,10059,卖盘
1961,11:04:23,14.37,-0.01,118,169566,卖盘
1962,11:04:20,14.38,--,3,4314,买盘
1963,11:04:14,14.38,0.01,104,149552,买盘
1964,11:04:11,14.37,0.01,34,48858,买盘
1965,11:04:08,14.36,-0.01,6,8616,卖盘
1966,11:03:59,14.37,--,31,44547,买盘
1967,11:03:56,14.37,--,43,61791,买盘
1968,11:03:50,14.37,--,14,20118,买盘
1969,11:03:47,14.37,--,4,5748,买盘
1970,11:03:44,14.37,--,79,113523,买盘
1971,11:03:26,14.37,--,45,64938,买盘
1972,11:03:23,14.37,--,44,63228,买盘
1973,11:03:20,14.37,--,24,34488,买盘
1974,11:03:17,14.37,--,2,2874,买盘
1975,11:03:11,14.37,--,48,68976,买盘
1976,11:03:08,14.37,--,48,68976,买盘
1977,11:03:05,14.37,--,1,1437,买盘
1978,11:02:50,14.37,--,12,17244,买盘
1979,11:02:47,14.37,--,21,30177,卖盘
1980,11:02:44,14.37,-0.01,2,2874,卖盘
1981,11:02:38,14.38,--,3,4314,买盘
1982,11:02:35,14.38,--,1,1438,买盘
1983,11:02:29,14.38,--,112,161056,买盘
1984,11:02:23,14.38,0.01,61,87718,买盘
1985,11:02:17,14.37,0.01,21,30177,买盘
1986,11:02:14,14.36,-0.01,6,8616,卖盘
1987,11:02:08,14.37,0.01,5,7185,买盘
1988,11:02:05,14.36,-0.01,22,31592,卖盘
1989,11:01:56,14.37,--,1,1437,买盘
1990,11:01:47,14.37,0.01,1,1437,买盘
1991,11:01:38,14.36,--,5,7180,卖盘
1992,11:01:35,14.36,-0.01,10,14360,卖盘
1993,11:01:29,14.37,--,3,4311,买盘
1994,11:01:26,14.37,--,1,1437,买盘
1995,11:01:23,14.37,--,10,14370,买盘
1996,11:01:05,14.37,0.01,1,1437,中性盘
1997,11:01:02,14.36,-0.02,128,183808,卖盘
1998,11:00:59,14.38,0.03,9,12942,买盘
1999,11:00:56,14.35,-0.02,129,185115,卖盘
2000,11:00:53,14.37,0.01,1,1437,中性盘
2001,11:00:41,14.36,--,113,162268,卖盘
2002,11:00:38,14.36,-0.02,39,56004,卖盘
2003,11:00:35,14.38,--,1,1438,买盘
2004,11:00:32,14.38,0.02,22,31636,买盘
2005,11:00:26,14.36,0.01,46,66056,买盘
2006,11:00:17,14.35,--,13,18655,卖盘
2007,11:00:08,14.35,-0.01,13,18655,卖盘
2008,11:00:02,14.36,0.01,7,10052,买盘
2009,10:59:59,14.35,-0.01,4,5740,卖盘
2010,10:59:56,14.36,--,5,7180,买盘
2011,10:59:44,14.36,0.01,1,1436,买盘
2012,10:59:32,14.35,-0.03,12,17220,卖盘
2013,10:59:26,14.38,--,26,37388,买盘
2014,10:59:23,14.38,0.02,105,150990,买盘
2015,10:59:17,14.36,--,1,1436,买盘
2016,10:59:14,14.36,--,3,4308,买盘
2017,10:59:11,14.36,--,2,2872,买盘
2018,10:59:08,14.36,0.01,1,1436,买盘
2019,10:59:05,14.35,--,1,1435,卖盘
2020,10:58:59,14.35,--,31,45633,买盘
2021,10:58:53,14.35,--,254,364490,买盘
2022,10:58:50,14.35,0.01,104,149240,买盘
2023,10:58:41,14.34,-0.01,20,28680,卖盘
2024,10:58:35,14.35,--,1,1435,买盘
2025,10:58:26,14.35,0.01,5,7175,买盘
2026,10:58:23,14.34,-0.01,128,183552,卖盘
2027,10:58:20,14.35,--,25,35875,买盘
2028,10:58:14,14.35,--,1,1435,买盘
2029,10:58:11,14.35,--,13,18655,买盘
2030,10:58:05,14.35,0.01,148,212796,买盘
2031,10:58:02,14.34,--,20,28680,买盘
2032,10:57:59,14.34,--,1,1434,买盘
2033,10:57:56,14.34,--,5,7170,买盘
2034,10:57:53,14.34,--,8,11472,买盘
2035,10:57:50,14.34,--,22,31548,买盘
2036,10:57:44,14.34,--,32,45888,买盘
2037,10:57:41,14.34,--,49,70266,买盘
2038,10:57:38,14.34,--,28,40152,买盘
2039,10:57:35,14.34,--,401,575034,买盘
2040,10:57:32,14.34,--,269,385746,卖盘
2041,10:57:29,14.34,-0.01,25,35850,卖盘
2042,10:57:23,14.35,--,1,1435,买盘
2043,10:57:20,14.35,--,3,4305,买盘
2044,10:57:14,14.35,0.02,1,1435,买盘
2045,10:57:11,14.33,-0.01,36,51588,卖盘
2046,10:57:05,14.34,--,124,178389,买盘
2047,10:57:02,14.34,0.01,60,86040,买盘
2048,10:56:59,14.33,-0.01,44,63052,卖盘
2049,10:56:56,14.34,--,1,1434,买盘
2050,10:56:53,14.34,--,14,20076,买盘
2051,10:56:50,14.34,--,28,40152,买盘
2052,10:56:47,14.34,--,101,145694,卖盘
2053,10:56:41,14.34,--,56,80304,卖盘
2054,10:56:35,14.34,-0.01,3,4302,卖盘
2055,10:56:32,14.35,--,1,1435,买盘
2056,10:56:29,14.35,0.01,3,4305,买盘
2057,10:56:26,14.34,-0.01,156,223704,卖盘
2058,10:56:23,14.35,--,1,1435,买盘
2059,10:56:08,14.35,0.01,10,14350,买盘
2060,10:56:05,14.34,-0.01,150,215100,卖盘
2061,10:56:02,14.35,0.01,2,2870,买盘
2062,10:55:56,14.34,-0.01,128,183552,卖盘
2063,10:55:50,14.35,0.01,3,4305,买盘
2064,10:55:47,14.34,-0.01,49,70266,卖盘
2065,10:55:44,14.35,0.01,55,78925,买盘
2066,10:55:38,14.34,-0.01,10,14340,卖盘
2067,10:55:35,14.35,--,9,13489,买盘
2068,10:55:26,14.35,0.02,2,2870,买盘
2069,10:55:23,14.33,-0.02,36,51588,卖盘
2070,10:55:20,14.35,--,106,152110,买盘
2071,10:55:14,14.35,0.01,5,7175,买盘
2072,10:55:05,14.34,-0.01,8,11472,卖盘
2073,10:54:59,14.35,0.01,3,4305,买盘
2074,10:54:56,14.34,--,41,58794,卖盘
2075,10:54:53,14.34,--,10,14340,卖盘
2076,10:54:47,14.34,-0.01,48,68832,卖盘
2077,10:54:44,14.35,0.01,1,1435,买盘
2078,10:54:41,14.34,-0.01,11,15774,卖盘
2079,10:54:38,14.35,0.01,33,47355,买盘
2080,10:54:35,14.34,--,19,27246,卖盘
2081,10:54:32,14.34,-0.01,10,14340,卖盘
2082,10:54:29,14.35,--,5,7175,买盘
2083,10:54:26,14.35,0.01,26,37310,买盘
2084,10:54:23,14.34,--,272,390048,卖盘
2085,10:54:17,14.34,--,2,2868,卖盘
2086,10:54:11,14.34,--,9,12906,卖盘
2087,10:54:08,14.34,-0.01,373,534882,卖盘
2088,10:54:05,14.35,--,301,431935,买盘
2089,10:54:02,14.35,-0.01,193,276955,卖盘
2090,10:53:59,14.36,0.01,5,7180,买盘
2091,10:53:56,14.35,-0.01,50,71750,卖盘
2092,10:53:53,14.36,--,146,209656,买盘
2093,10:53:35,14.36,--,1,1436,买盘
2094,10:53:32,14.36,--,101,145036,买盘
2095,10:53:26,14.36,-0.01,353,507267,卖盘
2096,10:53:14,14.37,-0.01,26,37362,卖盘
2097,10:53:04,14.38,0.02,11,15818,买盘
2098,10:53:01,14.36,--,5,7180,卖盘
2099,10:52:58,14.36,--,23,33028,卖盘
2100,10:52:55,14.36,-0.02,128,183808,卖盘
2101,10:52:49,14.38,--,4,5752,买盘
2102,10:52:46,14.38,-0.01,1,1438,中性盘
2103,10:52:25,14.39,0.02,41,58999,买盘
2104,10:52:22,14.37,--,2,2874,卖盘
2105,10:52:19,14.37,--,8,11496,卖盘
2106,10:52:13,14.37,-0.01,15,21555,卖盘
2107,10:52:07,14.38,0.01,18,25884,买盘
2108,10:52:04,14.37,--,23,33051,卖盘
2109,10:52:01,14.37,--,7,10059,卖盘
2110,10:51:52,14.37,--,8,11496,卖盘
2111,10:51:49,14.37,-0.02,2,2874,卖盘
2112,10:51:46,14.39,0.02,103,148217,买盘
2113,10:51:43,14.37,-0.01,9,12933,卖盘
2114,10:51:40,14.38,--,3,4314,买盘
2115,10:51:37,14.38,--,1,1438,买盘
2116,10:51:25,14.38,--,21,30198,买盘
2117,10:51:19,14.38,0.01,1,1438,买盘
2118,10:51:16,14.37,--,5,7185,卖盘
2119,10:51:13,14.37,-0.01,25,35925,卖盘
2120,10:51:07,14.38,--,35,50330,买盘
2121,10:51:04,14.38,--,1,1438,买盘
2122,10:50:46,14.38,0.01,1,1438,买盘
2123,10:50:34,14.37,-0.01,50,71850,卖盘
2124,10:50:28,14.38,--,3,4314,买盘
2125,10:50:25,14.38,--,88,126544,买盘
2126,10:50:22,14.38,0.01,54,77652,买盘
2127,10:50:13,14.37,0.01,7,10059,买盘
2128,10:50:10,14.36,-0.01,2,2872,卖盘
2129,10:50:07,14.37,-0.02,3,4311,买盘
2130,10:50:04,14.39,--,367,528113,买盘
2131,10:50:01,14.39,0.01,521,749719,买盘
2132,10:49:55,14.38,0.01,4,5752,买盘
2133,10:49:52,14.37,-0.01,5,7185,卖盘
2134,10:49:49,14.38,--,2,2876,买盘
2135,10:49:46,14.38,0.01,224,322112,买盘
2136,10:49:34,14.37,-0.01,3,4311,中性盘
2137,10:49:28,14.38,0.01,3,4314,买盘
2138,10:49:22,14.37,--,1,1437,买盘
2139,10:49:13,14.37,0.01,1,1437,买盘
2140,10:49:04,14.36,-0.01,120,172320,卖盘
2141,10:49:01,14.37,0.01,13,18681,买盘
2142,10:48:58,14.36,-0.01,10,14360,卖盘
2143,10:48:55,14.37,-0.01,3,4311,中性盘
2144,10:48:46,14.38,--,1,1438,买盘
2145,10:48:34,14.38,0.02,14,20132,买盘
2146,10:48:19,14.36,-0.01,33,47388,卖盘
2147,10:48:16,14.37,-0.01,56,80472,买盘
2148,10:48:13,14.38,0.02,107,153866,买盘
2149,10:48:04,14.36,-0.02,4,5744,卖盘
2150,10:48:01,14.38,--,16,23008,买盘
2151,10:47:55,14.38,--,39,56082,买盘
2152,10:47:52,14.38,0.02,25,35950,买盘
2153,10:47:43,14.36,-0.01,130,186680,卖盘
2154,10:47:40,14.37,-0.01,128,183936,卖盘
2155,10:47:34,14.38,--,3,4314,买盘
2156,10:47:31,14.38,--,2,2876,买盘
2157,10:47:28,14.38,--,4,5752,买盘
2158,10:47:25,14.38,--,11,15818,买盘
2159,10:47:19,14.38,--,2,2876,买盘
2160,10:47:16,14.38,0.01,3,4314,买盘
2161,10:47:07,14.37,-0.01,9,12933,卖盘
2162,10:47:04,14.38,0.01,1,1438,买盘
2163,10:47:01,14.37,--,56,80472,卖盘
2164,10:46:55,14.37,-0.01,40,57480,卖盘
2165,10:46:52,14.38,0.01,1,1438,买盘
2166,10:46:49,14.37,--,10,14370,卖盘
2167,10:46:46,14.37,-0.01,40,57480,卖盘
2168,10:46:40,14.38,--,156,224328,买盘
2169,10:46:31,14.38,0.01,123,176874,买盘
2170,10:46:28,14.37,-0.01,26,37362,卖盘
2171,10:46:25,14.38,--,623,895874,卖盘
2172,10:46:22,14.38,--,6,8628,卖盘
2173,10:46:16,14.38,-0.01,49,70462,卖盘
2174,10:46:10,14.39,--,60,86340,买盘
2175,10:46:04,14.39,-0.01,95,136705,卖盘
2176,10:46:01,14.4,0.01,2,2880,买盘
2177,10:45:58,14.39,--,105,151095,买盘
2178,10:45:43,14.39,0.01,1,1439,买盘
2179,10:45:34,14.38,-0.01,17,24446,卖盘
2180,10:45:31,14.39,0.01,17,24463,买盘
2181,10:45:25,14.38,-0.01,150,215700,卖盘
2182,10:45:16,14.39,--,1,1439,买盘
2183,10:45:13,14.39,0.01,10,14390,买盘
2184,10:45:07,14.38,-0.01,1,1438,卖盘
2185,10:45:01,14.39,-0.01,7,10073,买盘
2186,10:44:58,14.4,--,3,4320,买盘
2187,10:44:55,14.4,--,93,133920,买盘
2188,10:44:52,14.4,--,21,30240,买盘
2189,10:44:43,14.4,0.02,108,155520,买盘
2190,10:44:37,14.38,-0.02,20,28760,卖盘
2191,10:44:34,14.4,--,3,4320,买盘
2192,10:44:31,14.4,0.01,19,27360,买盘
2193,10:44:28,14.39,--,6,8634,买盘
2194,10:44:25,14.39,--,1,1439,买盘
2195,10:44:22,14.39,-0.01,52,74828,中性盘
2196,10:44:19,14.4,--,51,73440,买盘
2197,10:44:13,14.4,0.02,136,195840,买盘
2198,10:44:07,14.38,--,40,57520,卖盘
2199,10:44:04,14.38,-0.01,6,8628,卖盘
2200,10:43:58,14.39,--,84,120876,买盘
2201,10:43:43,14.39,0.01,1,1439,买盘
2202,10:43:40,14.38,-0.01,10,14380,卖盘
2203,10:43:37,14.39,0.01,46,66194,买盘
2204,10:43:28,14.38,-0.01,5,7190,中性盘
2205,10:43:25,14.39,--,10,14390,买盘
2206,10:43:22,14.39,--,129,185631,买盘
2207,10:43:19,14.39,--,3,4317,买盘
2208,10:43:16,14.39,0.02,14,20146,买盘
2209,10:43:07,14.37,-0.02,29,41673,卖盘
2210,10:43:04,14.39,-0.01,7,10073,买盘
2211,10:43:01,14.4,0.02,102,146880,买盘
2212,10:42:55,14.38,--,1,1438,买盘
2213,10:42:52,14.38,0.01,20,28760,卖盘
2214,10:42:49,14.37,-0.02,20,28740,卖盘
2215,10:42:40,14.39,0.02,1,1439,买盘
2216,10:42:37,14.37,-0.03,100,143700,卖盘
2217,10:42:28,14.4,--,6,8640,买盘
2218,10:42:22,14.4,0.02,331,476640,买盘
2219,10:42:19,14.38,0.01,5,7190,中性盘
2220,10:42:16,14.37,-0.03,200,287400,卖盘
2221,10:42:10,14.4,0.02,82,118080,买盘
2222,10:42:07,14.38,-0.01,7,10066,卖盘
2223,10:42:04,14.39,--,1,1439,买盘
2224,10:42:01,14.39,--,21,30219,买盘
2225,10:41:52,14.39,--,17,24463,买盘
2226,10:41:46,14.39,--,1,1439,买盘
2227,10:41:31,14.39,--,21,30219,买盘
2228,10:41:25,14.39,-0.01,5,7195,卖盘
2229,10:41:22,14.4,0.01,58,83520,买盘
2230,10:41:16,14.39,-0.01,15,21585,卖盘
2231,10:41:16,14.4,0.01,107,154080,买盘
2232,10:41:10,14.39,-0.01,5,7195,中性盘
2233,10:41:07,14.4,0.01,50,72000,买盘
2234,10:41:01,14.39,--,1,1439,买盘
2235,10:40:55,14.39,-0.01,1,1439,中性盘
2236,10:40:43,14.4,0.02,70,100800,买盘
2237,10:40:40,14.38,-0.01,128,184064,卖盘
2238,10:40:37,14.39,--,10,14390,卖盘
2239,10:40:31,14.39,--,42,60438,卖盘
2240,10:40:22,14.39,0.01,17,25182,中性盘
2241,10:40:16,14.38,-0.01,30,43140,卖盘
2242,10:40:10,14.39,--,23,33097,卖盘
2243,10:40:07,14.39,0.01,56,80584,买盘
2244,10:40:01,14.38,-0.01,2,2876,卖盘
2245,10:39:58,14.39,--,40,57560,买盘
2246,10:39:52,14.39,--,27,38853,卖盘
2247,10:39:49,14.39,-0.01,4,5756,卖盘
2248,10:39:40,14.4,--,61,87840,买盘
2249,10:39:34,14.4,0.01,1,1440,买盘
2250,10:39:31,14.39,-0.01,1,1439,中性盘
2251,10:39:25,14.4,--,142,204480,买盘
2252,10:39:22,14.4,-0.01,135,194400,卖盘
2253,10:39:19,14.41,0.01,44,63404,买盘
2254,10:39:10,14.4,0.02,267,384480,买盘
2255,10:39:01,14.38,-0.01,16,23008,卖盘
2256,10:38:58,14.39,--,1,1439,买盘
2257,10:38:55,14.39,--,55,79145,买盘
2258,10:38:52,14.39,--,1,1439,买盘
2259,10:38:49,14.39,--,26,37414,买盘
2260,10:38:43,14.39,--,23,33097,买盘
2261,10:38:40,14.39,0.01,95,136705,买盘
2262,10:38:37,14.38,-0.01,60,86280,卖盘
2263,10:38:34,14.39,-0.02,69,99291,买盘
2264,10:38:31,14.41,--,67,96547,买盘
2265,10:38:25,14.41,0.03,39,56199,买盘
2266,10:38:22,14.38,-0.03,150,215700,卖盘
2267,10:38:16,14.41,0.01,56,80696,买盘
2268,10:38:10,14.4,--,72,103680,买盘
2269,10:38:04,14.4,--,9,12960,买盘
2270,10:37:55,14.4,0.01,88,126720,买盘
2271,10:37:52,14.39,--,61,87779,买盘
2272,10:37:49,14.39,-0.01,5,7195,买盘
2273,10:37:40,14.4,--,103,148320,买盘
2274,10:37:34,14.4,--,1,1440,买盘
2275,10:37:22,14.4,--,2,2880,买盘
2276,10:37:19,14.4,0.02,51,73440,买盘
2277,10:37:16,14.38,-0.02,128,184064,卖盘
2278,10:37:13,14.4,--,11,15840,买盘
2279,10:37:07,14.4,--,2,2880,买盘
2280,10:36:55,14.4,0.01,2,2880,买盘
2281,10:36:52,14.39,-0.01,25,35975,卖盘
2282,10:36:43,14.4,0.01,1,1440,买盘
2283,10:36:40,14.39,0.01,4,5756,买盘
2284,10:36:37,14.38,-0.01,5,7190,卖盘
2285,10:36:34,14.39,0.01,12,17268,买盘
2286,10:36:28,14.38,-0.01,10,14380,卖盘
2287,10:36:22,14.39,--,32,46048,买盘
2288,10:36:13,14.39,-0.01,1,1439,中性盘
2289,10:36:10,14.4,--,166,239040,卖盘
2290,10:36:04,14.4,0.01,41,59040,中性盘
2291,10:35:58,14.39,-0.02,21,30219,卖盘
2292,10:35:55,14.41,0.02,113,162833,买盘
2293,10:35:46,14.39,0.01,10,14390,买盘
2294,10:35:40,14.38,-0.01,128,184064,卖盘
2295,10:35:34,14.39,0.01,1,1439,买盘
2296,10:35:31,14.38,-0.01,31,44578,卖盘
2297,10:35:28,14.39,--,3,4317,卖盘
2298,10:35:25,14.39,-0.01,171,246069,卖盘
2299,10:35:22,14.4,--,30,43200,中性盘
2300,10:35:19,14.4,--,11,15840,卖盘
2301,10:35:13,14.4,-0.01,11,15840,买盘
2302,10:35:07,14.41,0.02,48,69168,买盘
2303,10:35:01,14.39,--,25,35975,卖盘
2304,10:34:55,14.39,--,8,11512,卖盘
2305,10:34:52,14.39,-0.02,100,143900,卖盘
2306,10:34:46,14.41,0.02,1,1441,买盘
2307,10:34:43,14.39,--,23,33097,卖盘
2308,10:34:34,14.39,-0.02,7,10073,卖盘
2309,10:34:31,14.41,--,1,1441,买盘
2310,10:34:28,14.41,0.02,7,10087,买盘
2311,10:34:22,14.39,--,6,8634,卖盘
2312,10:34:19,14.39,-0.01,7,10073,卖盘
2313,10:34:13,14.4,0.01,8,11520,买盘
2314,10:34:10,14.39,-0.01,165,237435,卖盘
2315,10:34:07,14.4,--,25,36000,卖盘
2316,10:34:04,14.4,--,150,216000,卖盘
2317,10:34:01,14.4,--,20,28800,卖盘
2318,10:33:58,14.4,-0.01,7,10080,卖盘
2319,10:33:54,14.41,-0.01,103,148423,卖盘
2320,10:33:51,14.42,0.01,31,44702,买盘
2321,10:33:48,14.41,-0.01,25,36025,卖盘
2322,10:33:45,14.42,--,118,170156,买盘
2323,10:33:42,14.42,-0.01,1,1442,中性盘
2324,10:33:39,14.43,0.02,10,14430,买盘
2325,10:33:36,14.41,--,23,33143,卖盘
2326,10:33:30,14.41,--,6,8646,卖盘
2327,10:33:24,14.41,--,113,162833,卖盘
2328,10:33:21,14.41,-0.01,11,15851,卖盘
2329,10:33:18,14.42,--,5,7210,卖盘
2330,10:33:15,14.42,--,14,20188,卖盘
2331,10:33:12,14.42,--,83,119686,卖盘
2332,10:33:09,14.42,0.01,391,563822,买盘
2333,10:33:03,14.41,-0.01,61,87901,卖盘
2334,10:33:00,14.42,--,140,201880,买盘
2335,10:32:57,14.42,--,76,109592,买盘
2336,10:32:54,14.42,--,48,69216,买盘
2337,10:32:51,14.42,--,12,17304,买盘
2338,10:32:48,14.42,--,35,50470,买盘
2339,10:32:39,14.42,--,51,73542,买盘
2340,10:32:36,14.42,-0.01,192,276864,卖盘
2341,10:32:33,14.43,0.01,2,2886,买盘
2342,10:32:30,14.42,-0.01,5,7210,卖盘
2343,10:32:24,14.43,--,11,15873,买盘
2344,10:32:18,14.43,--,17,24531,买盘
2345,10:32:15,14.43,--,104,150072,买盘
2346,10:32:12,14.43,--,12,17316,买盘
2347,10:32:03,14.43,--,1,1443,买盘
2348,10:32:00,14.43,0.01,67,96681,买盘
2349,10:31:54,14.42,-0.01,19,27398,卖盘
2350,10:31:51,14.43,-0.01,81,116883,中性盘
2351,10:31:48,14.44,0.02,23,33212,买盘
2352,10:31:45,14.42,-0.01,28,40376,卖盘
2353,10:31:42,14.43,--,21,30303,买盘
2354,10:31:36,14.43,--,4,5772,买盘
2355,10:31:33,14.43,0.01,9,12987,买盘
2356,10:31:27,14.42,-0.01,2,2884,卖盘
2357,10:31:24,14.43,--,1,1443,买盘
2358,10:31:21,14.43,--,43,62049,买盘
2359,10:31:18,14.43,0.01,111,160173,买盘
2360,10:31:15,14.42,-0.01,24,34608,卖盘
2361,10:31:06,14.43,--,275,396825,买盘
2362,10:31:03,14.43,--,144,207792,买盘
2363,10:31:00,14.43,0.01,1,1443,买盘
2364,10:30:57,14.42,0.01,92,132664,买盘
2365,10:30:54,14.41,-0.01,11,15851,卖盘
2366,10:30:51,14.42,0.01,25,36050,买盘
2367,10:30:45,14.41,-0.01,131,188771,卖盘
2368,10:30:39,14.42,--,8,11536,买盘
2369,10:30:36,14.42,--,277,399434,买盘
2370,10:30:33,14.42,--,14,20188,买盘
2371,10:30:30,14.42,--,108,155736,买盘
2372,10:30:27,14.42,-0.01,68,98056,卖盘
2373,10:30:24,14.43,0.01,154,222222,买盘
2374,10:30:18,14.42,0.01,9,12978,卖盘
2375,10:30:12,14.41,-0.01,10,14410,卖盘
2376,10:30:09,14.42,--,5,7210,买盘
2377,10:30:06,14.42,--,159,229278,买盘
2378,10:30:00,14.42,--,32,46144,买盘
2379,10:29:57,14.42,--,64,92288,买盘
2380,10:29:54,14.42,0.01,36,51912,买盘
2381,10:29:45,14.41,-0.01,2,2882,卖盘
2382,10:29:42,14.42,-0.01,5,7210,买盘
2383,10:29:39,14.43,0.01,169,243867,买盘
2384,10:29:33,14.42,--,32,46144,买盘
2385,10:29:30,14.42,--,1,1442,买盘
2386,10:29:24,14.42,0.01,1,1442,买盘
2387,10:29:21,14.41,-0.01,36,51876,卖盘
2388,10:29:12,14.42,--,1,1442,买盘
2389,10:29:06,14.42,-0.01,36,51912,卖盘
2390,10:29:03,14.43,0.01,12,17316,买盘
2391,10:29:00,14.42,--,5,7210,卖盘
2392,10:28:57,14.42,--,311,448462,买盘
2393,10:28:51,14.42,0.01,3,4326,买盘
2394,10:28:45,14.41,-0.01,112,161392,卖盘
2395,10:28:42,14.42,--,22,31724,买盘
2396,10:28:39,14.42,0.01,279,402318,买盘
2397,10:28:36,14.41,--,45,64845,卖盘
2398,10:28:33,14.41,-0.01,105,151305,卖盘
2399,10:28:30,14.42,--,12,17304,买盘
2400,10:28:27,14.42,--,7,10094,买盘
2401,10:28:21,14.42,0.01,2,2884,买盘
2402,10:28:18,14.41,-0.01,1,1441,卖盘
2403,10:28:15,14.42,0.01,38,54796,买盘
2404,10:28:06,14.41,-0.01,9,12969,卖盘
2405,10:28:03,14.42,0.01,89,128338,买盘
2406,10:28:00,14.41,-0.01,142,204622,卖盘
2407,10:27:54,14.42,--,9,12978,买盘
2408,10:27:45,14.42,0.01,1,1442,买盘
2409,10:27:36,14.41,-0.01,5,7205,中性盘
2410,10:27:33,14.42,--,96,138432,买盘
2411,10:27:30,14.42,0.01,177,255234,买盘
2412,10:27:21,14.41,--,1,1441,中性盘
2413,10:27:18,14.41,0.01,30,43230,买盘
2414,10:27:15,14.4,--,4,5760,卖盘
2415,10:27:12,14.4,-0.01,5,7200,卖盘
2416,10:27:09,14.41,--,190,273790,卖盘
2417,10:27:06,14.41,-0.01,10,14410,卖盘
2418,10:27:03,14.42,0.01,150,216300,买盘
2419,10:27:00,14.41,-0.01,116,167156,卖盘
2420,10:26:57,14.42,--,6,8652,买盘
2421,10:26:54,14.42,--,8,11536,买盘
2422,10:26:51,14.42,0.01,1,1442,买盘
2423,10:26:48,14.41,-0.01,18,25938,卖盘
2424,10:26:45,14.42,--,2,2884,买盘
2425,10:26:42,14.42,0.01,32,46144,买盘
2426,10:26:30,14.41,--,166,239206,卖盘
2427,10:26:27,14.41,--,22,31702,卖盘
2428,10:26:21,14.41,-0.01,12,17292,卖盘
2429,10:26:18,14.42,--,21,30282,买盘
2430,10:26:12,14.42,0.02,1,1442,买盘
2431,10:26:09,14.4,--,5,7200,卖盘
2432,10:26:06,14.4,-0.02,12,17280,卖盘
2433,10:26:03,14.42,0.02,150,216300,买盘
2434,10:26:00,14.4,-0.01,49,70560,卖盘
2435,10:25:57,14.41,0.01,98,141218,买盘
2436,10:25:54,14.4,--,4,5760,卖盘
2437,10:25:51,14.4,-0.01,7,10080,卖盘
2438,10:25:48,14.41,0.01,10,14410,买盘
2439,10:25:42,14.4,--,26,37440,卖盘
2440,10:25:39,14.4,-0.01,10,14400,卖盘
2441,10:25:33,14.41,0.01,1,1441,买盘
2442,10:25:24,14.4,-0.02,1,1440,卖盘
2443,10:25:21,14.42,0.01,35,50470,买盘
2444,10:25:18,14.41,-0.01,133,191653,买盘
2445,10:25:15,14.42,0.01,104,149968,买盘
2446,10:25:12,14.41,--,28,40348,卖盘
2447,10:25:09,14.41,-0.01,3,4323,卖盘
2448,10:25:03,14.42,0.01,188,271096,买盘
2449,10:25:00,14.41,-0.01,4,5764,卖盘
2450,10:24:54,14.42,--,2,2884,买盘
2451,10:24:51,14.42,--,36,51912,买盘
2452,10:24:45,14.42,--,153,220626,买盘
2453,10:24:42,14.42,0.01,1,1442,买盘
2454,10:24:36,14.41,-0.01,10,14410,卖盘
2455,10:24:27,14.42,0.01,46,66332,买盘
2456,10:24:24,14.41,-0.01,6,8646,卖盘
2457,10:24:21,14.42,0.01,10,14420,买盘
2458,10:24:15,14.41,--,10,14410,卖盘
2459,10:24:12,14.41,0.01,70,100870,中性盘
2460,10:24:09,14.4,-0.01,148,213120,卖盘
2461,10:24:06,14.41,-0.01,20,28820,卖盘
2462,10:24:00,14.42,--,1,1442,买盘
2463,10:23:51,14.42,0.01,78,113485,买盘
2464,10:23:45,14.41,0.01,100,144100,买盘
2465,10:23:39,14.4,-0.01,6,8640,卖盘
2466,10:23:27,14.41,--,122,175802,买盘
2467,10:23:27,14.41,--,23,33143,买盘
2468,10:23:24,14.41,0.01,8,11528,买盘
2469,10:23:18,14.4,-0.01,178,256320,卖盘
2470,10:23:12,14.41,--,56,80696,买盘
2471,10:23:09,14.41,0.01,46,66286,买盘
2472,10:23:00,14.4,--,172,248731,卖盘
2473,10:22:57,14.4,--,145,208800,卖盘
2474,10:22:54,14.4,-0.01,4,5760,卖盘
2475,10:22:51,14.41,--,1,1441,买盘
2476,10:22:48,14.41,0.01,2,2882,买盘
2477,10:22:45,14.4,-0.01,7,10080,卖盘
2478,10:22:42,14.41,0.01,1,1441,买盘
2479,10:22:39,14.4,--,44,63748,买盘
2480,10:22:27,14.4,0.02,153,220320,买盘
2481,10:22:24,14.38,-0.02,18,25884,卖盘
2482,10:22:18,14.4,--,6,8640,买盘
2483,10:22:15,14.4,--,38,54720,买盘
2484,10:22:09,14.4,--,265,381600,买盘
2485,10:22:03,14.4,--,23,33120,买盘
2486,10:21:57,14.4,--,10,14400,买盘
2487,10:21:54,14.4,0.01,170,244800,买盘
2488,10:21:51,14.39,--,54,77706,卖盘
2489,10:21:48,14.39,0.01,5,7195,卖盘
2490,10:21:45,14.38,-0.01,17,24446,买盘
2491,10:21:42,14.39,-0.01,11,15829,中性盘
2492,10:21:27,14.4,0.01,258,371520,买盘
2493,10:21:21,14.39,0.02,151,217289,买盘
2494,10:21:09,14.37,--,23,33051,卖盘
2495,10:21:03,14.37,-0.01,25,35925,卖盘
2496,10:21:00,14.38,-0.01,10,14380,卖盘
2497,10:20:54,14.39,-0.01,1,1439,卖盘
2498,10:20:48,14.4,--,1,1440,买盘
2499,10:20:45,14.4,0.01,41,59040,买盘
2500,10:20:42,14.39,0.02,3,4317,买盘
2501,10:20:33,14.37,-0.02,128,183936,卖盘
2502,10:20:30,14.39,--,38,54682,买盘
2503,10:20:27,14.39,0.01,51,73389,买盘
2504,10:20:21,14.38,--,73,104974,卖盘
2505,10:20:18,14.38,--,1,1438,卖盘
2506,10:20:15,14.38,-0.01,10,14380,卖盘
2507,10:20:12,14.39,0.01,2,2878,买盘
2508,10:20:09,14.38,--,2,2876,卖盘
2509,10:20:00,14.38,--,25,35950,卖盘
2510,10:19:54,14.38,-0.01,63,90594,卖盘
2511,10:19:51,14.39,0.01,22,31658,买盘
2512,10:19:48,14.38,--,3,4314,卖盘
2513,10:19:45,14.38,-0.01,2,2876,卖盘
2514,10:19:39,14.39,--,1,1439,买盘
2515,10:19:33,14.39,0.01,104,149656,买盘
2516,10:19:27,14.38,--,207,297666,买盘
2517,10:19:21,14.38,--,1,1438,买盘
2518,10:19:15,14.38,-0.01,10,14380,买盘
2519,10:19:12,14.39,0.01,39,56121,买盘
2520,10:19:03,14.38,0.01,5,7190,买盘
2521,10:19:00,14.37,-0.01,21,30177,卖盘
2522,10:18:57,14.38,-0.02,59,84842,中性盘
2523,10:18:54,14.4,0.01,115,165600,买盘
2524,10:18:51,14.39,0.01,46,66194,买盘
2525,10:18:48,14.38,--,3,4314,买盘
2526,10:18:42,14.38,--,23,33074,买盘
2527,10:18:36,14.38,--,15,21570,买盘
2528,10:18:30,14.38,--,9,12942,买盘
2529,10:18:27,14.38,0.01,4,5752,买盘
2530,10:18:21,14.37,-0.01,31,44547,卖盘
2531,10:18:15,14.38,--,1,1438,买盘
2532,10:18:09,14.38,0.01,53,76214,买盘
2533,10:18:06,14.37,-0.02,113,162381,卖盘
2534,10:18:03,14.39,0.01,1,1439,买盘
2535,10:17:57,14.38,-0.01,3,4314,卖盘
2536,10:17:51,14.39,--,100,143900,买盘
2537,10:17:45,14.39,0.02,110,158290,买盘
2538,10:17:42,14.37,-0.02,12,17244,卖盘
2539,10:17:39,14.39,--,18,25902,买盘
2540,10:17:36,14.39,0.02,9,12951,买盘
2541,10:17:33,14.37,-0.02,7,10059,卖盘
2542,10:17:30,14.39,--,25,35975,买盘
2543,10:17:27,14.39,--,1,1439,买盘
2544,10:17:21,14.39,--,68,98211,买盘
2545,10:17:12,14.39,0.02,1,1439,买盘
2546,10:17:03,14.37,-0.01,31,44547,卖盘
2547,10:17:00,14.38,--,20,28760,卖盘
2548,10:16:51,14.38,--,254,365252,卖盘
2549,10:16:45,14.38,-0.01,3,4314,卖盘
2550,10:16:42,14.39,--,1,1439,买盘
2551,10:16:33,14.39,0.01,11,15829,买盘
2552,10:16:30,14.38,-0.01,109,156742,中性盘
2553,10:16:21,14.39,0.02,1,1439,买盘
2554,10:16:12,14.37,-0.02,30,43110,中性盘
2555,10:16:03,14.39,0.02,156,224484,买盘
2556,10:16:00,14.37,0.01,13,18681,买盘
2557,10:15:57,14.36,-0.01,23,33028,卖盘
2558,10:15:42,14.37,0.01,1,1437,买盘
2559,10:15:39,14.36,-0.01,34,48824,卖盘
2560,10:15:30,14.37,--,3,4311,买盘
2561,10:15:21,14.37,--,1,1437,买盘
2562,10:15:18,14.37,--,1,1437,买盘
2563,10:15:15,14.37,--,112,160944,买盘
2564,10:15:12,14.37,--,1,1437,买盘
2565,10:15:09,14.37,-0.02,112,160944,中性盘
2566,10:14:51,14.39,0.03,1,1439,买盘
2567,10:14:48,14.36,-0.03,126,180936,卖盘
2568,10:14:45,14.39,--,2,2878,买盘
2569,10:14:42,14.39,--,1,1439,买盘
2570,10:14:38,14.39,--,14,20146,买盘
2571,10:14:35,14.39,0.01,16,23024,买盘
2572,10:14:32,14.38,--,1,1438,买盘
2573,10:14:29,14.38,-0.01,1,1438,中性盘
2574,10:14:26,14.39,--,4,5756,买盘
2575,10:14:23,14.39,0.01,2,2878,买盘
2576,10:14:20,14.38,-0.01,5,7190,卖盘
2577,10:14:17,14.39,--,9,12951,买盘
2578,10:14:14,14.39,--,91,130949,买盘
2579,10:14:05,14.39,--,111,159729,买盘
2580,10:14:05,14.39,--,213,306507,买盘
2581,10:13:41,14.39,--,1,1439,买盘
2582,10:13:38,14.39,--,52,74828,买盘
2583,10:13:32,14.39,0.01,97,139583,买盘
2584,10:13:29,14.38,--,1,1438,买盘
2585,10:13:26,14.38,--,103,148114,买盘
2586,10:13:23,14.38,--,215,309170,卖盘
2587,10:13:20,14.38,-0.01,4,5752,卖盘
2588,10:13:17,14.39,--,5,7195,买盘
2589,10:13:11,14.39,0.01,1,1439,买盘
2590,10:13:05,14.38,--,15,21570,卖盘
2591,10:13:02,14.38,-0.01,12,17256,中性盘
2592,10:12:59,14.39,0.01,77,110803,买盘
2593,10:12:56,14.38,0.01,12,17256,买盘
2594,10:12:53,14.37,-0.01,6,8622,卖盘
2595,10:12:44,14.38,0.01,1,1438,买盘
2596,10:12:41,14.37,-0.01,127,182499,卖盘
2597,10:12:38,14.38,0.01,23,33074,买盘
2598,10:12:35,14.37,--,25,35925,卖盘
2599,10:12:23,14.37,-0.01,22,32763,卖盘
2600,10:12:20,14.38,0.01,51,73338,买盘
2601,10:12:17,14.37,-0.02,10,14370,卖盘
2602,10:12:14,14.39,0.02,104,149656,买盘
2603,10:12:11,14.37,--,63,90531,卖盘
2604,10:12:08,14.37,-0.01,36,51732,卖盘
2605,10:12:02,14.38,0.02,1,1438,买盘
2606,10:11:56,14.36,-0.01,128,183808,卖盘
2607,10:11:53,14.37,--,6,8622,卖盘
2608,10:11:47,14.37,--,130,186810,卖盘
2609,10:11:44,14.37,-0.01,6,8622,卖盘
2610,10:11:41,14.38,0.01,132,189816,买盘
2611,10:11:32,14.37,0.01,23,33051,卖盘
2612,10:11:26,14.36,--,111,159396,买盘
2613,10:11:23,14.36,--,254,364744,卖盘
2614,10:11:20,14.36,-0.01,47,67492,卖盘
2615,10:11:17,14.37,--,8,11496,买盘
2616,10:11:11,14.37,0.01,1,1437,买盘
2617,10:11:02,14.36,-0.02,161,231196,卖盘
2618,10:10:50,14.38,0.02,19,27322,买盘
2619,10:10:47,14.36,-0.01,30,43080,卖盘
2620,10:10:44,14.37,--,1,1437,买盘
2621,10:10:41,14.37,--,15,21555,卖盘
2622,10:10:38,14.37,-0.01,10,14370,卖盘
2623,10:10:35,14.38,0.01,1,1438,买盘
2624,10:10:32,14.37,-0.01,3,4311,卖盘
2625,10:10:26,14.38,0.02,102,146676,买盘
2626,10:10:23,14.36,-0.01,56,80416,卖盘
2627,10:10:20,14.37,--,85,122145,买盘
2628,10:10:17,14.37,--,4,5748,买盘
2629,10:10:14,14.37,--,8,11496,买盘
2630,10:10:11,14.37,--,37,53169,卖盘
2631,10:10:08,14.37,--,7,10059,卖盘
2632,10:10:05,14.37,--,1,1437,卖盘
2633,10:10:02,14.37,--,15,21555,卖盘
2634,10:09:59,14.37,--,10,14370,卖盘
2635,10:09:53,14.37,-0.01,24,34488,卖盘
2636,10:09:50,14.38,0.01,1,1438,买盘
2637,10:09:44,14.37,--,10,14370,卖盘
2638,10:09:41,14.37,--,20,28740,卖盘
2639,10:09:38,14.37,-0.01,17,24429,卖盘
2640,10:09:35,14.38,--,4,5752,买盘
2641,10:09:32,14.38,0.01,1,1438,买盘
2642,10:09:29,14.37,--,108,155196,卖盘
2643,10:09:26,14.37,-0.01,48,68976,卖盘
2644,10:09:23,14.38,0.01,70,100660,买盘
2645,10:09:17,14.37,-0.01,35,50295,卖盘
2646,10:09:14,14.38,--,163,234394,卖盘
2647,10:09:08,14.38,--,41,58958,卖盘
2648,10:09:05,14.38,--,35,50330,卖盘
2649,10:09:02,14.38,-0.02,11,15818,卖盘
2650,10:08:59,14.4,0.02,8,11520,买盘
2651,10:08:53,14.38,-0.02,14,20132,卖盘
2652,10:08:47,14.4,0.01,37,53280,买盘
2653,10:08:44,14.39,--,1,1439,买盘
2654,10:08:41,14.39,0.01,103,148217,买盘
2655,10:08:38,14.38,--,51,73338,买盘
2656,10:08:35,14.38,--,1,1438,买盘
2657,10:08:32,14.38,-0.01,63,90594,卖盘
2658,10:08:29,14.39,--,134,192826,买盘
2659,10:08:26,14.39,--,14,20146,买盘
2660,10:08:17,14.39,--,26,37414,买盘
2661,10:08:14,14.39,--,10,14390,买盘
2662,10:08:05,14.39,0.01,7,10073,买盘
2663,10:08:05,14.38,--,131,188378,卖盘
2664,10:07:59,14.38,--,53,76214,卖盘
2665,10:07:56,14.38,--,85,122230,卖盘
2666,10:07:53,14.38,-0.01,19,27322,卖盘
2667,10:07:50,14.39,0.01,1,1439,买盘
2668,10:07:38,14.38,--,15,21570,卖盘
2669,10:07:29,14.38,-0.01,24,34512,卖盘
2670,10:07:20,14.39,--,1,1439,买盘
2671,10:07:14,14.39,--,50,71950,买盘
2672,10:07:11,14.39,0.01,1,1439,买盘
2673,10:06:59,14.38,-0.01,9,12942,卖盘
2674,10:06:56,14.39,0.01,107,153973,买盘
2675,10:06:50,14.38,-0.01,49,70462,卖盘
2676,10:06:47,14.39,0.01,7,10073,买盘
2677,10:06:44,14.38,-0.01,30,43140,卖盘
2678,10:06:38,14.39,--,13,18707,买盘
2679,10:06:35,14.39,--,1,1439,买盘
2680,10:06:29,14.39,0.02,1,1439,买盘
2681,10:06:23,14.37,-0.02,274,393738,卖盘
2682,10:06:14,14.39,--,5,7195,买盘
2683,10:06:11,14.39,--,77,110803,买盘
2684,10:06:05,14.39,-0.01,3,4317,卖盘
2685,10:06:02,14.4,--,1,1440,买盘
2686,10:05:56,14.4,0.02,20,28800,买盘
2687,10:05:47,14.38,--,5,7190,卖盘
2688,10:05:44,14.38,--,5,7190,卖盘
2689,10:05:41,14.38,--,105,150990,卖盘
2690,10:05:35,14.38,-0.01,4,5752,卖盘
2691,10:05:32,14.39,0.01,4,5756,买盘
2692,10:05:29,14.38,--,4,5752,卖盘
2693,10:05:23,14.38,-0.02,6,8628,卖盘
2694,10:05:20,14.4,--,1,1440,买盘
2695,10:05:17,14.4,0.01,47,67680,买盘
2696,10:05:14,14.39,--,11,15829,买盘
2697,10:05:11,14.39,0.01,152,218728,买盘
2698,10:05:05,14.38,-0.01,70,100660,卖盘
2699,10:05:02,14.39,0.01,7,10073,买盘
2700,10:04:59,14.38,--,7,10066,卖盘
2701,10:04:56,14.38,-0.01,20,28760,卖盘
2702,10:04:53,14.39,--,15,21585,买盘
2703,10:04:44,14.39,--,6,8634,买盘
2704,10:04:41,14.39,0.01,2,2878,买盘
2705,10:04:38,14.38,-0.02,30,43140,卖盘
2706,10:04:35,14.4,0.01,18,25920,买盘
2707,10:04:32,14.39,-0.01,3,4317,中性盘
2708,10:04:29,14.4,0.02,96,138240,买盘
2709,10:04:23,14.38,-0.02,2,2876,卖盘
2710,10:04:17,14.4,--,3,4320,买盘
2711,10:04:11,14.4,--,1,1440,买盘
2712,10:04:08,14.4,--,22,31680,买盘
2713,10:04:05,14.4,-0.01,174,250560,卖盘
2714,10:04:02,14.41,0.01,21,30261,买盘
2715,10:03:59,14.4,--,244,351360,卖盘
2716,10:03:56,14.4,--,20,28800,卖盘
2717,10:03:53,14.4,-0.01,43,61920,卖盘
2718,10:03:50,14.41,0.01,4,5764,买盘
2719,10:03:47,14.4,-0.01,7,10080,卖盘
2720,10:03:44,14.41,0.01,8,11528,买盘
2721,10:03:41,14.4,0.02,211,303840,买盘
2722,10:03:35,14.38,-0.01,76,109288,卖盘
2723,10:03:32,14.39,--,60,86340,卖盘
2724,10:03:26,14.39,--,112,161168,卖盘
2725,10:03:23,14.39,--,14,20146,卖盘
2726,10:03:20,14.39,--,64,92096,卖盘
2727,10:03:14,14.39,-0.01,21,30219,中性盘
2728,10:03:11,14.4,0.02,30,43200,买盘
2729,10:03:08,14.38,-0.01,63,90594,卖盘
2730,10:03:02,14.39,--,20,28780,买盘
2731,10:02:59,14.39,0.01,14,20146,买盘
2732,10:02:56,14.38,-0.01,27,38826,卖盘
2733,10:02:53,14.39,--,37,53243,买盘
2734,10:02:50,14.39,--,1,1439,买盘
2735,10:02:47,14.39,--,103,148317,卖盘
2736,10:02:44,14.39,--,39,56121,卖盘
2737,10:02:41,14.39,--,14,20146,卖盘
2738,10:02:38,14.39,-0.01,179,258991,卖盘
2739,10:02:35,14.4,--,5,7200,买盘
2740,10:02:32,14.4,--,12,17280,买盘
2741,10:02:23,14.4,--,53,76320,买盘
2742,10:02:20,14.4,0.01,1,1440,买盘
2743,10:02:17,14.39,--,24,34536,卖盘
2744,10:02:14,14.39,-0.02,7,10073,卖盘
2745,10:02:11,14.41,0.02,12,17292,买盘
2746,10:02:08,14.39,-0.01,161,231679,卖盘
2747,10:02:02,14.4,--,44,63360,卖盘
2748,10:01:59,14.4,-0.01,30,43200,卖盘
2749,10:01:56,14.41,0.01,2,2882,买盘
2750,10:01:50,14.4,-0.01,6,8640,卖盘
2751,10:01:47,14.41,--,6,8646,买盘
2752,10:01:44,14.41,--,8,11528,买盘
2753,10:01:41,14.41,-0.01,181,260821,卖盘
2754,10:01:35,14.42,--,17,24514,买盘
2755,10:01:32,14.42,--,1,1442,买盘
2756,10:01:23,14.42,0.01,17,24514,买盘
2757,10:01:17,14.41,0.01,33,47553,买盘
2758,10:01:14,14.4,-0.02,47,67680,卖盘
2759,10:01:08,14.42,0.02,28,40376,买盘
2760,10:01:05,14.4,--,35,50400,卖盘
2761,10:01:02,14.4,--,26,37440,买盘
2762,10:00:59,14.4,--,28,40320,卖盘
2763,10:00:56,14.4,-0.02,1,1440,卖盘
2764,10:00:53,14.42,0.02,13,18746,买盘
2765,10:00:50,14.4,0.01,21,30240,卖盘
2766,10:00:47,14.39,-0.03,128,184192,卖盘
2767,10:00:44,14.42,--,10,14420,买盘
2768,10:00:41,14.42,0.02,22,31724,买盘
2769,10:00:38,14.4,--,2,2880,卖盘
2770,10:00:35,14.4,-0.02,22,31680,卖盘
2771,10:00:29,14.42,--,11,15862,买盘
2772,10:00:26,14.42,0.02,121,175851,买盘
2773,10:00:23,14.4,--,21,30312,卖盘
2774,10:00:17,14.4,0.01,62,90648,买盘
2775,10:00:14,14.39,-0.01,40,57560,卖盘
2776,10:00:08,14.4,--,146,210240,买盘
2777,10:00:02,14.4,-0.02,289,416232,卖盘
2778,09:59:59,14.42,--,29,41818,买盘
2779,09:59:56,14.42,0.02,110,158620,买盘
2780,09:59:53,14.4,-0.02,2,2880,卖盘
2781,09:59:50,14.42,0.01,22,31724,买盘
2782,09:59:44,14.41,-0.01,8,11528,卖盘
2783,09:59:41,14.42,--,10,14420,买盘
2784,09:59:38,14.42,--,129,186018,买盘
2785,09:59:35,14.42,--,36,51912,买盘
2786,09:59:32,14.42,0.02,1,1442,买盘
2787,09:59:29,14.4,-0.02,130,187200,卖盘
2788,09:59:26,14.42,0.01,8,11536,买盘
2789,09:59:23,14.41,-0.01,7,10087,卖盘
2790,09:59:20,14.42,0.01,16,23072,买盘
2791,09:59:17,14.41,-0.01,7,10087,卖盘
