,time,price,change,volume,amount,type
0,15:00:21,23.8,--,1066,2537080,卖盘
1,14:57:38,23.8,--,0,0,买盘
2,14:56:59,23.8,0.01,49,116620,买盘
3,14:56:56,23.79,--,20,47580,买盘
4,14:56:53,23.79,--,2,4758,卖盘
5,14:56:50,23.79,--,19,45201,买盘
6,14:56:47,23.79,0.01,16,38064,买盘
7,14:56:44,23.78,-0.01,195,463710,卖盘
8,14:56:41,23.79,--,29,68991,卖盘
9,14:56:38,23.79,--,20,47580,卖盘
10,14:56:35,23.79,--,10,23790,卖盘
11,14:56:32,23.79,--,4,9516,卖盘
12,14:56:29,23.79,--,61,145119,卖盘
13,14:56:26,23.79,--,14,33306,卖盘
14,14:56:20,23.79,-0.01,84,199836,卖盘
15,14:56:17,23.8,--,6,14280,买盘
16,14:56:14,23.8,--,32,76160,买盘
17,14:56:11,23.8,0.01,84,199920,买盘
18,14:56:08,23.79,-0.01,2,4758,卖盘
19,14:56:02,23.8,--,31,73780,买盘
20,14:55:59,23.8,0.01,5,11900,买盘
21,14:55:53,23.79,--,121,287859,卖盘
22,14:55:50,23.79,--,108,256932,卖盘
23,14:55:41,23.79,--,5,11895,卖盘
24,14:55:35,23.79,--,8,19032,买盘
25,14:55:32,23.79,0.01,100,237900,买盘
26,14:55:29,23.78,-0.01,45,107010,卖盘
27,14:55:26,23.79,--,15,35685,买盘
28,14:55:14,23.79,--,10,23790,买盘
29,14:55:05,23.79,-0.01,21,49959,中性盘
30,14:55:02,23.8,--,19,45220,买盘
31,14:54:59,23.8,0.01,38,90440,买盘
32,14:54:56,23.79,-0.01,9,21411,卖盘
33,14:54:53,23.8,0.01,6,14280,买盘
34,14:54:50,23.79,-0.01,111,264069,卖盘
35,14:54:47,23.8,--,5,11900,买盘
36,14:54:44,23.8,--,22,52360,买盘
37,14:54:41,23.8,--,10,23800,买盘
38,14:54:35,23.8,0.01,2,4760,买盘
39,14:54:32,23.79,-0.01,40,95160,卖盘
40,14:54:29,23.8,-0.01,25,59500,卖盘
41,14:54:23,23.81,0.01,25,59525,买盘
42,14:54:17,23.8,--,6,14280,买盘
43,14:54:14,23.8,0.01,23,54740,买盘
44,14:54:05,23.79,-0.01,1,2379,卖盘
45,14:53:59,23.8,0.01,12,28560,买盘
46,14:53:56,23.79,--,20,47580,卖盘
47,14:53:50,23.79,0.01,10,23790,买盘
48,14:53:47,23.78,0.01,11,26158,中性盘
49,14:53:41,23.77,--,1,2377,卖盘
50,14:53:38,23.77,--,13,30901,买盘
51,14:53:32,23.77,--,37,87949,买盘
52,14:53:26,23.77,--,5,11885,卖盘
53,14:53:23,23.77,-0.02,89,211553,中性盘
54,14:53:17,23.79,0.02,172,409188,买盘
55,14:53:14,23.77,--,4,9508,卖盘
56,14:53:11,23.77,--,7,16639,卖盘
57,14:53:02,23.77,0.01,8,19016,中性盘
58,14:52:56,23.76,--,109,258984,卖盘
59,14:52:53,23.76,-0.01,20,47520,卖盘
60,14:52:50,23.77,-0.01,15,35655,卖盘
61,14:52:47,23.78,--,35,83230,买盘
62,14:52:41,23.78,0.02,8,19024,买盘
63,14:52:38,23.76,-0.02,7,16632,卖盘
64,14:52:35,23.78,--,30,71340,买盘
65,14:52:32,23.78,0.01,140,332920,买盘
66,14:52:29,23.77,--,25,59425,卖盘
67,14:52:26,23.77,0.01,5,11885,中性盘
68,14:52:23,23.76,-0.01,38,90288,卖盘
69,14:52:20,23.77,--,12,28524,卖盘
70,14:52:17,23.77,--,1,2377,卖盘
71,14:52:14,23.77,--,7,16639,买盘
72,14:52:11,23.77,--,7,16639,买盘
73,14:52:08,23.77,--,102,242454,买盘
74,14:52:05,23.77,--,9,21393,买盘
75,14:52:02,23.77,--,33,78441,卖盘
76,14:51:59,23.77,--,13,30901,卖盘
77,14:51:53,23.77,--,30,71357,买盘
78,14:51:50,23.77,--,12,28524,买盘
79,14:51:47,23.77,--,20,47540,买盘
80,14:51:44,23.77,--,17,42738,卖盘
81,14:51:41,23.77,--,28,66556,卖盘
82,14:51:38,23.77,--,14,33278,卖盘
83,14:51:35,23.77,--,48,114096,卖盘
84,14:51:32,23.77,-0.01,11,26147,卖盘
85,14:51:29,23.78,0.01,21,49938,买盘
86,14:51:26,23.77,--,24,57048,卖盘
87,14:51:23,23.77,-0.01,18,42786,卖盘
88,14:51:20,23.78,--,43,102301,买盘
89,14:51:17,23.78,--,2,4756,买盘
90,14:51:11,23.78,--,10,23780,买盘
91,14:51:05,23.78,-0.01,57,135546,卖盘
92,14:51:02,23.79,0.01,31,73749,买盘
93,14:50:59,23.78,--,4,9512,卖盘
94,14:50:56,23.78,--,3,7134,卖盘
95,14:50:53,23.78,--,16,38048,卖盘
96,14:50:50,23.78,-0.01,21,49938,卖盘
97,14:50:44,23.79,0.01,1,2379,买盘
98,14:50:41,23.78,--,20,47560,卖盘
99,14:50:38,23.78,-0.01,2,4756,卖盘
100,14:50:29,23.79,--,28,68943,卖盘
101,14:50:26,23.79,--,1,2379,卖盘
102,14:50:23,23.79,--,17,40443,卖盘
103,14:50:20,23.79,--,1,2379,卖盘
104,14:50:17,23.79,-0.01,94,223626,卖盘
105,14:50:11,23.8,0.01,117,278460,买盘
106,14:50:02,23.79,-0.01,31,73749,卖盘
107,14:49:56,23.8,--,3,7140,买盘
108,14:49:47,23.8,-0.02,35,83300,卖盘
109,14:49:38,23.82,0.02,11,26202,买盘
110,14:49:35,23.8,-0.01,127,302260,卖盘
111,14:49:32,23.81,0.01,1,2381,买盘
112,14:49:29,23.8,-0.01,4,9520,卖盘
113,14:49:26,23.81,0.01,1,2381,中性盘
114,14:49:23,23.8,--,10,23800,卖盘
115,14:49:20,23.8,--,77,183260,卖盘
116,14:49:14,23.8,--,146,347480,卖盘
117,14:49:08,23.8,--,10,23800,卖盘
118,14:48:56,23.8,-0.04,200,476000,卖盘
119,14:48:53,23.84,0.01,30,71520,买盘
120,14:48:50,23.83,0.02,13,30978,中性盘
121,14:48:47,23.81,-0.02,158,376198,卖盘
122,14:48:38,23.83,--,5,11915,卖盘
123,14:48:29,23.83,--,2,4766,卖盘
124,14:48:26,23.83,-0.01,24,57191,卖盘
125,14:48:23,23.84,--,9,21456,买盘
126,14:48:20,23.84,0.02,2,4768,中性盘
127,14:48:14,23.82,--,27,64314,卖盘
128,14:48:11,23.82,-0.02,317,755094,卖盘
129,14:48:08,23.84,--,9,21456,买盘
130,14:48:05,23.84,0.01,10,23840,买盘
131,14:48:02,23.83,-0.01,34,81022,卖盘
132,14:47:59,23.84,--,48,114432,买盘
133,14:47:56,23.84,0.01,2,4768,买盘
134,14:47:53,23.83,-0.02,37,88171,卖盘
135,14:47:50,23.85,0.01,20,47700,买盘
136,14:47:47,23.84,--,10,23840,卖盘
137,14:47:44,23.84,--,3,7152,卖盘
138,14:47:38,23.84,--,100,238400,卖盘
139,14:47:32,23.84,--,1,2384,卖盘
140,14:47:29,23.84,-0.01,27,64368,卖盘
141,14:47:26,23.85,0.01,11,26235,买盘
142,14:47:17,23.84,--,2,4768,卖盘
143,14:47:14,23.84,--,3,7152,卖盘
144,14:47:05,23.84,--,25,59600,卖盘
145,14:46:56,23.84,--,89,212176,买盘
146,14:46:53,23.84,--,1,2384,买盘
147,14:46:44,23.84,--,22,52448,卖盘
148,14:46:38,23.84,--,10,23840,卖盘
149,14:46:32,23.84,--,43,102512,卖盘
150,14:46:29,23.84,0.01,16,38144,买盘
151,14:46:23,23.83,-0.01,20,47660,卖盘
152,14:46:20,23.84,--,42,100128,卖盘
153,14:46:14,23.84,--,50,119200,卖盘
154,14:46:08,23.84,--,28,66752,买盘
155,14:46:05,23.84,--,31,73904,卖盘
156,14:46:02,23.84,--,3,7152,卖盘
157,14:45:59,23.84,--,4,9536,卖盘
158,14:45:56,23.84,--,1,2384,卖盘
159,14:45:53,23.84,0.01,4,9536,中性盘
160,14:45:47,23.83,--,20,47660,卖盘
161,14:45:38,23.83,--,1,2383,卖盘
162,14:45:35,23.83,-0.02,53,126298,卖盘
163,14:45:32,23.85,0.02,10,23850,买盘
164,14:45:26,23.83,-0.01,240,571920,卖盘
165,14:45:23,23.84,-0.01,5,11920,卖盘
166,14:45:20,23.85,--,1,2385,买盘
167,14:45:17,23.85,--,20,47700,买盘
168,14:45:14,23.85,0.01,18,42930,买盘
169,14:45:05,23.84,-0.01,16,38144,卖盘
170,14:44:59,23.85,0.01,28,66780,买盘
171,14:44:56,23.84,--,13,30992,买盘
172,14:44:50,23.84,0.01,2,4768,中性盘
173,14:44:47,23.83,-0.01,4,9532,卖盘
174,14:44:44,23.84,0.01,46,109664,买盘
175,14:44:41,23.83,-0.01,5,11915,卖盘
176,14:44:38,23.84,--,24,57216,买盘
177,14:44:35,23.84,--,21,50064,中性盘
178,14:44:26,23.84,--,64,152576,卖盘
179,14:44:17,23.84,--,3,7152,卖盘
180,14:44:08,23.84,-0.01,15,35760,卖盘
181,14:43:59,23.85,0.01,45,107325,买盘
182,14:43:50,23.84,-0.01,9,21456,卖盘
183,14:43:44,23.85,--,5,11925,买盘
184,14:43:41,23.85,--,1,2385,买盘
185,14:43:38,23.85,--,1,2385,买盘
186,14:43:35,23.85,0.02,20,47700,买盘
187,14:43:29,23.83,-0.02,20,47660,卖盘
188,14:43:26,23.85,0.01,20,47700,买盘
189,14:43:23,23.84,-0.01,7,16688,卖盘
190,14:43:20,23.85,--,13,31005,买盘
191,14:43:11,23.85,--,52,124020,买盘
192,14:43:08,23.85,0.02,60,143100,买盘
193,14:43:05,23.83,-0.02,5,11915,卖盘
194,14:42:59,23.85,0.01,41,97785,买盘
195,14:42:47,23.84,0.01,5,11920,买盘
196,14:42:44,23.83,-0.02,108,259508,卖盘
197,14:42:41,23.85,0.01,6,14310,买盘
198,14:42:38,23.84,-0.01,3,7152,卖盘
199,14:42:35,23.85,0.01,7,16695,买盘
200,14:42:32,23.84,-0.01,2,4768,卖盘
201,14:42:26,23.85,--,4,9540,买盘
202,14:42:23,23.85,0.01,1,2385,买盘
203,14:42:20,23.84,--,76,181184,卖盘
204,14:42:17,23.84,-0.01,32,76288,卖盘
205,14:42:11,23.85,--,20,47700,买盘
206,14:41:59,23.85,--,20,47700,买盘
207,14:41:53,23.85,--,23,54855,买盘
208,14:41:50,23.85,-0.01,15,35775,卖盘
209,14:41:47,23.86,0.01,20,47720,买盘
210,14:41:38,23.85,--,29,69165,卖盘
211,14:41:35,23.85,-0.01,10,23850,卖盘
212,14:41:32,23.86,0.01,3,7158,买盘
213,14:41:29,23.85,--,13,31005,卖盘
214,14:41:26,23.85,--,10,23850,卖盘
215,14:41:14,23.85,--,40,95400,买盘
216,14:41:08,23.85,--,25,59625,买盘
217,14:41:02,23.85,--,7,16695,买盘
218,14:40:50,23.85,--,8,19080,买盘
219,14:40:44,23.85,--,5,11925,买盘
220,14:40:41,23.85,0.01,1,2385,买盘
221,14:40:38,23.84,--,0,238,买盘
222,14:40:32,23.84,-0.01,2,6913,卖盘
223,14:40:29,23.85,--,5,11925,买盘
224,14:40:26,23.85,--,65,155263,买盘
225,14:40:23,23.85,0.01,10,23850,买盘
226,14:40:20,23.84,-0.01,43,102512,卖盘
227,14:40:17,23.85,--,23,54855,买盘
228,14:40:11,23.85,--,41,97785,买盘
229,14:40:08,23.85,-0.01,127,302895,卖盘
230,14:40:02,23.86,0.01,1,2386,买盘
231,14:39:59,23.85,--,18,42930,买盘
232,14:39:56,23.85,--,3,7155,买盘
233,14:39:50,23.85,--,11,26235,买盘
234,14:39:41,23.85,-0.01,1,2385,卖盘
235,14:39:38,23.86,--,20,47720,买盘
236,14:39:35,23.86,0.01,10,23860,买盘
237,14:39:32,23.85,--,5,11925,卖盘
238,14:39:26,23.85,--,10,23850,卖盘
239,14:39:17,23.85,0.01,79,188415,买盘
240,14:39:14,23.84,--,10,23840,买盘
241,14:39:11,23.84,--,6,14304,买盘
242,14:39:08,23.84,-0.01,6,14304,卖盘
243,14:39:05,23.85,0.02,27,64395,买盘
244,14:38:59,23.83,-0.01,53,126298,卖盘
245,14:38:56,23.84,-0.01,61,145424,卖盘
246,14:38:53,23.85,0.01,82,195570,买盘
247,14:38:47,23.84,--,33,78672,中性盘
248,14:38:44,23.84,--,10,23840,卖盘
249,14:38:41,23.84,0.01,11,26224,买盘
250,14:38:32,23.83,--,43,102468,买盘
251,14:38:29,23.83,0.01,36,85788,买盘
252,14:38:23,23.82,--,7,16674,卖盘
253,14:38:14,23.82,--,104,249514,买盘
254,14:38:11,23.82,0.01,5,11910,买盘
255,14:38:04,23.81,-0.01,79,188099,卖盘
256,14:38:01,23.82,--,42,100044,买盘
257,14:37:58,23.82,0.01,2,4764,买盘
258,14:37:55,23.81,-0.01,18,42858,卖盘
259,14:37:49,23.82,--,16,38707,卖盘
260,14:37:46,23.82,--,5,11910,卖盘
261,14:37:43,23.82,--,13,30966,卖盘
262,14:37:37,23.82,--,56,133392,卖盘
263,14:37:34,23.82,0.01,27,66100,买盘
264,14:37:31,23.81,--,2,4762,买盘
265,14:37:28,23.81,--,3,7143,卖盘
266,14:37:22,23.81,--,2,4762,卖盘
267,14:37:16,23.81,0.01,2,4762,中性盘
268,14:37:07,23.8,--,18,42840,卖盘
269,14:37:04,23.8,--,188,447440,卖盘
270,14:37:01,23.8,-0.01,54,128520,卖盘
271,14:36:58,23.81,--,10,23810,买盘
272,14:36:55,23.81,--,5,11905,买盘
273,14:36:52,23.81,--,38,90478,卖盘
274,14:36:49,23.81,--,3,7143,卖盘
275,14:36:46,23.81,-0.01,13,30953,卖盘
276,14:36:40,23.82,-0.02,21,50617,卖盘
277,14:36:31,23.84,--,2,4768,买盘
278,14:36:28,23.84,-0.01,33,78672,卖盘
279,14:36:22,23.85,--,42,100170,卖盘
280,14:36:19,23.85,--,48,114480,卖盘
281,14:36:16,23.85,--,34,81090,卖盘
282,14:36:10,23.85,--,8,19080,卖盘
283,14:36:07,23.85,--,9,21465,卖盘
284,14:36:01,23.85,--,57,135945,卖盘
285,14:35:58,23.85,--,12,28620,卖盘
286,14:35:55,23.85,-0.01,59,140715,卖盘
287,14:35:46,23.86,0.01,3,7158,买盘
288,14:35:43,23.85,-0.01,25,59625,卖盘
289,14:35:40,23.86,--,125,298250,卖盘
290,14:35:34,23.86,--,40,95440,卖盘
291,14:35:31,23.86,--,26,62036,买盘
292,14:35:28,23.86,-0.01,31,73966,卖盘
293,14:35:25,23.87,0.01,5,11935,买盘
294,14:35:22,23.86,-0.01,52,124072,卖盘
295,14:35:16,23.87,--,69,164703,买盘
296,14:35:13,23.87,0.01,20,47740,买盘
297,14:35:10,23.86,-0.02,161,384146,卖盘
298,14:35:04,23.88,--,16,38208,买盘
299,14:34:55,23.88,--,4,9552,买盘
300,14:34:49,23.88,--,12,28656,买盘
301,14:34:40,23.88,-0.01,45,107460,卖盘
302,14:34:37,23.89,0.01,94,224566,买盘
303,14:34:34,23.88,-0.01,1,2388,卖盘
304,14:34:31,23.89,--,47,112283,买盘
305,14:34:28,23.89,0.01,10,23890,买盘
306,14:34:25,23.88,-0.01,3,7164,卖盘
307,14:34:19,23.89,--,33,78837,买盘
308,14:34:16,23.89,--,7,16723,买盘
309,14:34:10,23.89,--,1,2389,买盘
310,14:34:04,23.89,-0.01,8,21262,卖盘
311,14:34:01,23.9,0.01,12,28680,买盘
312,14:33:58,23.89,-0.01,51,121839,卖盘
313,14:33:52,23.9,--,6,14340,买盘
314,14:33:46,23.9,0.01,69,164910,中性盘
315,14:33:28,23.89,-0.01,15,35835,卖盘
316,14:33:16,23.9,--,11,26290,卖盘
317,14:33:13,23.9,0.01,9,21510,买盘
318,14:33:04,23.89,--,3,7167,卖盘
319,14:32:58,23.89,--,12,28668,卖盘
320,14:32:55,23.89,--,10,23890,卖盘
321,14:32:49,23.89,--,19,45391,卖盘
322,14:32:37,23.89,--,62,148356,卖盘
323,14:32:31,23.89,-0.01,18,43002,卖盘
324,14:32:28,23.9,0.02,8,19120,买盘
325,14:32:22,23.88,-0.02,3,7164,卖盘
326,14:32:16,23.9,0.02,6,14340,买盘
327,14:32:10,23.88,-0.01,44,105072,卖盘
328,14:32:07,23.89,--,0,2150,卖盘
329,14:32:04,23.89,--,61,145967,买盘
330,14:32:01,23.89,-0.01,42,102488,卖盘
331,14:31:55,23.9,0.01,34,81499,买盘
332,14:31:52,23.89,-0.01,16,38224,卖盘
333,14:31:43,23.9,--,12,28680,买盘
334,14:31:40,23.9,--,143,343921,卖盘
335,14:31:37,23.9,--,50,119500,卖盘
336,14:31:34,23.9,--,34,81260,卖盘
337,14:31:28,23.9,--,46,109940,卖盘
338,14:31:22,23.9,--,6,14340,卖盘
339,14:31:19,23.9,-0.01,15,35850,卖盘
340,14:31:16,23.91,0.01,14,33474,买盘
341,14:31:10,23.9,-0.01,60,143400,卖盘
342,14:31:07,23.91,0.01,9,21519,买盘
343,14:31:01,23.9,-0.02,47,112330,卖盘
344,14:30:58,23.92,0.01,28,66976,买盘
345,14:30:55,23.91,--,13,31083,卖盘
346,14:30:52,23.91,--,8,19128,卖盘
347,14:30:43,23.91,--,5,11955,卖盘
348,14:30:40,23.91,--,2,4782,卖盘
349,14:30:37,23.91,-0.01,25,59775,卖盘
350,14:30:34,23.92,0.01,72,172224,买盘
351,14:30:31,23.91,-0.01,21,50211,卖盘
352,14:30:28,23.92,0.01,1,2392,买盘
353,14:30:19,23.91,--,2,4782,卖盘
354,14:30:16,23.91,-0.01,30,71730,卖盘
355,14:30:13,23.92,0.01,5,11960,买盘
356,14:30:10,23.91,--,9,21519,卖盘
357,14:30:01,23.91,0.01,8,19128,卖盘
358,14:29:58,23.9,-0.02,4,9560,卖盘
359,14:29:49,23.92,0.02,2,4784,买盘
360,14:29:46,23.9,-0.01,3,7170,卖盘
361,14:29:43,23.91,0.01,1,2391,中性盘
362,14:29:40,23.9,-0.02,19,45410,卖盘
363,14:29:37,23.92,0.01,82,196383,买盘
364,14:29:28,23.91,-0.01,50,119550,买盘
365,14:29:22,23.92,0.01,51,121992,买盘
366,14:29:19,23.91,--,19,45429,卖盘
367,14:29:07,23.91,-0.01,5,11955,卖盘
368,14:29:04,23.92,0.01,44,105248,买盘
369,14:29:01,23.91,--,50,119550,卖盘
370,14:28:58,23.91,-0.01,5,11955,卖盘
371,14:28:46,23.92,--,6,14352,买盘
372,14:28:43,23.92,-0.01,72,172224,卖盘
373,14:28:40,23.93,--,2,4786,买盘
374,14:28:37,23.93,0.01,1,2393,买盘
375,14:28:34,23.92,-0.01,2,4784,卖盘
376,14:28:28,23.93,--,50,119650,买盘
377,14:28:16,23.93,--,34,81362,卖盘
378,14:28:07,23.93,--,8,19144,卖盘
379,14:28:01,23.93,--,16,38288,卖盘
380,14:27:58,23.93,--,19,45467,卖盘
381,14:27:43,23.93,-0.02,11,26323,卖盘
382,14:27:37,23.95,--,60,144107,卖盘
383,14:27:28,23.95,--,7,16765,卖盘
384,14:27:25,23.95,-0.01,10,23950,卖盘
385,14:27:13,23.96,-0.01,28,67088,卖盘
386,14:27:07,23.97,--,141,337977,买盘
387,14:27:04,23.97,--,2,4794,卖盘
388,14:26:55,23.97,--,25,59925,卖盘
389,14:26:49,23.97,--,52,124644,卖盘
390,14:26:46,23.97,--,5,11985,卖盘
391,14:26:43,23.97,--,2,4794,卖盘
392,14:26:40,23.97,--,3,7191,卖盘
393,14:26:37,23.97,--,6,14382,卖盘
394,14:26:31,23.97,--,9,21573,卖盘
395,14:26:28,23.97,--,1,2397,卖盘
396,14:26:25,23.97,--,80,191760,买盘
397,14:26:13,23.97,0.01,6,14382,买盘
398,14:26:10,23.96,--,5,11980,卖盘
399,14:26:04,23.96,-0.01,5,11980,卖盘
400,14:26:01,23.97,--,6,14382,买盘
401,14:25:58,23.97,--,5,11985,买盘
402,14:25:55,23.97,--,4,9588,卖盘
403,14:25:49,23.97,--,2,4794,卖盘
404,14:25:43,23.97,--,2,4794,卖盘
405,14:25:40,23.97,-0.01,2,4794,卖盘
406,14:25:37,23.98,--,17,40766,买盘
407,14:25:31,23.98,0.02,14,33572,买盘
408,14:25:19,23.96,--,10,23960,卖盘
409,14:25:13,23.96,--,5,11980,卖盘
410,14:25:04,23.96,-0.01,12,28752,卖盘
411,14:25:01,23.97,0.01,2,4794,买盘
412,14:24:46,23.96,--,1,2396,中性盘
413,14:24:37,23.96,--,25,59900,中性盘
414,14:24:28,23.96,--,5,11980,卖盘
415,14:24:25,23.96,0.01,5,11980,买盘
416,14:24:19,23.95,-0.01,10,23950,卖盘
417,14:24:13,23.96,0.01,56,136164,买盘
418,14:23:58,23.95,0.01,219,524505,买盘
419,14:23:55,23.94,-0.01,31,74214,卖盘
420,14:23:46,23.95,--,21,50295,买盘
421,14:23:43,23.95,0.01,13,31135,买盘
422,14:23:40,23.94,-0.01,80,191520,卖盘
423,14:23:31,23.95,--,30,71850,买盘
424,14:23:28,23.95,0.01,28,67060,买盘
425,14:23:25,23.94,--,19,45486,卖盘
426,14:23:19,23.94,--,19,45486,卖盘
427,14:23:13,23.94,--,14,33516,卖盘
428,14:23:10,23.94,-0.01,5,11970,卖盘
429,14:23:07,23.95,--,11,26345,买盘
430,14:23:04,23.95,0.01,10,23950,买盘
431,14:23:01,23.94,-0.01,43,102942,卖盘
432,14:22:55,23.95,0.01,120,287400,买盘
433,14:22:52,23.94,-0.01,1,2394,卖盘
434,14:22:49,23.95,--,15,35925,买盘
435,14:22:46,23.95,--,42,100590,买盘
436,14:22:43,23.95,0.01,5,11975,买盘
437,14:22:37,23.94,-0.01,5,11970,卖盘
438,14:22:34,23.95,--,22,52690,买盘
439,14:22:19,23.95,0.01,24,57480,买盘
440,14:22:16,23.94,-0.01,5,11970,卖盘
441,14:22:13,23.95,0.01,20,47900,买盘
442,14:22:10,23.94,--,1,2394,卖盘
443,14:22:04,23.94,-0.01,2,4788,卖盘
444,14:22:01,23.95,0.01,8,19160,买盘
445,14:21:55,23.94,--,5,11970,卖盘
446,14:21:49,23.94,--,54,129276,卖盘
447,14:21:46,23.94,--,12,28728,卖盘
448,14:21:43,23.94,--,26,62244,买盘
449,14:21:37,23.94,--,10,23940,买盘
450,14:21:31,23.94,-0.01,16,38304,卖盘
451,14:21:25,23.95,0.01,4,9580,买盘
452,14:21:16,23.94,--,8,19152,卖盘
453,14:21:13,23.94,--,2,4788,卖盘
454,14:21:10,23.94,--,5,11970,卖盘
455,14:20:49,23.94,-0.01,10,23940,卖盘
456,14:20:34,23.95,0.01,3,7185,买盘
457,14:20:28,23.94,--,3,7182,卖盘
458,14:20:22,23.94,-0.01,5,11970,卖盘
459,14:20:07,23.95,0.01,20,47900,买盘
460,14:20:04,23.94,-0.01,10,23940,卖盘
461,14:19:43,23.95,--,60,145496,卖盘
462,14:19:40,23.95,-0.03,2,4790,卖盘
463,14:19:37,23.98,0.03,2,4796,买盘
464,14:19:34,23.95,--,5,11975,卖盘
465,14:19:16,23.95,0.01,28,67658,买盘
466,14:19:13,23.94,-0.01,36,86184,卖盘
467,14:19:10,23.95,--,1,2395,买盘
468,14:19:07,23.95,--,3,7185,买盘
469,14:18:58,23.95,0.01,1,2395,买盘
470,14:18:49,23.94,--,40,95760,卖盘
471,14:18:40,23.94,--,60,143640,卖盘
472,14:18:34,23.94,-0.01,10,23940,卖盘
473,14:18:31,23.95,0.01,15,35925,买盘
474,14:18:28,23.94,--,6,14364,卖盘
475,14:18:22,23.94,-0.01,4,9576,卖盘
476,14:18:16,23.95,--,20,47900,买盘
477,14:18:13,23.95,0.01,9,21555,买盘
478,14:18:10,23.94,-0.01,3,7182,卖盘
479,14:18:06,23.95,--,14,33530,卖盘
480,14:18:03,23.95,--,11,26345,卖盘
481,14:17:51,23.95,--,2,4790,卖盘
482,14:17:45,23.95,0.01,15,35925,买盘
483,14:17:42,23.94,-0.01,15,35910,卖盘
484,14:17:33,23.95,-0.04,91,217945,卖盘
485,14:17:21,23.99,-0.01,2,4798,卖盘
486,14:17:18,24.0,--,7,16800,买盘
487,14:17:12,24.0,--,98,236208,卖盘
488,14:17:09,24.0,-0.01,18,43200,卖盘
489,14:17:03,24.01,0.01,9,21609,买盘
490,14:17:00,24.0,--,56,134400,卖盘
491,14:16:57,24.0,--,84,201600,卖盘
492,14:16:54,24.0,--,7,18000,卖盘
493,14:16:51,24.0,--,2,4800,卖盘
494,14:16:48,24.0,--,57,136800,卖盘
495,14:16:42,24.0,--,5,12000,卖盘
496,14:16:39,24.0,--,52,124800,卖盘
497,14:16:27,24.0,--,24,57600,卖盘
498,14:16:24,24.0,--,4,9600,卖盘
499,14:16:21,24.0,0.04,369,885792,买盘
500,14:16:12,23.96,-0.01,12,30956,卖盘
501,14:16:06,23.97,--,8,19367,买盘
502,14:16:03,23.97,--,30,71910,买盘
503,14:16:00,23.97,--,5,11985,买盘
504,14:15:51,23.97,--,12,30969,卖盘
505,14:15:48,23.97,--,24,57719,买盘
506,14:15:45,23.97,0.02,7,16779,买盘
507,14:15:42,23.95,--,5,11975,卖盘
508,14:15:33,23.95,-0.02,5,11975,卖盘
509,14:15:30,23.97,--,2,4794,买盘
510,14:15:24,23.97,0.02,5,11985,买盘
511,14:15:21,23.95,--,13,31135,买盘
512,14:15:15,23.95,0.01,1,2395,买盘
513,14:15:12,23.94,-0.01,11,26334,卖盘
514,14:15:00,23.95,--,56,134120,买盘
515,14:14:57,23.95,0.02,5,11975,买盘
516,14:14:54,23.93,-0.02,2,4786,卖盘
517,14:14:51,23.95,0.01,12,28740,买盘
518,14:14:48,23.94,--,5,11970,买盘
519,14:14:42,23.94,-0.01,5,11970,中性盘
520,14:14:33,23.95,--,4,9580,买盘
521,14:14:30,23.95,0.04,10,23950,买盘
522,14:14:24,23.91,-0.03,14,33474,卖盘
523,14:14:21,23.94,--,15,35910,卖盘
524,14:14:18,23.94,0.03,5,11970,中性盘
525,14:14:12,23.91,--,5,11955,卖盘
526,14:14:09,23.91,-0.03,38,90858,卖盘
527,14:14:06,23.94,0.03,4,9576,买盘
528,14:14:00,23.91,--,7,16737,卖盘
529,14:13:54,23.91,--,3,7173,卖盘
530,14:13:51,23.91,-0.03,40,95640,卖盘
531,14:13:48,23.94,-0.01,2,4788,买盘
532,14:13:42,23.95,0.05,2,4790,买盘
533,14:13:36,23.9,-0.05,135,322650,卖盘
534,14:13:30,23.95,--,20,47900,买盘
535,14:13:15,23.95,--,19,45505,卖盘
536,14:13:09,23.95,--,10,23950,卖盘
537,14:13:06,23.95,--,75,179625,卖盘
538,14:13:03,23.95,-0.01,5,11975,卖盘
539,14:13:00,23.96,0.01,10,23960,买盘
540,14:12:54,23.95,-0.01,11,26345,卖盘
541,14:12:51,23.96,--,2,4792,买盘
542,14:12:42,23.96,--,30,74084,卖盘
543,14:12:36,23.96,--,10,23960,卖盘
544,14:12:33,23.96,--,1,2396,卖盘
545,14:12:30,23.96,--,1,2396,卖盘
546,14:12:27,23.96,--,10,23960,卖盘
547,14:12:24,23.96,-0.01,30,71880,卖盘
548,14:12:21,23.97,0.01,60,143820,买盘
549,14:12:18,23.96,--,5,11980,卖盘
550,14:12:15,23.96,--,91,218036,卖盘
551,14:12:09,23.96,--,121,290107,卖盘
552,14:12:06,23.96,-0.01,4,9584,卖盘
553,14:12:03,23.97,--,2,4794,买盘
554,14:12:00,23.97,--,27,64719,卖盘
555,14:11:57,23.97,-0.01,5,11985,卖盘
556,14:11:51,23.98,0.01,7,16786,买盘
557,14:11:48,23.97,-0.01,35,83895,卖盘
558,14:11:39,23.98,--,45,107910,卖盘
559,14:11:36,23.98,-0.01,2,4796,卖盘
560,14:11:33,23.99,0.01,1,2399,买盘
561,14:11:30,23.98,--,17,40766,卖盘
562,14:11:27,23.98,-0.01,2,4796,卖盘
563,14:11:18,23.99,-0.01,46,110354,卖盘
564,14:11:15,24.0,--,1,2400,买盘
565,14:11:12,24.0,--,20,48000,买盘
566,14:11:00,24.0,--,10,24000,买盘
567,14:10:54,24.0,0.01,6,14400,买盘
568,14:10:51,23.99,-0.01,85,203915,卖盘
569,14:10:42,24.0,0.01,20,48000,买盘
570,14:10:36,23.99,--,1,2399,卖盘
571,14:10:33,23.99,-0.01,35,83965,卖盘
572,14:10:30,24.0,0.01,2,4800,买盘
573,14:10:27,23.99,0.01,1,2399,卖盘
574,14:10:24,23.98,--,169,405262,卖盘
575,14:10:21,23.98,--,1,2398,卖盘
576,14:10:15,23.98,-0.01,2,4796,卖盘
577,14:10:12,23.99,0.01,1,2399,买盘
578,14:10:06,23.98,--,144,345312,卖盘
579,14:09:51,23.98,0.02,10,23980,卖盘
580,14:09:45,23.96,-0.02,72,172512,卖盘
581,14:09:39,23.98,-0.02,2,4796,卖盘
582,14:09:33,24.0,0.03,5,12000,买盘
583,14:09:27,23.97,-0.02,53,127041,卖盘
584,14:09:24,23.99,--,2,4798,卖盘
585,14:09:21,23.99,0.03,165,395835,买盘
586,14:09:18,23.96,--,35,83860,卖盘
587,14:09:12,23.96,--,10,23960,卖盘
588,14:09:06,23.96,--,41,98236,卖盘
589,14:09:03,23.96,-0.02,17,40732,卖盘
590,14:09:00,23.98,0.02,8,19184,买盘
591,14:08:54,23.96,-0.02,3,7188,卖盘
592,14:08:45,23.98,--,11,26378,买盘
593,14:08:42,23.98,-0.01,7,16786,卖盘
594,14:08:24,23.99,--,1,2399,买盘
595,14:08:21,23.99,--,42,100758,卖盘
596,14:08:18,23.99,--,3,7196,卖盘
597,14:08:09,23.99,--,89,213511,卖盘
598,14:08:06,23.99,--,3,7196,卖盘
599,14:08:00,23.99,-0.01,6,14393,卖盘
600,14:07:57,24.0,0.01,10,24000,买盘
601,14:07:54,23.99,--,10,23990,卖盘
602,14:07:51,23.99,-0.01,3,7196,卖盘
603,14:07:48,24.0,0.01,3,7200,买盘
604,14:07:42,23.99,-0.01,2,4798,卖盘
605,14:07:36,24.0,0.01,8,19200,买盘
606,14:07:33,23.99,-0.01,4,9596,卖盘
607,14:07:24,24.0,--,153,367200,卖盘
608,14:07:21,24.0,--,66,158400,卖盘
609,14:07:18,24.0,--,24,57600,卖盘
610,14:07:15,24.0,--,5,12000,卖盘
611,14:07:12,24.0,--,21,50400,卖盘
612,14:07:09,24.0,--,5,12000,卖盘
613,14:07:06,24.0,-0.01,43,103200,卖盘
614,14:07:00,24.01,0.01,7,16807,买盘
615,14:06:54,24.0,-0.01,25,60000,卖盘
616,14:06:51,24.01,--,217,521017,卖盘
617,14:06:45,24.01,-0.01,200,480200,卖盘
618,14:06:33,24.02,-0.01,42,100884,卖盘
619,14:06:27,24.03,--,21,50463,买盘
620,14:06:24,24.03,--,200,480600,买盘
621,14:06:21,24.03,--,5,12015,买盘
622,14:06:15,24.03,0.01,192,461376,买盘
623,14:06:12,24.02,-0.01,7,16814,卖盘
624,14:06:09,24.03,0.01,104,249912,买盘
625,14:06:06,24.02,-0.01,15,36030,卖盘
626,14:06:03,24.03,--,70,168210,买盘
627,14:06:00,24.03,0.01,7,16821,买盘
628,14:05:57,24.02,-0.01,13,31226,卖盘
629,14:05:54,24.03,0.01,3,7209,买盘
630,14:05:48,24.02,--,24,57648,卖盘
631,14:05:42,24.02,--,43,103286,卖盘
632,14:05:39,24.02,--,36,86472,卖盘
633,14:05:30,24.02,--,6,14412,卖盘
634,14:05:27,24.02,0.01,63,151326,买盘
635,14:05:24,24.01,-0.01,2,4802,卖盘
636,14:05:18,24.02,0.01,13,31226,买盘
637,14:05:15,24.01,--,8,19208,卖盘
638,14:05:12,24.01,--,4,9604,卖盘
639,14:05:09,24.01,--,3,7203,卖盘
640,14:05:06,24.01,-0.01,3,7203,卖盘
641,14:05:03,24.02,0.01,19,45638,买盘
642,14:05:00,24.01,0.01,46,110446,买盘
643,14:04:57,24.0,--,46,110400,卖盘
644,14:04:54,24.0,-0.01,7,16800,卖盘
645,14:04:51,24.01,--,27,64827,买盘
646,14:04:48,24.01,--,2,4802,买盘
647,14:04:45,24.01,-0.01,57,136857,买盘
648,14:04:39,24.02,0.01,31,74462,买盘
649,14:04:36,24.01,-0.01,2,4802,卖盘
650,14:04:33,24.02,--,1,2402,买盘
651,14:04:30,24.02,--,35,84070,买盘
652,14:04:27,24.02,0.01,12,28824,买盘
653,14:04:24,24.01,-0.01,100,240100,卖盘
654,14:04:21,24.02,--,10,24020,买盘
655,14:04:18,24.02,--,20,48040,买盘
656,14:04:12,24.02,-0.02,19,45638,卖盘
657,14:04:03,24.04,0.01,15,36060,买盘
658,14:04:00,24.03,0.01,7,16821,中性盘
659,14:03:54,24.02,-0.03,36,86472,卖盘
660,14:03:51,24.05,0.02,54,129870,买盘
661,14:03:48,24.03,-0.01,117,281151,卖盘
662,14:03:45,24.04,--,164,394256,卖盘
663,14:03:42,24.04,--,71,170684,卖盘
664,14:03:36,24.04,--,11,26444,卖盘
665,14:03:33,24.04,--,30,72120,买盘
666,14:03:30,24.04,--,4,9616,卖盘
667,14:03:27,24.04,--,13,31252,卖盘
668,14:03:24,24.04,--,12,28848,卖盘
669,14:03:21,24.04,--,101,242804,卖盘
670,14:03:18,24.04,--,2,4808,卖盘
671,14:03:15,24.04,0.01,29,69716,买盘
672,14:03:12,24.03,--,49,117747,卖盘
673,14:03:09,24.03,-0.01,16,38448,中性盘
674,14:03:03,24.04,0.02,11,26444,买盘
675,14:03:00,24.02,-0.03,3,7206,卖盘
676,14:02:57,24.05,0.02,66,160413,买盘
677,14:02:48,24.03,-0.02,6,14418,卖盘
678,14:02:45,24.05,--,30,72150,买盘
679,14:02:42,24.05,0.01,18,43290,买盘
680,14:02:39,24.04,-0.01,3,7212,中性盘
681,14:02:36,24.05,--,161,387205,买盘
682,14:02:33,24.05,--,1,2405,买盘
683,14:02:30,24.05,--,17,40885,买盘
684,14:02:27,24.05,--,28,67340,买盘
685,14:02:21,24.05,--,5,14405,卖盘
686,14:02:18,24.05,--,66,158730,卖盘
687,14:02:15,24.05,0.02,130,312674,买盘
688,14:02:12,24.03,-0.02,105,252315,卖盘
689,14:02:09,24.05,0.01,18,43290,买盘
690,14:02:06,24.04,--,24,57696,卖盘
691,14:02:03,24.04,-0.01,13,31252,卖盘
692,14:02:00,24.05,0.01,18,43290,买盘
693,14:01:57,24.04,--,34,81736,卖盘
694,14:01:48,24.04,--,15,36060,卖盘
695,14:01:45,24.04,0.01,11,26444,买盘
696,14:01:42,24.03,-0.02,4,9612,卖盘
697,14:01:39,24.05,0.02,70,168350,买盘
698,14:01:30,24.03,-0.01,6,16796,卖盘
699,14:01:27,24.04,--,40,96160,卖盘
700,14:01:24,24.04,--,44,105800,买盘
701,14:01:18,24.04,0.01,35,84140,买盘
702,14:01:15,24.03,--,44,105732,卖盘
703,14:01:12,24.03,--,2,4806,卖盘
704,14:01:09,24.03,-0.01,95,228285,卖盘
705,14:01:03,24.04,0.01,1,2404,买盘
706,14:01:00,24.03,--,32,77616,买盘
707,14:00:57,24.03,--,11,26433,买盘
708,14:00:54,24.03,--,3,7209,买盘
709,14:00:51,24.03,-0.01,36,88190,卖盘
710,14:00:45,24.04,0.01,5,12020,买盘
711,14:00:42,24.03,-0.01,17,40851,卖盘
712,14:00:39,24.04,--,13,31252,买盘
713,14:00:36,24.04,--,31,74524,买盘
714,14:00:33,24.04,-0.01,116,278864,卖盘
715,14:00:30,24.05,0.02,288,693361,买盘
716,14:00:27,24.03,-0.01,109,261927,卖盘
717,14:00:24,24.04,-0.01,13,31252,卖盘
718,14:00:21,24.05,--,26,62530,买盘
719,14:00:18,24.05,--,33,79365,买盘
720,14:00:15,24.05,-0.02,70,168350,卖盘
721,14:00:09,24.07,--,18,43326,买盘
722,14:00:06,24.07,0.02,78,187746,买盘
723,14:00:03,24.05,0.01,45,108225,买盘
724,14:00:00,24.04,-0.02,100,240400,卖盘
725,13:59:57,24.06,-0.01,107,257442,买盘
726,13:59:54,24.07,--,106,255142,买盘
727,13:59:51,24.07,0.01,118,284026,买盘
728,13:59:48,24.06,-0.01,74,178044,卖盘
729,13:59:45,24.07,--,28,67396,买盘
730,13:59:39,24.07,0.03,30,72210,买盘
731,13:59:36,24.04,-0.01,5,12020,卖盘
732,13:59:33,24.05,-0.03,5,12025,中性盘
733,13:59:27,24.08,0.04,453,1090824,买盘
734,13:59:24,24.04,0.02,78,187512,买盘
735,13:59:21,24.02,--,37,88874,卖盘
736,13:59:14,24.02,-0.01,24,57648,卖盘
737,13:59:11,24.03,0.01,182,437346,买盘
738,13:59:08,24.02,0.02,1,2402,买盘
739,13:59:05,24.0,-0.02,190,456000,卖盘
740,13:59:02,24.02,0.01,176,422752,买盘
741,13:58:59,24.01,0.01,133,319333,买盘
742,13:58:56,24.0,0.01,691,1658400,买盘
743,13:58:47,23.99,--,184,441416,买盘
744,13:58:44,23.99,0.01,79,189521,买盘
745,13:58:41,23.98,0.02,210,503580,买盘
746,13:58:38,23.96,-0.02,150,359400,卖盘
747,13:58:35,23.98,0.02,95,227810,买盘
748,13:58:29,23.96,0.01,382,917140,买盘
749,13:58:26,23.95,0.01,818,1959110,买盘
750,13:58:23,23.94,-0.01,234,560196,卖盘
751,13:58:20,23.95,--,923,2210585,买盘
752,13:58:14,23.95,--,100,239500,买盘
753,13:58:11,23.95,0.01,201,481993,买盘
754,13:58:08,23.94,--,7,16758,买盘
755,13:57:53,23.94,0.04,1000,2394000,买盘
756,13:57:50,23.9,--,1,2390,卖盘
757,13:57:47,23.9,-0.01,3,7170,卖盘
758,13:57:44,23.91,0.01,8,19128,买盘
759,13:57:41,23.9,--,122,291580,买盘
760,13:57:38,23.9,0.01,28,66920,买盘
761,13:57:26,23.89,--,57,136173,买盘
762,13:57:23,23.89,--,10,23890,买盘
763,13:57:17,23.89,--,13,31057,买盘
764,13:57:05,23.89,--,26,62114,买盘
765,13:57:02,23.89,--,20,47780,买盘
766,13:56:59,23.89,--,8,19112,买盘
767,13:56:50,23.89,--,9,21501,买盘
768,13:56:41,23.89,-0.01,67,160063,卖盘
769,13:56:29,23.9,-0.01,2,4780,中性盘
770,13:56:23,23.91,0.01,47,112377,买盘
771,13:56:20,23.9,--,20,47800,买盘
772,13:56:11,23.9,0.01,25,59750,买盘
773,13:56:08,23.89,--,2,4778,卖盘
774,13:56:02,23.89,--,13,31057,买盘
775,13:55:59,23.89,0.01,2,4778,买盘
776,13:55:53,23.88,-0.01,1,2388,卖盘
777,13:55:50,23.89,0.01,2,4778,中性盘
778,13:55:38,23.88,-0.01,60,143280,卖盘
779,13:55:26,23.89,-0.01,90,215010,卖盘
780,13:55:23,23.9,-0.01,6,14340,卖盘
781,13:55:20,23.91,0.01,45,107595,买盘
782,13:55:14,23.9,--,11,26290,卖盘
783,13:55:05,23.9,--,10,23900,卖盘
784,13:54:56,23.9,--,3,7170,卖盘
785,13:54:41,23.9,0.01,68,162520,买盘
786,13:54:32,23.89,-0.01,14,33446,中性盘
787,13:54:08,23.9,0.01,26,62139,买盘
788,13:53:56,23.89,--,24,57336,卖盘
789,13:53:53,23.89,-0.01,3,7167,卖盘
790,13:53:38,23.9,0.01,45,107550,买盘
791,13:53:35,23.89,--,1,2389,卖盘
792,13:53:20,23.89,0.01,12,28668,买盘
793,13:53:11,23.88,--,3,7164,买盘
794,13:53:08,23.88,--,2,4776,买盘
795,13:53:05,23.88,--,7,16716,买盘
796,13:52:56,23.88,0.01,50,119400,买盘
797,13:52:47,23.87,--,10,23870,卖盘
798,13:52:41,23.87,--,13,31031,买盘
799,13:52:35,23.87,-0.01,16,38192,卖盘
800,13:52:20,23.88,0.01,10,23880,买盘
801,13:52:14,23.87,-0.01,35,83545,卖盘
802,13:52:08,23.88,0.01,2,4776,买盘
803,13:51:50,23.87,-0.01,3,7161,卖盘
804,13:51:47,23.88,--,111,265068,买盘
805,13:51:35,23.88,--,10,23880,买盘
806,13:51:20,23.88,--,24,57312,卖盘
807,13:51:17,23.88,0.01,6,14328,买盘
808,13:51:11,23.87,-0.01,25,59675,卖盘
809,13:51:05,23.88,0.01,3,7164,买盘
810,13:50:53,23.87,--,1,2387,卖盘
811,13:50:44,23.87,-0.01,10,23870,卖盘
812,13:50:32,23.88,-0.03,4,9552,中性盘
813,13:50:08,23.91,0.03,20,47820,买盘
814,13:49:59,23.88,-0.02,155,370140,卖盘
815,13:49:56,23.9,--,3,7170,卖盘
816,13:49:53,23.9,0.02,91,217490,买盘
817,13:49:35,23.88,-0.02,13,31044,卖盘
818,13:49:29,23.9,--,15,35850,买盘
819,13:49:17,23.9,--,1,2390,买盘
820,13:49:14,23.9,--,96,229440,卖盘
821,13:49:08,23.9,--,56,133840,卖盘
822,13:49:05,23.9,--,5,11950,卖盘
823,13:49:02,23.9,--,2,4780,卖盘
824,13:48:59,23.9,--,2,4780,卖盘
825,13:48:56,23.9,-0.01,2,4780,卖盘
826,13:48:50,23.91,0.01,38,90858,买盘
827,13:48:47,23.9,-0.01,7,16730,卖盘
828,13:48:44,23.91,0.01,12,28692,买盘
829,13:48:41,23.9,-0.01,24,57360,卖盘
830,13:48:23,23.91,-0.02,2,4782,卖盘
831,13:48:20,23.93,0.02,3,7179,买盘
832,13:48:14,23.91,--,20,47820,卖盘
833,13:48:11,23.91,--,2,4782,卖盘
834,13:48:05,23.91,-0.01,8,19128,卖盘
835,13:48:02,23.92,-0.01,5,11960,中性盘
836,13:47:59,23.93,--,44,105292,买盘
837,13:47:56,23.93,--,5,11965,买盘
838,13:47:50,23.93,0.01,11,26323,买盘
839,13:47:47,23.92,-0.01,12,28704,卖盘
840,13:47:41,23.93,0.01,154,368522,买盘
841,13:47:35,23.92,0.01,166,397072,买盘
842,13:47:29,23.91,-0.01,20,47820,卖盘
843,13:47:23,23.92,--,3,7176,买盘
844,13:47:20,23.92,--,5,11960,买盘
845,13:47:05,23.92,0.01,10,23920,买盘
846,13:47:02,23.91,--,66,157806,卖盘
847,13:46:59,23.91,-0.01,1,2391,卖盘
848,13:46:53,23.92,0.01,10,23920,买盘
849,13:46:50,23.91,-0.01,10,23910,卖盘
850,13:46:44,23.92,0.01,74,177008,买盘
851,13:46:32,23.91,-0.01,7,16737,卖盘
852,13:46:29,23.92,0.01,5,11960,买盘
853,13:46:26,23.91,--,9,21519,卖盘
854,13:46:17,23.91,--,10,23910,卖盘
855,13:46:14,23.91,--,5,11955,卖盘
856,13:46:05,23.91,-0.01,3,7173,卖盘
857,13:46:02,23.92,0.01,2,4784,买盘
858,13:45:53,23.91,--,9,21519,卖盘
859,13:45:50,23.91,--,2,4782,卖盘
860,13:45:47,23.91,--,20,47820,卖盘
861,13:45:38,23.91,--,8,19128,卖盘
862,13:45:35,23.91,--,10,23910,卖盘
863,13:45:32,23.91,--,7,16737,卖盘
864,13:45:26,23.91,--,1,2391,卖盘
865,13:45:23,23.91,-0.01,8,19128,卖盘
866,13:45:14,23.92,0.01,1,2392,买盘
867,13:45:08,23.91,-0.01,2,4782,卖盘
868,13:45:05,23.92,0.01,10,23920,买盘
869,13:44:59,23.91,--,24,57384,卖盘
870,13:44:56,23.91,-0.01,4,9564,卖盘
871,13:44:47,23.92,0.01,6,14352,买盘
872,13:44:44,23.91,-0.01,16,38256,卖盘
873,13:44:38,23.92,0.01,12,28704,买盘
874,13:44:35,23.91,--,7,16737,卖盘
875,13:44:29,23.91,--,3,7173,卖盘
876,13:44:26,23.91,-0.01,18,43038,卖盘
877,13:44:23,23.92,--,5,11960,卖盘
878,13:44:20,23.92,--,12,28704,买盘
879,13:44:17,23.92,--,28,66976,买盘
880,13:44:02,23.92,-0.01,17,40664,卖盘
881,13:43:59,23.93,0.01,2,4786,买盘
882,13:43:53,23.92,--,2,4784,卖盘
883,13:43:50,23.92,--,15,35880,卖盘
884,13:43:44,23.92,--,2,4784,卖盘
885,13:43:41,23.92,--,90,215280,卖盘
886,13:43:38,23.92,--,4,9568,卖盘
887,13:43:32,23.92,--,38,90896,卖盘
888,13:43:23,23.92,0.01,3,7176,买盘
889,13:43:17,23.91,-0.01,53,126723,卖盘
890,13:43:14,23.92,0.01,41,98072,买盘
891,13:43:05,23.91,-0.01,2,4782,卖盘
892,13:42:59,23.92,0.01,3,7176,买盘
893,13:42:50,23.91,--,7,16737,买盘
894,13:42:41,23.91,--,10,23910,买盘
895,13:42:32,23.91,0.01,55,131505,买盘
896,13:42:29,23.9,--,19,45410,卖盘
897,13:42:23,23.9,--,5,11950,卖盘
898,13:42:17,23.9,--,52,124279,买盘
899,13:42:08,23.9,--,7,16730,买盘
900,13:42:02,23.9,--,28,66920,买盘
901,13:41:59,23.9,0.01,33,78870,买盘
902,13:41:53,23.89,-0.01,16,38224,卖盘
903,13:41:50,23.9,--,12,28680,买盘
904,13:41:47,23.9,--,5,11950,买盘
905,13:41:41,23.9,--,5,11950,买盘
906,13:41:35,23.9,--,1,2390,买盘
907,13:41:32,23.9,--,202,482780,买盘
908,13:41:14,23.9,--,10,23900,买盘
909,13:41:11,23.9,--,61,145790,买盘
910,13:41:08,23.9,--,2,4780,买盘
911,13:41:05,23.9,--,6,14340,买盘
912,13:41:02,23.9,0.01,38,90820,买盘
913,13:40:53,23.89,-0.01,10,23890,卖盘
914,13:40:47,23.9,--,30,71700,买盘
915,13:40:44,23.9,0.01,1,2390,买盘
916,13:40:35,23.89,0.02,16,38224,中性盘
917,13:40:26,23.87,--,22,52514,卖盘
918,13:40:23,23.87,-0.01,22,52514,卖盘
919,13:40:14,23.88,--,36,85968,买盘
920,13:40:08,23.88,0.01,21,50148,买盘
921,13:40:02,23.87,--,3,7161,卖盘
922,13:39:59,23.87,-0.01,2,4774,卖盘
923,13:39:56,23.88,0.01,19,45372,买盘
924,13:39:38,23.87,--,36,85932,买盘
925,13:39:32,23.87,0.01,13,31031,买盘
926,13:39:29,23.86,-0.01,1,2386,卖盘
927,13:39:23,23.87,--,18,42966,买盘
928,13:39:17,23.87,0.01,50,119350,买盘
929,13:39:08,23.86,-0.01,1,2386,卖盘
930,13:39:02,23.87,0.01,28,66836,买盘
931,13:38:59,23.86,-0.01,20,47720,卖盘
932,13:38:46,23.87,-0.01,3,7161,卖盘
933,13:38:43,23.88,0.01,28,66864,买盘
934,13:38:37,23.87,-0.01,8,19096,卖盘
935,13:38:34,23.88,--,6,14328,买盘
936,13:38:25,23.88,--,7,16716,卖盘
937,13:38:19,23.88,--,51,121788,卖盘
938,13:38:07,23.88,-0.01,30,71640,卖盘
939,13:37:55,23.89,0.01,4,9556,买盘
940,13:37:49,23.88,-0.01,2,4776,卖盘
941,13:37:46,23.89,-0.01,1,2389,中性盘
942,13:37:19,23.9,0.02,38,90820,买盘
943,13:37:13,23.88,-0.02,25,59700,卖盘
944,13:37:10,23.9,--,33,78870,卖盘
945,13:37:07,23.9,--,12,28680,卖盘
946,13:37:04,23.9,--,50,119500,卖盘
947,13:37:01,23.9,--,47,112330,卖盘
948,13:36:52,23.9,--,5,11950,卖盘
949,13:36:46,23.9,--,15,35850,卖盘
950,13:36:37,23.9,-0.01,26,62139,卖盘
951,13:36:31,23.91,-0.01,6,14346,卖盘
952,13:36:25,23.92,0.01,2,4784,买盘
953,13:36:19,23.91,--,5,11955,卖盘
954,13:36:16,23.91,--,3,7173,卖盘
955,13:36:13,23.91,--,27,64557,卖盘
956,13:36:07,23.91,-0.01,34,81294,卖盘
957,13:36:04,23.92,0.01,6,14352,买盘
958,13:36:01,23.91,--,15,35865,卖盘
959,13:35:58,23.91,--,4,9564,卖盘
960,13:35:52,23.91,--,5,11955,卖盘
961,13:35:46,23.91,--,9,21519,卖盘
962,13:35:43,23.91,--,2,4782,卖盘
963,13:35:40,23.91,-0.01,1,2391,卖盘
964,13:35:37,23.92,--,22,52624,卖盘
965,13:35:34,23.92,--,20,47840,卖盘
966,13:35:28,23.92,--,1,2392,卖盘
967,13:35:25,23.92,-0.01,2,4784,卖盘
968,13:35:16,23.93,0.01,1,2393,买盘
969,13:35:10,23.92,--,2,4784,卖盘
970,13:35:07,23.92,-0.01,1,2392,卖盘
971,13:35:01,23.93,--,3,7179,买盘
972,13:34:55,23.93,0.01,5,11965,买盘
973,13:34:52,23.92,-0.01,10,23920,卖盘
974,13:34:49,23.93,--,23,55039,买盘
975,13:34:37,23.93,--,46,110078,买盘
976,13:34:34,23.93,-0.01,19,45467,卖盘
977,13:34:31,23.94,0.01,53,126882,买盘
978,13:34:25,23.93,--,2,4786,卖盘
979,13:34:19,23.93,--,10,23930,卖盘
980,13:34:16,23.93,0.01,69,165117,买盘
981,13:34:13,23.92,--,2,4784,卖盘
982,13:34:01,23.92,--,4,9568,卖盘
983,13:33:58,23.92,--,16,38272,买盘
984,13:33:46,23.92,-0.01,10,23920,卖盘
985,13:33:40,23.93,0.01,5,11965,买盘
986,13:33:37,23.92,--,3,7176,卖盘
987,13:33:34,23.92,-0.01,53,126776,卖盘
988,13:33:28,23.93,0.01,23,55039,买盘
989,13:33:25,23.92,--,5,11960,卖盘
990,13:33:22,23.92,--,8,19136,卖盘
991,13:33:13,23.92,--,4,9568,卖盘
992,13:33:10,23.92,--,3,7176,卖盘
993,13:33:07,23.92,--,67,160264,卖盘
994,13:33:04,23.92,--,17,40664,卖盘
995,13:33:01,23.92,--,6,14352,卖盘
996,13:32:55,23.92,--,12,28704,卖盘
997,13:32:52,23.92,--,20,47840,卖盘
998,13:32:46,23.92,--,52,124384,卖盘
999,13:32:40,23.92,--,5,11960,卖盘
1000,13:32:37,23.92,--,41,98072,卖盘
1001,13:32:34,23.92,--,10,23920,卖盘
1002,13:32:28,23.92,--,2,4784,卖盘
1003,13:32:25,23.92,--,99,236808,买盘
1004,13:32:19,23.92,--,4,9568,买盘
1005,13:32:16,23.92,--,5,11960,买盘
1006,13:32:10,23.92,--,50,119600,买盘
1007,13:32:07,23.92,-0.01,184,440128,卖盘
1008,13:31:58,23.93,--,8,19144,卖盘
1009,13:31:52,23.93,--,14,33502,卖盘
1010,13:31:46,23.93,0.01,8,19144,买盘
1011,13:31:43,23.92,--,15,35880,卖盘
1012,13:31:34,23.92,-0.02,254,607568,卖盘
1013,13:31:22,23.94,0.02,62,148428,买盘
1014,13:31:07,23.92,-0.01,30,71760,卖盘
1015,13:31:04,23.93,-0.01,3,7179,卖盘
1016,13:31:01,23.94,--,44,105336,买盘
1017,13:30:58,23.94,0.01,12,28728,买盘
1018,13:30:49,23.93,--,5,11965,卖盘
1019,13:30:46,23.93,--,14,33502,买盘
1020,13:30:43,23.93,--,45,107685,买盘
1021,13:30:37,23.93,0.01,50,119650,买盘
1022,13:30:34,23.92,--,53,126776,卖盘
1023,13:30:31,23.92,--,2,4784,卖盘
1024,13:30:28,23.92,--,14,33488,卖盘
1025,13:30:22,23.92,--,2,4784,卖盘
1026,13:30:13,23.92,--,16,38272,买盘
1027,13:30:04,23.92,--,1,2392,买盘
1028,13:29:58,23.92,--,9,21528,买盘
1029,13:29:55,23.92,0.01,1,2392,买盘
1030,13:29:52,23.91,-0.01,1,2391,卖盘
1031,13:29:46,23.92,--,15,35880,卖盘
1032,13:29:43,23.92,0.01,58,138736,买盘
1033,13:29:40,23.91,--,35,83685,卖盘
1034,13:29:37,23.91,-0.01,1,2391,卖盘
1035,13:29:34,23.92,0.01,2,4784,买盘
1036,13:29:31,23.91,0.01,26,62166,卖盘
1037,13:29:13,23.9,-0.03,10,23900,卖盘
1038,13:29:07,23.93,0.02,8,19144,买盘
1039,13:28:52,23.91,-0.03,20,47820,卖盘
1040,13:28:46,23.94,--,5,11970,买盘
1041,13:28:43,23.94,0.03,30,71820,买盘
1042,13:28:37,23.91,-0.03,93,222363,卖盘
1043,13:28:34,23.94,--,5,11970,买盘
1044,13:28:31,23.94,--,11,26334,买盘
1045,13:28:28,23.94,--,1,2394,买盘
1046,13:28:22,23.94,--,55,131670,买盘
1047,13:28:19,23.94,--,5,11970,买盘
1048,13:28:16,23.94,-0.01,25,59850,买盘
1049,13:28:10,23.95,0.01,2,4790,买盘
1050,13:28:07,23.94,-0.01,4,9576,买盘
1051,13:28:04,23.95,--,91,217945,买盘
1052,13:27:58,23.95,0.01,58,138910,买盘
1053,13:27:55,23.94,-0.01,8,19152,卖盘
1054,13:27:52,23.95,--,4,9580,买盘
1055,13:27:46,23.95,--,7,16765,买盘
1056,13:27:43,23.95,--,5,11975,买盘
1057,13:27:40,23.95,--,344,823880,买盘
1058,13:27:37,23.95,0.01,25,59875,买盘
1059,13:27:34,23.94,-0.01,1,2394,卖盘
1060,13:27:31,23.95,0.01,2,4790,买盘
1061,13:27:28,23.94,--,15,35910,卖盘
1062,13:27:22,23.94,0.01,112,268128,买盘
1063,13:27:19,23.93,--,7,16751,卖盘
1064,13:27:13,23.93,--,2,4786,卖盘
1065,13:27:04,23.93,--,51,122043,买盘
1066,13:27:01,23.93,--,14,33502,买盘
1067,13:26:58,23.93,--,20,47860,买盘
1068,13:26:52,23.93,0.01,16,38288,买盘
1069,13:26:49,23.92,--,22,52624,卖盘
1070,13:26:37,23.92,-0.01,14,33488,卖盘
1071,13:26:34,23.93,0.02,7,16751,买盘
1072,13:26:31,23.91,-0.01,3,7173,卖盘
1073,13:26:28,23.92,--,3,7176,中性盘
1074,13:26:19,23.92,--,5,11960,卖盘
1075,13:26:16,23.92,--,3,7176,卖盘
1076,13:26:13,23.92,0.01,2,4784,卖盘
1077,13:26:07,23.91,-0.02,20,47820,卖盘
1078,13:26:04,23.93,0.01,6,14358,买盘
1079,13:26:01,23.92,0.02,83,198536,买盘
1080,13:25:58,23.9,-0.01,2,4780,卖盘
1081,13:25:55,23.91,0.01,27,64557,买盘
1082,13:25:52,23.9,-0.01,5,11950,卖盘
1083,13:25:49,23.91,--,5,11955,买盘
1084,13:25:46,23.91,--,7,16737,买盘
1085,13:25:43,23.91,--,20,47820,买盘
1086,13:25:40,23.91,--,4,9564,买盘
1087,13:25:31,23.91,0.01,1,2391,买盘
1088,13:25:28,23.9,-0.01,2,4780,卖盘
1089,13:25:22,23.91,--,17,40647,买盘
1090,13:25:19,23.91,0.01,1,2391,买盘
1091,13:25:16,23.9,0.01,1,2390,中性盘
1092,13:25:13,23.89,-0.02,3,7167,卖盘
1093,13:24:58,23.91,0.04,3,7173,买盘
1094,13:24:46,23.87,-0.04,5,11935,卖盘
1095,13:24:40,23.91,0.02,46,109986,买盘
1096,13:24:34,23.89,--,1,2389,买盘
1097,13:24:28,23.89,-0.01,12,28668,卖盘
1098,13:24:22,23.9,--,10,23900,买盘
1099,13:24:19,23.9,0.01,5,11950,买盘
1100,13:24:16,23.89,-0.01,3,7167,卖盘
1101,13:24:10,23.9,--,14,33460,卖盘
1102,13:24:07,23.9,-0.01,10,23900,卖盘
1103,13:24:04,23.91,--,50,119550,买盘
1104,13:24:01,23.91,--,28,66948,买盘
1105,13:23:58,23.91,--,1,2391,买盘
1106,13:23:55,23.91,0.01,15,35865,买盘
1107,13:23:52,23.9,-0.01,9,21510,卖盘
1108,13:23:46,23.91,--,1,2391,买盘
1109,13:23:37,23.91,--,4,9564,买盘
1110,13:23:34,23.91,--,4,9564,买盘
1111,13:23:28,23.91,-0.01,13,31083,卖盘
1112,13:23:16,23.92,--,102,243984,买盘
1113,13:23:13,23.92,0.01,3,7176,买盘
1114,13:23:07,23.91,-0.01,5,11955,卖盘
1115,13:23:04,23.92,--,1,2392,买盘
1116,13:23:01,23.92,--,16,38272,卖盘
1117,13:22:58,23.92,--,8,19136,卖盘
1118,13:22:52,23.92,-0.01,70,167440,卖盘
1119,13:22:49,23.93,--,60,143580,卖盘
1120,13:22:46,23.93,0.01,38,90934,买盘
1121,13:22:43,23.92,--,50,119600,卖盘
1122,13:22:40,23.92,-0.01,80,191360,卖盘
1123,13:22:37,23.93,--,10,23930,买盘
1124,13:22:34,23.93,-0.01,52,124436,卖盘
1125,13:22:31,23.94,--,39,93366,买盘
1126,13:22:28,23.94,0.01,19,45486,买盘
1127,13:22:25,23.93,-0.01,200,478600,卖盘
1128,13:22:22,23.94,--,32,76608,买盘
1129,13:22:16,23.94,--,1,2394,买盘
1130,13:22:13,23.94,--,50,119700,买盘
1131,13:22:07,23.94,-0.01,10,23940,中性盘
1132,13:22:04,23.95,0.01,53,126935,买盘
1133,13:22:01,23.94,--,24,57456,中性盘
1134,13:21:55,23.94,--,6,14364,卖盘
1135,13:21:52,23.94,--,63,150822,买盘
1136,13:21:49,23.94,--,12,28728,买盘
1137,13:21:46,23.94,0.01,18,43092,买盘
1138,13:21:43,23.93,0.01,40,95720,买盘
1139,13:21:31,23.92,--,46,110032,买盘
1140,13:21:28,23.92,0.01,24,57408,买盘
1141,13:21:25,23.91,--,13,31083,卖盘
1142,13:21:22,23.91,0.01,11,26301,买盘
1143,13:21:19,23.9,--,71,169690,卖盘
1144,13:21:13,23.9,0.01,379,905810,买盘
1145,13:21:07,23.89,--,4,9556,买盘
1146,13:21:04,23.89,0.01,30,71670,买盘
1147,13:20:58,23.88,--,20,47760,卖盘
1148,13:20:55,23.88,0.02,280,668640,买盘
1149,13:20:52,23.86,--,15,35790,买盘
1150,13:20:49,23.86,--,3,7158,买盘
1151,13:20:46,23.86,0.01,22,52492,买盘
1152,13:20:34,23.85,-0.01,2,4770,中性盘
1153,13:20:19,23.86,--,5,11930,买盘
1154,13:20:01,23.86,0.03,303,722958,买盘
1155,13:19:55,23.83,--,2,4766,卖盘
1156,13:19:52,23.83,--,42,101801,卖盘
1157,13:19:37,23.83,--,5,11915,卖盘
1158,13:19:28,23.83,-0.01,25,59574,卖盘
1159,13:19:25,23.84,0.01,8,19072,买盘
1160,13:19:10,23.83,--,47,114336,买盘
1161,13:19:04,23.83,--,4,9532,买盘
1162,13:19:01,23.83,0.01,4,9532,买盘
1163,13:18:40,23.82,--,0,1786,买盘
1164,13:18:37,23.82,--,10,23820,买盘
1165,13:18:31,23.82,--,17,40494,买盘
1166,13:18:28,23.82,--,2,4764,买盘
1167,13:18:21,23.82,--,30,71460,买盘
1168,13:18:18,23.82,--,2,4764,买盘
1169,13:18:12,23.82,-0.01,38,91111,卖盘
1170,13:18:09,23.83,0.01,52,125703,买盘
1171,13:18:03,23.82,-0.01,1,2382,卖盘
1172,13:18:00,23.83,--,30,71490,买盘
1173,13:17:45,23.83,--,4,9532,买盘
1174,13:17:42,23.83,--,25,59622,卖盘
1175,13:17:27,23.83,0.01,46,111953,买盘
1176,13:17:21,23.82,-0.01,93,221573,卖盘
1177,13:17:12,23.83,--,21,50043,买盘
1178,13:17:00,23.83,-0.03,72,171576,卖盘
1179,13:16:54,23.86,0.01,5,11930,买盘
1180,13:16:45,23.85,--,13,31005,买盘
1181,13:16:30,23.85,0.02,5,11925,买盘
1182,13:16:24,23.83,--,2,4766,买盘
1183,13:16:18,23.83,-0.02,1,2383,卖盘
1184,13:16:15,23.85,0.02,111,264735,买盘
1185,13:16:09,23.83,--,3,7148,卖盘
1186,13:16:00,23.83,0.01,10,23830,买盘
1187,13:15:51,23.82,--,18,42876,卖盘
1188,13:15:48,23.82,--,10,23820,卖盘
1189,13:15:42,23.82,--,9,23772,买盘
1190,13:15:39,23.82,--,8,19056,买盘
1191,13:15:36,23.82,--,23,54786,买盘
1192,13:15:33,23.82,--,4,9528,买盘
1193,13:15:24,23.82,--,4,9528,买盘
1194,13:15:12,23.82,--,2,4764,买盘
1195,13:14:57,23.82,0.02,1,2382,买盘
1196,13:14:54,23.8,-0.02,7,16660,卖盘
1197,13:14:48,23.82,--,4,9528,买盘
1198,13:14:42,23.82,--,2,4764,买盘
1199,13:14:24,23.82,--,5,11910,买盘
1200,13:14:21,23.82,0.03,78,185796,买盘
1201,13:14:15,23.79,-0.03,100,237900,卖盘
1202,13:14:03,23.82,0.02,13,30966,买盘
1203,13:13:57,23.8,-0.02,25,59500,卖盘
1204,13:13:54,23.82,--,3,7146,买盘
1205,13:13:51,23.82,--,8,19103,卖盘
1206,13:13:48,23.82,--,2,7098,买盘
1207,13:13:45,23.82,--,17,40494,买盘
1208,13:13:36,23.82,--,6,14292,买盘
1209,13:13:18,23.82,--,8,19056,买盘
1210,13:13:15,23.82,0.02,25,59550,买盘
1211,13:13:06,23.8,--,302,718760,买盘
1212,13:13:00,23.8,0.01,27,64260,买盘
1213,13:12:57,23.79,--,4,9516,卖盘
1214,13:12:54,23.79,--,5,11895,卖盘
1215,13:12:51,23.79,0.01,167,397340,买盘
1216,13:12:48,23.78,-0.01,23,54694,卖盘
1217,13:12:45,23.79,--,111,264069,买盘
1218,13:12:42,23.79,0.01,22,52338,买盘
1219,13:12:36,23.78,-0.01,27,64206,卖盘
1220,13:12:33,23.79,--,2,4758,买盘
1221,13:12:18,23.79,--,5,11895,买盘
1222,13:12:09,23.79,--,9,21411,买盘
1223,13:12:00,23.79,--,2,4758,买盘
1224,13:11:48,23.79,0.01,2,4758,买盘
1225,13:11:15,23.78,--,63,149814,买盘
1226,13:11:06,23.78,0.02,4,9512,买盘
1227,13:10:57,23.76,--,3,7128,卖盘
1228,13:10:15,23.76,--,1,2376,卖盘
1229,13:10:06,23.76,--,6,14256,买盘
1230,13:09:39,23.76,-0.01,27,64152,卖盘
1231,13:09:18,23.77,--,2,4754,卖盘
1232,13:09:15,23.77,-0.01,10,23770,卖盘
1233,13:09:12,23.78,0.01,5,11890,买盘
1234,13:08:54,23.77,--,5,11885,卖盘
1235,13:08:51,23.77,--,1,2377,卖盘
1236,13:08:45,23.77,0.01,2,4754,买盘
1237,13:08:42,23.76,--,1,2376,卖盘
1238,13:08:33,23.76,--,5,11880,卖盘
1239,13:08:09,23.76,-0.02,20,47520,卖盘
1240,13:08:03,23.78,0.02,1,2378,买盘
1241,13:07:57,23.76,-0.02,20,47520,卖盘
1242,13:07:51,23.78,0.01,40,95120,买盘
1243,13:07:45,23.77,0.01,14,33278,买盘
1244,13:07:27,23.76,-0.01,1,2376,卖盘
1245,13:07:06,23.77,0.01,5,11885,买盘
1246,13:06:51,23.76,--,51,121176,买盘
1247,13:06:48,23.76,--,22,52272,买盘
1248,13:06:42,23.76,0.01,10,23760,买盘
1249,13:06:39,23.75,-0.01,11,26125,中性盘
1250,13:06:18,23.76,--,29,68904,卖盘
1251,13:06:06,23.76,0.03,27,64152,买盘
1252,13:05:57,23.73,0.01,11,26103,中性盘
1253,13:05:42,23.72,0.01,2,4744,卖盘
1254,13:05:42,23.71,--,6,14226,卖盘
1255,13:05:33,23.71,--,30,71130,卖盘
1256,13:05:21,23.71,--,10,23710,中性盘
1257,13:05:15,23.71,--,11,26081,买盘
1258,13:05:06,23.71,-0.05,329,780722,卖盘
1259,13:04:54,23.76,--,3,7128,卖盘
1260,13:04:24,23.76,-0.01,22,52272,卖盘
1261,13:04:18,23.77,0.01,1,2377,买盘
1262,13:04:00,23.76,--,1,2376,卖盘
1263,13:03:42,23.76,0.01,26,61776,买盘
1264,13:03:33,23.75,-0.01,10,23750,卖盘
1265,13:03:30,23.76,0.01,5,11880,买盘
1266,13:03:21,23.75,-0.02,5,11875,卖盘
1267,13:02:54,23.77,0.02,1,2377,买盘
1268,13:02:48,23.75,--,3,7125,买盘
1269,13:02:06,23.75,0.01,3,7125,买盘
1270,13:02:03,23.74,-0.01,1,2374,卖盘
1271,13:01:54,23.75,--,1,2375,买盘
1272,13:01:42,23.75,--,8,19000,卖盘
1273,13:00:59,23.75,--,1,2375,买盘
1274,13:00:44,23.75,0.01,3,7125,买盘
1275,13:00:41,23.74,-0.01,21,49854,卖盘
1276,13:00:11,23.75,--,90,213750,买盘
1277,13:00:05,23.75,0.01,46,109250,买盘
1278,13:00:02,23.74,-0.04,90,213660,卖盘
1279,11:29:51,23.78,--,1,2378,卖盘
1280,11:29:39,23.78,-0.01,3,7134,买盘
1281,11:29:03,23.79,0.04,60,142740,买盘
1282,11:29:00,23.75,-0.04,22,52250,卖盘
1283,11:28:51,23.79,--,10,23790,买盘
1284,11:28:39,23.79,0.01,15,35685,买盘
1285,11:28:27,23.78,0.03,30,71340,买盘
1286,11:28:15,23.75,-0.02,0,2303,中性盘
1287,11:28:03,23.77,0.01,31,73687,买盘
1288,11:27:54,23.76,0.02,40,95040,买盘
1289,11:27:51,23.74,--,10,23740,卖盘
1290,11:27:45,23.74,--,53,125821,卖盘
1291,11:27:33,23.74,--,24,56975,买盘
1292,11:27:27,23.74,0.01,6,14243,买盘
1293,11:27:24,23.73,-0.01,3,8922,卖盘
1294,11:27:06,23.74,-0.01,8,18992,卖盘
1295,11:26:51,23.75,--,5,11875,买盘
1296,11:26:48,23.75,-0.01,48,114000,卖盘
1297,11:26:42,23.76,0.01,18,42768,买盘
1298,11:26:30,23.75,--,20,47500,卖盘
1299,11:26:27,23.75,--,9,21375,买盘
1300,11:26:21,23.75,0.02,1,2375,买盘
1301,11:26:18,23.73,-0.03,3,8898,中性盘
1302,11:26:00,23.76,0.04,1,2376,买盘
1303,11:25:54,23.72,--,3,7116,卖盘
1304,11:25:51,23.72,-0.04,7,16604,卖盘
1305,11:25:39,23.76,--,48,114048,卖盘
1306,11:25:33,23.76,--,10,23760,买盘
1307,11:25:21,23.76,--,50,118800,买盘
1308,11:25:18,23.76,0.01,4,11286,买盘
1309,11:25:12,23.75,-0.01,7,16625,卖盘
1310,11:25:00,23.76,--,2,4752,卖盘
1311,11:24:42,23.76,--,7,16632,买盘
1312,11:24:36,23.76,0.01,1,2376,买盘
1313,11:24:21,23.75,0.01,131,312953,买盘
1314,11:24:18,23.74,0.01,4,11276,买盘
1315,11:24:06,23.73,--,9,21357,卖盘
1316,11:24:00,23.73,0.02,14,33222,买盘
1317,11:23:57,23.71,-0.02,8,18968,卖盘
1318,11:23:48,23.73,0.01,6,14238,买盘
1319,11:23:39,23.72,--,19,45068,买盘
1320,11:23:36,23.72,0.01,31,73532,卖盘
1321,11:23:21,23.71,--,3,8891,卖盘
1322,11:23:12,23.71,-0.01,17,40307,卖盘
1323,11:23:09,23.72,--,5,11860,买盘
1324,11:23:03,23.72,--,26,61672,买盘
1325,11:22:48,23.72,-0.02,4,10674,卖盘
1326,11:22:45,23.74,0.02,3,7121,买盘
1327,11:22:27,23.72,0.02,1,3558,买盘
1328,11:22:18,23.7,--,7,16590,卖盘
1329,11:22:15,23.7,-0.02,3,8887,卖盘
1330,11:22:09,23.72,0.01,1,2372,买盘
1331,11:22:03,23.71,--,9,22524,卖盘
1332,11:22:00,23.71,-0.01,42,99582,卖盘
1333,11:21:57,23.72,--,5,11860,买盘
1334,11:21:54,23.72,--,30,71160,买盘
1335,11:21:51,23.72,--,5,11860,买盘
1336,11:21:45,23.72,0.01,5,11860,买盘
1337,11:21:39,23.71,-0.01,16,37936,卖盘
1338,11:21:36,23.72,-0.01,23,54556,卖盘
1339,11:21:21,23.73,--,20,47460,买盘
1340,11:21:18,23.73,--,4,11271,买盘
1341,11:21:12,23.73,--,29,68817,买盘
1342,11:21:09,23.73,0.01,14,33222,买盘
1343,11:21:06,23.72,--,5,11860,卖盘
1344,11:21:03,23.72,--,9,21348,卖盘
1345,11:21:00,23.72,--,13,30836,卖盘
1346,11:20:54,23.72,--,18,42696,卖盘
1347,11:20:51,23.72,-0.01,10,23720,卖盘
1348,11:20:48,23.73,--,1,2373,买盘
1349,11:20:45,23.73,0.01,8,18984,中性盘
1350,11:20:42,23.72,-0.01,12,28464,卖盘
1351,11:20:33,23.73,--,8,18984,买盘
1352,11:20:21,23.73,--,20,48053,卖盘
1353,11:20:15,23.73,--,8,20763,卖盘
1354,11:20:12,23.73,-0.01,1,2373,卖盘
1355,11:20:09,23.74,0.01,48,113951,买盘
1356,11:20:06,23.73,-0.01,2,4746,卖盘
1357,11:20:00,23.74,--,1,2374,买盘
1358,11:19:45,23.74,--,6,14243,买盘
1359,11:19:42,23.74,--,1,2374,买盘
1360,11:19:36,23.74,0.01,6,14243,买盘
1361,11:19:27,23.73,--,23,54579,买盘
1362,11:19:15,23.73,0.01,9,23136,买盘
1363,11:19:12,23.72,--,14,33208,卖盘
1364,11:19:06,23.72,--,4,9488,卖盘
1365,11:19:03,23.72,-0.01,2,4744,卖盘
1366,11:19:00,23.73,--,5,11865,买盘
1367,11:18:54,23.73,--,2,4746,买盘
1368,11:18:42,23.73,0.01,9,21357,买盘
1369,11:18:39,23.72,0.01,21,49812,买盘
1370,11:18:36,23.71,--,2,4742,卖盘
1371,11:18:27,23.71,0.01,4,9484,买盘
1372,11:18:18,23.7,--,3,8887,卖盘
1373,11:18:15,23.7,--,3,8911,买盘
1374,11:18:12,23.7,--,11,26070,买盘
1375,11:18:06,23.7,0.01,40,94800,买盘
1376,11:18:03,23.69,-0.01,14,33166,卖盘
1377,11:18:00,23.7,0.01,10,23700,买盘
1378,11:17:57,23.69,--,82,194258,卖盘
1379,11:17:54,23.69,-0.01,1,2369,卖盘
1380,11:17:48,23.7,0.01,3,7110,买盘
1381,11:17:45,23.69,-0.01,30,71070,卖盘
1382,11:17:42,23.7,0.01,62,146940,买盘
1383,11:17:36,23.69,-0.01,45,106605,卖盘
1384,11:17:18,23.7,--,51,120870,卖盘
1385,11:17:12,23.7,--,69,163530,卖盘
1386,11:17:03,23.7,-0.01,2,4740,卖盘
1387,11:16:57,23.71,--,8,18968,买盘
1388,11:16:54,23.71,0.01,18,42678,买盘
1389,11:16:51,23.7,--,110,260700,卖盘
1390,11:16:48,23.7,-0.02,20,47400,卖盘
1391,11:16:45,23.72,0.02,7,16604,买盘
1392,11:16:42,23.7,--,5,11850,卖盘
1393,11:16:39,23.7,-0.01,4,9480,卖盘
1394,11:16:36,23.71,--,1,2371,卖盘
1395,11:16:33,23.71,0.01,57,135147,中性盘
1396,11:16:30,23.7,--,10,23700,卖盘
1397,11:16:27,23.7,--,9,21330,卖盘
1398,11:16:24,23.7,--,78,184860,卖盘
1399,11:16:12,23.7,-0.02,85,201450,卖盘
1400,11:16:09,23.72,--,43,101996,卖盘
1401,11:16:00,23.72,-0.01,25,59300,卖盘
1402,11:15:57,23.73,--,49,116870,卖盘
1403,11:15:54,23.73,--,4,9492,卖盘
1404,11:15:48,23.73,--,10,23730,卖盘
1405,11:15:45,23.73,-0.01,10,23730,卖盘
1406,11:15:42,23.74,--,2,7074,卖盘
1407,11:15:39,23.74,--,3,7121,卖盘
1408,11:15:36,23.74,--,97,230277,卖盘
1409,11:15:24,23.74,-0.02,130,308620,卖盘
1410,11:15:21,23.76,0.01,1,2376,买盘
1411,11:15:15,23.75,--,2,4750,卖盘
1412,11:15:12,23.75,-0.02,49,116968,卖盘
1413,11:15:09,23.77,0.01,39,92703,中性盘
1414,11:15:00,23.76,-0.01,77,182952,卖盘
1415,11:14:57,23.77,--,31,73687,卖盘
1416,11:14:54,23.77,--,15,35655,卖盘
1417,11:14:51,23.77,--,2,4754,卖盘
1418,11:14:48,23.77,-0.01,5,11885,卖盘
1419,11:14:42,23.78,--,39,92742,卖盘
1420,11:14:39,23.78,--,6,14268,卖盘
1421,11:14:33,23.78,0.01,4,9512,中性盘
1422,11:14:27,23.77,--,86,204422,卖盘
1423,11:14:18,23.77,--,2,4754,卖盘
1424,11:14:15,23.77,--,98,234728,卖盘
1425,11:14:06,23.77,-0.01,3,7131,卖盘
1426,11:13:48,23.78,--,2,4756,卖盘
1427,11:13:30,23.78,-0.02,15,35670,卖盘
1428,11:13:27,23.8,0.01,5,11900,买盘
1429,11:13:24,23.79,--,2,4758,卖盘
1430,11:13:21,23.79,--,10,23790,卖盘
1431,11:13:18,23.79,--,10,23790,卖盘
1432,11:13:15,23.79,--,3,8921,卖盘
1433,11:13:09,23.79,--,4,9516,卖盘
1434,11:13:03,23.79,--,1,2379,卖盘
1435,11:12:51,23.79,--,70,166530,卖盘
1436,11:12:21,23.79,-0.01,3,8921,买盘
1437,11:12:15,23.8,--,1,2380,买盘
1438,11:12:08,23.8,0.01,84,201728,买盘
1439,11:11:50,23.79,--,1,2379,买盘
1440,11:11:38,23.79,--,9,21981,卖盘
1441,11:11:23,23.79,--,7,18461,买盘
1442,11:11:20,23.79,--,7,16653,买盘
1443,11:11:11,23.79,--,4,11300,买盘
1444,11:11:05,23.79,--,5,11895,买盘
1445,11:11:02,23.79,0.01,1,2379,买盘
1446,11:10:47,23.78,--,3,7134,卖盘
1447,11:10:32,23.78,--,15,37453,买盘
1448,11:10:26,23.78,--,10,23780,买盘
1449,11:10:23,23.78,0.01,1,2378,买盘
1450,11:10:14,23.77,--,3,8913,卖盘
1451,11:09:59,23.77,-0.01,2,4754,卖盘
1452,11:09:56,23.78,--,15,35670,买盘
1453,11:09:44,23.78,--,1,2378,买盘
1454,11:09:35,23.78,0.01,2,4756,买盘
1455,11:09:29,23.77,--,5,11885,卖盘
1456,11:09:20,23.77,0.01,1,4135,买盘
1457,11:09:14,23.76,-0.01,7,18414,卖盘
1458,11:09:11,23.77,--,11,26147,买盘
1459,11:09:08,23.77,--,50,118850,买盘
1460,11:09:02,23.77,0.01,10,23770,买盘
1461,11:08:56,23.76,-0.01,45,106920,卖盘
1462,11:08:50,23.77,--,31,73687,买盘
1463,11:08:44,23.77,--,4,9508,买盘
1464,11:08:38,23.77,--,2,4754,买盘
1465,11:08:32,23.77,--,9,21393,买盘
1466,11:08:29,23.77,--,67,159853,卖盘
1467,11:08:14,23.77,0.01,3,8913,中性盘
1468,11:08:05,23.76,-0.02,5,11880,卖盘
1469,11:08:02,23.78,0.01,10,23780,买盘
1470,11:07:59,23.77,--,15,35655,买盘
1471,11:07:53,23.77,--,3,7131,买盘
1472,11:07:44,23.77,-0.01,43,102805,卖盘
1473,11:07:32,23.78,-0.01,2,4756,卖盘
1474,11:07:23,23.79,--,2,4758,买盘
1475,11:07:20,23.79,--,38,90402,买盘
1476,11:07:17,23.79,--,51,121899,卖盘
1477,11:07:14,23.79,-0.01,3,8945,卖盘
1478,11:06:53,23.8,0.01,75,178500,买盘
1479,11:06:35,23.79,0.01,1,2379,买盘
1480,11:06:29,23.78,--,3,7134,买盘
1481,11:06:26,23.78,--,14,33292,买盘
1482,11:06:20,23.78,--,3,7134,买盘
1483,11:06:14,23.78,0.01,10,23780,买盘
1484,11:06:11,23.77,-0.01,3,8913,卖盘
1485,11:06:02,23.78,--,1,2378,买盘
1486,11:05:59,23.78,--,14,33292,买盘
1487,11:05:47,23.78,0.01,6,14268,买盘
1488,11:05:29,23.77,--,7,16639,买盘
1489,11:05:26,23.77,0.01,2,4754,买盘
1490,11:05:14,23.76,-0.01,7,16632,卖盘
1491,11:05:11,23.77,0.01,23,56453,买盘
1492,11:05:08,23.76,-0.01,2,4752,卖盘
1493,11:04:56,23.77,--,1,2377,买盘
1494,11:04:53,23.77,--,1,2377,买盘
1495,11:04:47,23.77,--,1,2377,买盘
1496,11:04:38,23.77,--,5,11885,卖盘
1497,11:04:23,23.77,0.01,1,2377,中性盘
1498,11:04:11,23.76,-0.03,4,11286,卖盘
1499,11:04:08,23.79,0.02,20,47580,买盘
1500,11:04:05,23.77,--,20,47540,买盘
1501,11:03:59,23.77,--,2,4754,买盘
1502,11:03:53,23.77,-0.02,57,135489,卖盘
1503,11:03:35,23.79,0.02,1,2379,买盘
1504,11:03:26,23.77,0.01,43,102211,卖盘
1505,11:03:11,23.76,--,3,8910,卖盘
1506,11:03:02,23.76,--,10,23760,卖盘
1507,11:02:53,23.76,--,10,23760,卖盘
1508,11:02:50,23.76,--,2,6534,买盘
1509,11:02:44,23.76,--,4,10098,卖盘
1510,11:02:35,23.76,--,3,7128,卖盘
1511,11:02:23,23.76,--,11,26136,卖盘
1512,11:02:11,23.76,0.01,18,44550,中性盘
1513,11:01:56,23.75,-0.01,17,40375,卖盘
1514,11:01:50,23.76,0.01,2,4752,买盘
1515,11:01:47,23.75,--,3,7125,卖盘
1516,11:01:41,23.75,--,41,97375,卖盘
1517,11:01:38,23.75,--,5,11875,买盘
1518,11:01:35,23.75,--,12,28500,买盘
1519,11:01:32,23.75,0.01,70,166250,买盘
1520,11:01:29,23.74,-0.01,179,424946,卖盘
1521,11:01:20,23.75,--,1,2375,买盘
1522,11:01:17,23.75,--,13,32656,买盘
1523,11:01:02,23.75,--,1,2375,买盘
1524,11:00:56,23.75,--,10,23750,买盘
1525,11:00:53,23.75,--,15,35625,买盘
1526,11:00:50,23.75,0.01,436,1036141,买盘
1527,11:00:47,23.74,-0.01,3,7121,卖盘
1528,11:00:44,23.75,0.01,14,33250,买盘
1529,11:00:29,23.74,-0.01,12,28487,卖盘
1530,11:00:26,23.75,0.02,11,26125,买盘
1531,11:00:23,23.73,-0.01,5,13644,卖盘
1532,11:00:20,23.74,--,8,18992,买盘
1533,11:00:17,23.74,--,6,14243,卖盘
1534,11:00:11,23.74,--,14,33236,卖盘
1535,11:00:08,23.74,-0.01,3,7121,卖盘
1536,11:00:05,23.75,--,1,2375,买盘
1537,10:59:47,23.75,--,2,4750,卖盘
1538,10:59:44,23.75,--,5,11875,卖盘
1539,10:59:38,23.75,-0.01,30,71250,卖盘
1540,10:59:35,23.76,--,13,30888,买盘
1541,10:59:17,23.76,--,3,7128,买盘
1542,10:59:14,23.76,--,94,225126,卖盘
1543,10:59:11,23.76,--,16,39798,卖盘
1544,10:59:08,23.76,-0.01,5,11880,卖盘
1545,10:59:05,23.77,0.01,2,4754,买盘
1546,10:59:02,23.76,-0.01,59,140184,卖盘
1547,10:58:59,23.77,--,14,33278,买盘
1548,10:58:53,23.77,0.01,8,19016,卖盘
1549,10:58:38,23.76,-0.02,5,11880,卖盘
1550,10:58:32,23.78,0.02,1,2378,买盘
1551,10:58:29,23.76,--,1,2376,卖盘
1552,10:58:26,23.76,--,19,45144,卖盘
1553,10:58:11,23.76,--,3,8910,卖盘
1554,10:58:05,23.76,-0.01,17,40392,卖盘
1555,10:58:02,23.77,--,2,4754,买盘
1556,10:57:59,23.77,--,1,2377,买盘
1557,10:57:50,23.77,0.01,26,61802,买盘
1558,10:57:47,23.76,--,8,19008,卖盘
1559,10:57:35,23.76,--,1,2376,卖盘
1560,10:57:26,23.76,-0.02,15,35640,卖盘
1561,10:57:20,23.78,--,1,2378,买盘
1562,10:57:08,23.78,--,35,83230,卖盘
1563,10:57:05,23.78,-0.01,7,16646,卖盘
1564,10:57:02,23.79,0.01,5,11895,中性盘
1565,10:56:59,23.78,--,1,2378,卖盘
1566,10:56:56,23.78,0.02,5,11890,买盘
1567,10:56:50,23.76,--,29,68904,卖盘
1568,10:56:47,23.76,--,2,4752,卖盘
1569,10:56:38,23.76,--,20,47520,卖盘
1570,10:56:26,23.76,0.01,78,187110,买盘
1571,10:56:23,23.75,-0.01,9,21375,卖盘
1572,10:56:17,23.76,0.01,38,90288,买盘
1573,10:56:11,23.75,0.02,63,151406,买盘
1574,10:56:08,23.73,--,10,23730,卖盘
1575,10:56:05,23.73,--,3,7119,卖盘
1576,10:55:59,23.73,0.01,10,23730,卖盘
1577,10:55:56,23.72,-0.01,11,26092,卖盘
1578,10:55:50,23.73,-0.02,9,21357,卖盘
1579,10:55:47,23.75,--,10,23750,买盘
1580,10:55:44,23.75,0.02,2,4750,买盘
1581,10:55:38,23.73,-0.03,5,11865,卖盘
1582,10:55:35,23.76,0.03,1,2376,买盘
1583,10:55:32,23.73,-0.03,6,14238,卖盘
1584,10:55:29,23.76,--,1,2376,买盘
1585,10:55:23,23.76,--,34,80784,买盘
1586,10:55:20,23.76,-0.01,295,701514,卖盘
1587,10:55:11,23.77,--,4,11290,买盘
1588,10:55:08,23.77,--,50,118850,买盘
1589,10:55:02,23.77,--,8,19016,卖盘
1590,10:54:59,23.77,--,23,54671,卖盘
1591,10:54:56,23.77,-0.01,108,256716,卖盘
1592,10:54:53,23.78,0.01,6,14268,买盘
1593,10:54:50,23.77,-0.01,27,64179,卖盘
1594,10:54:44,23.78,--,55,130790,买盘
1595,10:54:38,23.78,--,20,47560,卖盘
1596,10:54:35,23.78,--,19,45182,卖盘
1597,10:54:32,23.78,--,10,23780,卖盘
1598,10:54:26,23.78,--,5,11890,卖盘
1599,10:54:20,23.78,-0.01,16,38048,卖盘
1600,10:54:11,23.79,--,1,2379,买盘
1601,10:54:08,23.79,-0.01,19,45201,卖盘
1602,10:54:05,23.8,0.01,7,16660,买盘
1603,10:54:02,23.79,-0.01,5,11895,卖盘
1604,10:53:59,23.8,-0.01,5,11900,买盘
1605,10:53:56,23.81,--,16,38096,买盘
1606,10:53:53,23.81,0.01,10,23810,买盘
1607,10:53:50,23.8,-0.01,15,35747,卖盘
1608,10:53:47,23.81,0.01,20,47620,买盘
1609,10:53:44,23.8,--,77,183260,卖盘
1610,10:53:41,23.8,-0.01,4,9520,卖盘
1611,10:53:38,23.81,0.01,1,2381,中性盘
1612,10:53:32,23.8,-0.01,384,913920,卖盘
1613,10:53:29,23.81,--,16,38096,卖盘
1614,10:53:23,23.81,--,4,9524,卖盘
1615,10:53:20,23.81,--,51,121431,卖盘
1616,10:53:17,23.81,--,10,23810,卖盘
1617,10:53:07,23.81,--,105,251790,卖盘
1618,10:53:04,23.81,--,15,35715,卖盘
1619,10:53:01,23.81,-0.01,10,23810,卖盘
1620,10:52:58,23.82,-0.03,18,42876,卖盘
1621,10:52:49,23.85,0.04,5,11925,中性盘
1622,10:52:40,23.81,-0.04,100,238100,卖盘
1623,10:52:37,23.85,0.01,20,47700,买盘
1624,10:52:28,23.84,0.01,1,2384,买盘
1625,10:52:22,23.83,-0.01,4,9532,卖盘
1626,10:52:19,23.84,0.02,5,11920,中性盘
1627,10:52:13,23.82,-0.02,3,7146,卖盘
1628,10:52:10,23.84,--,17,40528,卖盘
1629,10:52:04,23.84,--,1,2384,卖盘
1630,10:51:58,23.84,--,10,23840,卖盘
1631,10:51:46,23.84,-0.01,1,2384,卖盘
1632,10:51:43,23.85,--,1,2385,买盘
1633,10:51:37,23.85,--,20,47700,买盘
1634,10:51:25,23.85,--,10,23850,买盘
1635,10:51:16,23.85,0.01,30,71550,买盘
1636,10:51:13,23.84,-0.01,8,19072,卖盘
1637,10:51:07,23.85,--,1,2385,买盘
1638,10:51:01,23.85,--,12,28620,卖盘
1639,10:50:58,23.85,--,30,71550,买盘
1640,10:50:49,23.85,--,6,14310,买盘
1641,10:50:46,23.85,0.01,2,4770,买盘
1642,10:50:40,23.84,--,2,4768,卖盘
1643,10:50:34,23.84,-0.01,4,9536,卖盘
1644,10:50:31,23.85,--,28,66780,买盘
1645,10:50:28,23.85,--,47,112095,买盘
1646,10:50:19,23.85,0.02,1,2385,买盘
1647,10:50:16,23.83,-0.01,300,714900,卖盘
1648,10:50:13,23.84,-0.01,3,7152,卖盘
1649,10:50:07,23.85,--,1,2385,买盘
1650,10:50:04,23.85,--,18,42930,卖盘
1651,10:49:58,23.85,-0.01,2,4770,卖盘
1652,10:49:52,23.86,--,1,2386,买盘
1653,10:49:46,23.86,--,7,16702,买盘
1654,10:49:43,23.86,--,4,9544,买盘
1655,10:49:34,23.86,--,7,16702,买盘
1656,10:49:28,23.86,--,11,26246,买盘
1657,10:49:16,23.86,--,1,2386,买盘
1658,10:49:13,23.86,--,20,47720,买盘
1659,10:49:07,23.86,--,23,54878,买盘
1660,10:49:04,23.86,0.01,18,42948,买盘
1661,10:49:01,23.85,-0.02,120,286200,卖盘
1662,10:48:58,23.87,0.01,34,81158,买盘
1663,10:48:55,23.86,-0.01,18,42948,卖盘
1664,10:48:46,23.87,--,26,62062,买盘
1665,10:48:37,23.87,--,4,9548,买盘
1666,10:48:34,23.87,--,7,16709,买盘
1667,10:48:31,23.87,--,9,21483,中性盘
1668,10:48:19,23.87,0.01,6,14322,买盘
1669,10:48:04,23.86,-0.02,6,14316,卖盘
1670,10:48:01,23.88,--,1,2388,买盘
1671,10:47:55,23.88,0.01,5,11940,买盘
1672,10:47:52,23.87,--,3,7161,买盘
1673,10:47:46,23.87,--,19,45353,买盘
1674,10:47:43,23.87,-0.01,25,59698,卖盘
1675,10:47:40,23.88,--,26,62088,买盘
1676,10:47:28,23.88,--,6,14328,买盘
1677,10:47:22,23.88,0.01,3,7164,买盘
1678,10:47:19,23.87,-0.01,8,19096,卖盘
1679,10:47:16,23.88,0.01,31,74028,买盘
1680,10:47:10,23.87,--,0,2363,卖盘
1681,10:47:07,23.87,0.01,102,243474,买盘
1682,10:46:52,23.86,0.01,13,31018,买盘
1683,10:46:46,23.85,--,1,2385,买盘
1684,10:46:43,23.85,--,20,47700,买盘
1685,10:46:40,23.85,-0.01,8,19080,卖盘
1686,10:46:37,23.86,--,13,31018,买盘
1687,10:46:28,23.86,0.01,9,21474,买盘
1688,10:46:22,23.85,-0.01,52,124020,卖盘
1689,10:46:13,23.86,--,30,71580,买盘
1690,10:46:07,23.86,0.01,2,4772,买盘
1691,10:46:01,23.85,--,42,100170,买盘
1692,10:45:58,23.85,--,2,4770,买盘
1693,10:45:46,23.85,--,60,143100,卖盘
1694,10:45:43,23.85,-0.01,20,47700,卖盘
1695,10:45:37,23.86,--,20,47720,买盘
1696,10:45:34,23.86,--,1,2386,买盘
1697,10:45:28,23.86,0.01,100,238600,买盘
1698,10:45:25,23.85,--,2,4770,卖盘
1699,10:45:13,23.85,-0.01,1,2385,卖盘
1700,10:45:07,23.86,0.01,5,11930,买盘
1701,10:45:04,23.85,-0.01,56,133560,卖盘
1702,10:45:01,23.86,--,1,2386,买盘
1703,10:44:58,23.86,0.01,8,19088,买盘
1704,10:44:52,23.85,--,9,21465,买盘
1705,10:44:46,23.85,0.02,1,2385,买盘
1706,10:44:34,23.83,-0.02,9,21447,卖盘
1707,10:44:25,23.85,0.02,28,67328,买盘
1708,10:44:22,23.83,-0.01,1,2383,卖盘
1709,10:44:19,23.84,-0.01,1,2384,中性盘
1710,10:44:04,23.85,0.03,26,62010,买盘
1711,10:43:52,23.82,-0.03,2,4764,卖盘
1712,10:43:49,23.85,0.02,99,236115,买盘
1713,10:43:43,23.83,--,6,14297,买盘
1714,10:43:40,23.83,--,33,78639,买盘
1715,10:43:37,23.83,0.01,7,16681,买盘
1716,10:43:34,23.82,-0.01,10,23820,卖盘
1717,10:43:25,23.83,--,2,4766,买盘
1718,10:43:22,23.83,--,9,21447,买盘
1719,10:43:19,23.83,--,9,23281,卖盘
1720,10:43:16,23.83,-0.01,7,16681,卖盘
1721,10:43:10,23.84,0.01,1,2384,买盘
1722,10:43:07,23.83,--,48,114383,卖盘
1723,10:43:01,23.83,--,14,33362,卖盘
1724,10:42:55,23.83,--,1,2383,卖盘
1725,10:42:52,23.83,--,6,14297,卖盘
1726,10:42:43,23.83,--,39,93485,买盘
1727,10:42:40,23.83,--,1,2383,买盘
1728,10:42:31,23.83,--,10,23830,买盘
1729,10:42:25,23.83,--,4,9532,买盘
1730,10:42:22,23.83,--,4,9532,买盘
1731,10:42:19,23.83,--,46,109617,卖盘
1732,10:42:13,23.83,--,5,11915,卖盘
1733,10:42:10,23.83,--,4,9532,卖盘
1734,10:42:01,23.83,-0.01,2,4766,卖盘
1735,10:41:55,23.84,--,25,59600,买盘
1736,10:41:46,23.84,--,1,2384,买盘
1737,10:41:37,23.84,--,6,14304,卖盘
1738,10:41:25,23.84,-0.01,5,11920,卖盘
1739,10:41:19,23.85,--,5,11925,买盘
1740,10:41:16,23.85,--,22,52470,卖盘
1741,10:41:10,23.85,-0.01,14,33390,卖盘
1742,10:41:01,23.86,--,66,157476,买盘
1743,10:40:43,23.86,--,90,214740,买盘
1744,10:40:37,23.86,-0.01,16,38176,卖盘
1745,10:40:31,23.87,0.01,7,16709,买盘
1746,10:40:28,23.86,-0.01,10,23860,卖盘
1747,10:40:22,23.87,0.01,3,7161,买盘
1748,10:40:19,23.86,--,9,21474,卖盘
1749,10:40:16,23.86,-0.01,1,2386,卖盘
1750,10:40:10,23.87,--,2,4774,卖盘
1751,10:40:07,23.87,--,33,78771,卖盘
1752,10:40:01,23.87,--,30,71610,卖盘
1753,10:39:58,23.87,-0.01,32,76384,卖盘
1754,10:39:46,23.88,--,10,23880,买盘
1755,10:39:31,23.88,--,10,23880,卖盘
1756,10:39:28,23.88,--,32,76416,买盘
1757,10:39:19,23.88,0.01,13,31044,买盘
1758,10:39:16,23.87,--,22,52514,卖盘
1759,10:39:13,23.87,--,2,4774,卖盘
1760,10:39:01,23.87,-0.01,3,7161,卖盘
1761,10:38:55,23.88,-0.01,172,410736,卖盘
1762,10:38:46,23.89,--,1,2389,买盘
1763,10:38:43,23.89,--,40,95560,买盘
1764,10:38:40,23.89,0.01,4,9556,买盘
1765,10:38:34,23.88,--,5,11940,卖盘
1766,10:38:31,23.88,--,2,4776,卖盘
1767,10:38:25,23.88,--,7,16716,卖盘
1768,10:38:22,23.88,--,6,14328,卖盘
1769,10:38:13,23.88,0.01,21,50148,买盘
1770,10:38:07,23.87,--,2,4774,卖盘
1771,10:38:04,23.87,--,111,264957,卖盘
1772,10:37:58,23.87,--,55,131285,卖盘
1773,10:37:49,23.87,--,10,23870,卖盘
1774,10:37:46,23.87,--,21,50127,卖盘
1775,10:37:40,23.87,--,43,102641,卖盘
1776,10:37:34,23.87,--,11,26257,买盘
1777,10:37:16,23.87,--,2,4774,买盘
1778,10:37:13,23.87,0.01,13,31031,买盘
1779,10:37:07,23.86,--,9,21474,卖盘
1780,10:36:58,23.86,--,1,2386,卖盘
1781,10:36:55,23.86,-0.01,6,14316,卖盘
1782,10:36:52,23.87,0.01,28,66836,买盘
1783,10:36:37,23.86,--,1,2386,卖盘
1784,10:36:34,23.86,--,16,38176,买盘
1785,10:36:28,23.86,0.01,1,2386,买盘
1786,10:36:25,23.85,--,12,28620,卖盘
1787,10:36:10,23.85,--,18,42930,卖盘
1788,10:36:04,23.85,0.01,2,4770,买盘
1789,10:36:01,23.84,--,11,26224,卖盘
1790,10:35:55,23.84,-0.01,13,30992,卖盘
1791,10:35:37,23.85,--,21,50085,买盘
1792,10:35:34,23.85,--,3,7155,买盘
1793,10:35:31,23.85,-0.02,58,138330,卖盘
1794,10:35:28,23.87,--,29,69223,买盘
1795,10:35:22,23.87,0.01,11,26257,买盘
1796,10:35:19,23.86,-0.01,18,42948,卖盘
1797,10:35:13,23.87,--,18,42966,卖盘
1798,10:35:10,23.87,0.01,9,21483,买盘
1799,10:35:01,23.86,-0.01,36,85896,卖盘
1800,10:34:49,23.87,0.01,29,69223,买盘
1801,10:34:46,23.86,--,6,14316,卖盘
1802,10:34:43,23.86,-0.01,6,14316,卖盘
1803,10:34:40,23.87,--,2,4774,买盘
1804,10:34:34,23.87,--,20,47740,买盘
1805,10:34:28,23.87,--,45,107415,买盘
1806,10:34:22,23.87,-0.01,4,9548,卖盘
1807,10:34:07,23.88,--,5,11940,买盘
1808,10:34:04,23.88,0.01,9,21492,买盘
1809,10:34:01,23.87,--,1,2387,卖盘
1810,10:33:54,23.87,-0.01,3,7161,卖盘
1811,10:33:51,23.88,--,3,7164,买盘
1812,10:33:45,23.88,-0.02,8,19104,卖盘
1813,10:33:39,23.9,0.01,3,7170,买盘
1814,10:33:36,23.89,--,1,2389,买盘
1815,10:33:33,23.89,0.01,1,2389,买盘
1816,10:33:30,23.88,-0.02,9,21492,卖盘
1817,10:33:24,23.9,0.03,51,121890,买盘
1818,10:33:21,23.87,-0.02,29,69223,卖盘
1819,10:33:15,23.89,-0.01,4,9556,卖盘
1820,10:33:12,23.9,0.01,2,4780,买盘
1821,10:33:09,23.89,0.01,48,114672,买盘
1822,10:33:03,23.88,--,5,11940,买盘
1823,10:32:54,23.88,--,8,19104,卖盘
1824,10:32:51,23.88,--,4,9552,买盘
1825,10:32:42,23.88,--,2,4776,买盘
1826,10:32:36,23.88,-0.01,12,28656,中性盘
1827,10:32:33,23.89,-0.01,124,296236,买盘
1828,10:32:30,23.9,0.01,11,26290,买盘
1829,10:32:27,23.89,-0.01,38,90782,中性盘
1830,10:32:24,23.9,--,5,11950,买盘
1831,10:32:21,23.9,--,20,47800,买盘
1832,10:32:12,23.9,0.01,53,126669,买盘
1833,10:32:03,23.89,--,47,112283,买盘
1834,10:32:00,23.89,--,19,45391,买盘
1835,10:31:54,23.89,--,10,23890,买盘
1836,10:31:45,23.89,0.01,30,71670,买盘
1837,10:31:42,23.88,-0.01,30,71640,卖盘
1838,10:31:36,23.89,0.02,19,45391,买盘
1839,10:31:33,23.87,--,1,2387,中性盘
1840,10:31:24,23.87,-0.02,10,23870,卖盘
1841,10:31:21,23.89,0.01,90,215010,买盘
1842,10:31:12,23.88,0.01,102,243576,买盘
1843,10:31:09,23.87,--,8,19096,卖盘
1844,10:31:06,23.87,--,1,2387,卖盘
1845,10:31:00,23.87,--,88,210056,买盘
1846,10:30:57,23.87,0.01,12,28644,买盘
1847,10:30:51,23.86,0.01,3,7158,卖盘
1848,10:30:48,23.85,--,18,42930,卖盘
1849,10:30:42,23.85,--,21,50085,卖盘
1850,10:30:27,23.85,--,16,38160,买盘
1851,10:30:21,23.85,--,10,23850,买盘
1852,10:29:54,23.85,0.01,10,23850,卖盘
1853,10:29:51,23.84,-0.01,31,73904,中性盘
1854,10:29:48,23.85,--,6,14310,卖盘
1855,10:29:42,23.85,0.02,2,4770,卖盘
1856,10:29:39,23.83,--,56,133448,卖盘
1857,10:29:30,23.83,-0.02,24,57191,卖盘
1858,10:29:27,23.85,--,3,7155,买盘
1859,10:29:21,23.85,--,74,176490,买盘
1860,10:29:18,23.85,0.01,6,14310,买盘
1861,10:29:12,23.84,-0.01,9,21456,卖盘
1862,10:29:09,23.85,--,2,4770,买盘
1863,10:29:06,23.85,--,2,4770,买盘
1864,10:29:03,23.85,0.02,2,4770,买盘
1865,10:28:51,23.83,0.01,7,16681,买盘
1866,10:28:45,23.82,-0.01,1,2382,卖盘
1867,10:28:42,23.83,0.01,3,7148,买盘
1868,10:28:30,23.82,--,2,4764,卖盘
1869,10:28:24,23.82,--,10,23820,买盘
1870,10:28:15,23.82,0.01,5,11910,买盘
1871,10:28:09,23.81,-0.01,7,16667,卖盘
1872,10:28:06,23.82,--,20,47640,买盘
1873,10:28:00,23.82,--,13,30966,买盘
1874,10:27:45,23.82,--,34,80988,买盘
1875,10:27:21,23.82,--,66,157212,买盘
1876,10:27:18,23.82,-0.03,27,64314,卖盘
1877,10:27:12,23.85,-0.01,7,16695,卖盘
1878,10:27:06,23.86,--,7,16702,买盘
1879,10:27:03,23.86,--,8,19088,卖盘
1880,10:27:00,23.86,0.01,3,7158,卖盘
1881,10:26:57,23.85,--,2,4770,卖盘
1882,10:26:54,23.85,-0.01,34,81090,卖盘
1883,10:26:51,23.86,-0.01,11,26246,买盘
1884,10:26:48,23.87,0.01,5,11935,买盘
1885,10:26:42,23.86,--,3,7158,卖盘
1886,10:26:39,23.86,--,17,40562,卖盘
1887,10:26:36,23.86,--,10,23860,卖盘
1888,10:26:33,23.86,0.01,28,66808,中性盘
1889,10:26:30,23.85,-0.01,6,14310,卖盘
1890,10:26:27,23.86,--,26,62036,买盘
1891,10:26:24,23.86,0.01,2,4772,买盘
1892,10:26:15,23.85,-0.01,50,119250,卖盘
1893,10:26:12,23.86,--,22,52492,卖盘
1894,10:25:57,23.86,--,5,11930,买盘
1895,10:25:54,23.86,-0.01,5,11930,卖盘
1896,10:25:51,23.87,0.01,6,14322,买盘
1897,10:25:48,23.86,-0.01,13,31018,中性盘
1898,10:25:45,23.87,0.02,8,19096,买盘
1899,10:25:33,23.85,-0.01,106,252810,卖盘
1900,10:25:24,23.86,0.01,1,2386,买盘
1901,10:25:21,23.85,-0.01,18,42930,卖盘
1902,10:25:15,23.86,--,31,73966,买盘
1903,10:25:12,23.86,0.01,10,23860,买盘
1904,10:25:09,23.85,-0.01,12,28620,卖盘
1905,10:25:06,23.86,0.01,2,4772,买盘
1906,10:25:03,23.85,--,1,2385,卖盘
1907,10:25:00,23.85,--,34,81090,买盘
1908,10:24:51,23.85,-0.01,12,28620,卖盘
1909,10:24:45,23.86,0.01,37,88282,买盘
1910,10:24:33,23.85,--,2,4770,买盘
1911,10:24:30,23.85,--,34,81090,卖盘
1912,10:24:06,23.85,0.02,16,38160,买盘
1913,10:23:57,23.83,--,5,11915,买盘
1914,10:23:54,23.83,--,10,23830,买盘
1915,10:23:42,23.83,0.01,10,23830,买盘
1916,10:23:39,23.82,--,10,23820,卖盘
1917,10:23:27,23.82,--,10,23820,买盘
1918,10:23:24,23.82,--,4,9528,买盘
1919,10:23:15,23.82,--,5,11910,买盘
1920,10:23:09,23.82,--,97,231054,买盘
1921,10:23:03,23.82,--,2,4764,买盘
1922,10:22:57,23.82,--,5,11910,买盘
1923,10:22:54,23.82,0.01,22,52404,买盘
1924,10:22:42,23.81,-0.01,7,16667,卖盘
1925,10:22:33,23.82,0.02,40,95280,买盘
1926,10:22:30,23.8,-0.01,17,40460,卖盘
1927,10:22:18,23.81,0.01,80,190480,买盘
1928,10:22:15,23.8,-0.01,14,33320,卖盘
1929,10:22:06,23.81,0.01,20,47620,买盘
1930,10:22:03,23.8,--,1,2380,卖盘
1931,10:22:00,23.8,--,13,30940,卖盘
1932,10:21:36,23.8,--,28,66640,中性盘
1933,10:21:27,23.8,--,6,14280,买盘
1934,10:21:09,23.8,0.01,29,69020,买盘
1935,10:21:06,23.79,-0.01,38,90402,中性盘
1936,10:21:03,23.8,0.01,85,202300,买盘
1937,10:21:00,23.79,-0.01,20,47580,卖盘
1938,10:20:51,23.8,0.01,2,4760,买盘
1939,10:20:45,23.79,-0.01,50,118950,卖盘
1940,10:20:42,23.8,0.01,5,11900,买盘
1941,10:20:39,23.79,-0.01,3,7137,卖盘
1942,10:20:33,23.8,0.01,10,23800,买盘
1943,10:20:30,23.79,-0.01,5,11895,卖盘
1944,10:20:27,23.8,0.01,28,66640,买盘
1945,10:20:18,23.79,--,8,19032,卖盘
1946,10:20:15,23.79,-0.01,30,71370,卖盘
1947,10:20:12,23.8,--,10,23800,买盘
1948,10:20:06,23.8,--,10,23800,买盘
1949,10:19:54,23.8,--,2,6592,卖盘
1950,10:19:51,23.8,-0.01,46,109480,卖盘
1951,10:19:48,23.81,0.01,20,47620,买盘
1952,10:19:39,23.8,-0.02,4,9520,卖盘
1953,10:19:36,23.82,0.02,2,4764,买盘
1954,10:19:33,23.8,-0.01,80,190400,卖盘
1955,10:19:30,23.81,--,25,59525,卖盘
1956,10:19:27,23.81,--,11,26191,卖盘
1957,10:19:24,23.81,--,3,7143,买盘
1958,10:19:03,23.81,0.01,2,4762,中性盘
1959,10:19:00,23.8,-0.01,22,52360,卖盘
1960,10:18:57,23.81,--,13,30953,卖盘
1961,10:18:54,23.81,--,31,73811,买盘
1962,10:18:42,23.81,--,10,23810,买盘
1963,10:18:36,23.81,-0.01,57,135717,卖盘
1964,10:18:33,23.82,0.01,23,54786,买盘
1965,10:18:30,23.81,--,33,78573,卖盘
1966,10:18:27,23.81,--,10,23810,中性盘
1967,10:18:21,23.81,--,5,11905,卖盘
1968,10:18:15,23.81,--,217,516677,买盘
1969,10:18:09,23.81,--,2,4762,买盘
1970,10:18:03,23.81,0.01,92,219052,买盘
1971,10:18:00,23.8,--,5,11900,卖盘
1972,10:17:57,23.8,-0.01,156,371280,卖盘
1973,10:17:51,23.81,--,53,126193,买盘
1974,10:17:45,23.81,--,13,30953,买盘
1975,10:17:42,23.81,--,10,23810,卖盘
1976,10:17:39,23.81,-0.01,22,52382,卖盘
1977,10:17:30,23.82,--,10,23820,买盘
1978,10:17:27,23.82,-0.01,57,135774,卖盘
1979,10:17:12,23.83,-0.01,10,23830,卖盘
1980,10:17:06,23.84,--,1,2384,买盘
1981,10:17:03,23.84,--,14,33376,买盘
1982,10:16:57,23.84,--,10,23840,买盘
1983,10:16:54,23.84,-0.01,158,376672,卖盘
1984,10:16:48,23.85,--,6,14310,卖盘
1985,10:16:45,23.85,--,2,4770,卖盘
1986,10:16:42,23.85,--,5,11925,卖盘
1987,10:16:33,23.85,--,1,2385,卖盘
1988,10:16:30,23.85,-0.01,6,14310,卖盘
1989,10:16:27,23.86,--,4,9544,买盘
1990,10:16:24,23.86,0.01,6,14316,中性盘
1991,10:16:03,23.85,--,10,23850,卖盘
1992,10:16:00,23.85,-0.01,2,4770,买盘
1993,10:15:57,23.86,0.01,33,78738,买盘
1994,10:15:54,23.85,0.01,100,238500,中性盘
1995,10:15:42,23.84,--,10,23840,卖盘
1996,10:15:30,23.84,-0.02,100,238400,卖盘
1997,10:15:27,23.86,0.01,3,7158,买盘
1998,10:15:21,23.85,--,11,26235,中性盘
1999,10:15:12,23.85,0.01,69,164565,买盘
2000,10:15:09,23.84,-0.01,4,9536,卖盘
2001,10:15:06,23.85,--,12,28620,买盘
2002,10:15:00,23.85,--,2,4770,买盘
2003,10:14:57,23.85,--,9,21465,买盘
2004,10:14:54,23.85,--,9,21465,买盘
2005,10:14:48,23.85,0.01,9,21465,买盘
2006,10:14:26,23.84,--,20,47680,卖盘
2007,10:14:17,23.84,0.02,1,2384,中性盘
2008,10:14:05,23.82,-0.02,34,80988,卖盘
2009,10:13:56,23.84,--,13,30992,卖盘
2010,10:13:50,23.84,0.02,7,16688,卖盘
2011,10:13:47,23.82,-0.02,10,23820,卖盘
2012,10:13:44,23.84,--,2,4768,卖盘
2013,10:13:41,23.84,0.02,10,23840,买盘
2014,10:13:38,23.82,--,13,30966,卖盘
2015,10:13:32,23.82,-0.03,32,76224,卖盘
2016,10:13:20,23.85,--,304,725040,买盘
2017,10:13:17,23.85,--,68,162180,买盘
2018,10:12:59,23.85,0.03,3,7155,买盘
2019,10:12:56,23.82,--,7,16674,卖盘
2020,10:12:50,23.82,--,5,11910,卖盘
2021,10:12:47,23.82,--,3,7146,卖盘
2022,10:12:44,23.82,--,4,9528,买盘
2023,10:12:41,23.82,--,102,242964,卖盘
2024,10:12:38,23.82,0.01,34,80988,买盘
2025,10:12:35,23.81,-0.01,10,23810,卖盘
2026,10:12:32,23.82,0.01,16,38112,买盘
2027,10:12:26,23.81,--,6,14286,卖盘
2028,10:12:23,23.81,0.01,49,116669,买盘
2029,10:12:20,23.8,--,29,69020,卖盘
2030,10:12:17,23.8,-0.01,3,7140,卖盘
2031,10:12:02,23.81,--,1,2381,卖盘
2032,10:11:59,23.81,--,7,16667,卖盘
2033,10:11:53,23.81,0.01,1,2381,买盘
2034,10:11:50,23.8,-0.01,5,11900,卖盘
2035,10:11:47,23.81,--,2,4762,卖盘
2036,10:11:41,23.81,0.01,3,7143,买盘
2037,10:11:38,23.8,-0.01,5,11900,卖盘
2038,10:11:35,23.81,0.01,11,26191,中性盘
2039,10:11:32,23.8,-0.01,30,71400,卖盘
2040,10:11:26,23.81,--,26,61906,卖盘
2041,10:11:20,23.81,0.01,43,102383,买盘
2042,10:11:17,23.8,--,35,85204,卖盘
2043,10:11:14,23.8,--,1,2380,卖盘
2044,10:11:11,23.8,--,13,30940,卖盘
2045,10:11:08,23.8,--,20,47600,卖盘
2046,10:11:05,23.8,--,51,121380,卖盘
2047,10:11:02,23.8,-0.01,5,11900,卖盘
2048,10:10:59,23.81,--,12,28572,买盘
2049,10:10:56,23.81,--,43,102383,买盘
2050,10:10:53,23.81,0.01,30,71430,买盘
2051,10:10:50,23.8,--,30,71400,卖盘
2052,10:10:41,23.8,-0.01,38,90440,卖盘
2053,10:10:38,23.81,0.01,10,23810,买盘
2054,10:10:35,23.8,--,3,7140,卖盘
2055,10:10:32,23.8,-0.01,15,35700,卖盘
2056,10:10:23,23.81,--,11,26191,买盘
2057,10:10:17,23.81,--,25,60001,卖盘
2058,10:10:11,23.81,-0.01,5,11905,卖盘
2059,10:10:08,23.82,0.01,8,19056,买盘
2060,10:10:05,23.81,--,2,4762,卖盘
2061,10:10:02,23.81,--,75,178575,卖盘
2062,10:09:56,23.81,--,10,23810,卖盘
2063,10:09:53,23.81,--,22,54286,买盘
2064,10:09:50,23.81,0.01,131,311911,买盘
2065,10:09:47,23.8,-0.01,3,7140,卖盘
2066,10:09:41,23.81,--,16,38096,买盘
2067,10:09:38,23.81,0.01,10,23810,买盘
2068,10:09:35,23.8,--,9,21420,卖盘
2069,10:09:32,23.8,--,204,486543,卖盘
2070,10:09:29,23.8,-0.01,1,2380,卖盘
2071,10:09:23,23.81,0.01,11,26191,买盘
2072,10:09:20,23.8,--,4,9520,卖盘
2073,10:09:17,23.8,--,2,4760,卖盘
2074,10:09:14,23.8,-0.02,54,128520,卖盘
2075,10:09:11,23.82,--,3,7146,买盘
2076,10:09:05,23.82,--,2,4764,卖盘
2077,10:08:59,23.82,-0.01,18,42876,卖盘
2078,10:08:56,23.83,0.01,2,4766,买盘
2079,10:08:50,23.82,-0.01,12,28584,卖盘
2080,10:08:47,23.83,0.01,4,9532,买盘
2081,10:08:44,23.82,-0.01,6,14292,买盘
2082,10:08:35,23.83,--,14,33362,卖盘
2083,10:08:23,23.83,--,1,2383,卖盘
2084,10:08:17,23.83,--,5,11915,卖盘
2085,10:08:11,23.83,0.03,13,30978,买盘
2086,10:08:05,23.8,--,14,33320,卖盘
2087,10:07:56,23.8,-0.02,4,9520,卖盘
2088,10:07:53,23.82,--,8,19056,卖盘
2089,10:07:41,23.82,0.02,1,2382,买盘
2090,10:07:38,23.8,-0.02,3,7140,卖盘
2091,10:07:29,23.82,0.02,1,2382,买盘
2092,10:07:26,23.8,-0.01,82,195160,卖盘
2093,10:07:23,23.81,-0.01,3,7143,卖盘
2094,10:07:20,23.82,0.01,9,21438,买盘
2095,10:07:11,23.81,--,4,9524,卖盘
2096,10:07:05,23.81,--,1,2381,买盘
2097,10:06:56,23.81,--,2,4762,买盘
2098,10:06:50,23.81,0.01,2,4762,买盘
2099,10:06:47,23.8,--,1,2380,卖盘
2100,10:06:44,23.8,-0.01,35,83300,卖盘
2101,10:06:41,23.81,0.01,10,23810,买盘
2102,10:06:38,23.8,-0.01,48,114240,卖盘
2103,10:06:35,23.81,0.01,10,23810,买盘
2104,10:06:32,23.8,--,20,47600,卖盘
2105,10:06:29,23.8,--,8,19040,卖盘
2106,10:06:26,23.8,--,5,11900,卖盘
2107,10:06:23,23.8,-0.01,29,69020,卖盘
2108,10:06:17,23.81,--,3,7143,中性盘
2109,10:06:14,23.81,--,2,4762,卖盘
2110,10:06:11,23.81,0.01,25,59525,买盘
2111,10:06:08,23.8,-0.01,63,149940,卖盘
2112,10:05:59,23.81,0.01,16,38096,买盘
2113,10:05:56,23.8,-0.01,10,23800,卖盘
2114,10:05:50,23.81,--,11,26191,买盘
2115,10:05:47,23.81,0.01,44,104764,买盘
2116,10:05:41,23.8,-0.01,40,95200,卖盘
2117,10:05:35,23.81,--,2,4762,买盘
2118,10:05:32,23.81,-0.02,5,11905,卖盘
2119,10:05:29,23.83,--,2,4766,买盘
2120,10:05:26,23.83,-0.02,1,2383,中性盘
2121,10:05:23,23.85,0.04,191,455535,买盘
2122,10:05:11,23.81,-0.02,5,11905,卖盘
2123,10:05:08,23.83,0.02,21,50043,买盘
2124,10:05:02,23.81,0.01,4,9524,中性盘
2125,10:04:59,23.8,-0.04,10,23800,卖盘
2126,10:04:56,23.84,--,3,7152,买盘
2127,10:04:53,23.84,0.03,2,4768,买盘
2128,10:04:50,23.81,--,1,2381,买盘
2129,10:04:47,23.81,--,20,47620,买盘
2130,10:04:44,23.81,0.01,10,23810,中性盘
2131,10:04:32,23.8,--,29,69020,卖盘
2132,10:04:29,23.8,--,19,45220,卖盘
2133,10:04:23,23.8,--,141,335580,买盘
2134,10:04:20,23.8,--,6,14280,买盘
2135,10:04:17,23.8,--,1,2380,买盘
2136,10:04:11,23.8,-0.01,138,328440,卖盘
2137,10:04:02,23.81,0.01,8,19048,卖盘
2138,10:03:56,23.8,-0.03,30,71400,卖盘
2139,10:03:53,23.83,0.02,17,40511,中性盘
2140,10:03:47,23.81,--,4,9524,卖盘
2141,10:03:41,23.81,--,28,66668,卖盘
2142,10:03:32,23.81,--,7,16667,卖盘
2143,10:03:26,23.81,-0.08,28,66668,卖盘
2144,10:03:20,23.89,0.08,20,47780,买盘
2145,10:03:17,23.81,-0.07,4,9524,卖盘
2146,10:03:14,23.88,--,4,9552,卖盘
2147,10:03:11,23.88,0.07,15,35820,中性盘
2148,10:03:02,23.81,-0.08,370,880970,卖盘
2149,10:02:59,23.89,--,7,16723,买盘
2150,10:02:56,23.89,0.01,2,4778,买盘
2151,10:02:53,23.88,--,32,76416,卖盘
2152,10:02:50,23.88,--,10,23880,卖盘
2153,10:02:47,23.88,0.01,1,2388,中性盘
2154,10:02:44,23.87,-0.02,10,23870,卖盘
2155,10:02:41,23.89,0.01,29,69281,买盘
2156,10:02:32,23.88,--,5,11940,买盘
2157,10:02:29,23.88,--,15,35820,卖盘
2158,10:02:17,23.88,-0.01,4,9552,卖盘
2159,10:02:14,23.89,0.01,37,88393,买盘
2160,10:02:11,23.88,--,9,21492,买盘
2161,10:02:08,23.88,-0.01,16,38208,卖盘
2162,10:02:05,23.89,0.01,10,23890,买盘
2163,10:02:02,23.88,--,14,33432,买盘
2164,10:01:56,23.88,--,8,19104,卖盘
2165,10:01:53,23.88,--,63,150444,卖盘
2166,10:01:50,23.88,-0.01,1,2388,卖盘
2167,10:01:44,23.89,0.02,5,11945,中性盘
2168,10:01:32,23.87,--,13,31031,卖盘
2169,10:01:29,23.87,-0.03,19,45353,卖盘
2170,10:01:20,23.9,--,28,66920,卖盘
2171,10:01:17,23.9,0.02,153,365670,买盘
2172,10:01:08,23.88,--,1,2388,买盘
2173,10:01:02,23.88,-0.02,110,262680,卖盘
2174,10:00:59,23.9,--,7,16730,买盘
2175,10:00:50,23.9,--,6,14340,买盘
2176,10:00:47,23.9,-0.01,2,4780,买盘
2177,10:00:44,23.91,0.01,44,105204,买盘
2178,10:00:41,23.9,-0.01,90,215100,卖盘
2179,10:00:38,23.91,0.01,12,28692,买盘
2180,10:00:35,23.9,--,23,54970,买盘
2181,10:00:29,23.9,--,8,19120,买盘
2182,10:00:23,23.9,0.01,1,2390,买盘
2183,10:00:20,23.89,-0.01,6,14334,卖盘
2184,10:00:14,23.9,0.01,13,31069,买盘
2185,10:00:11,23.89,--,7,16723,卖盘
2186,10:00:08,23.89,-0.01,20,47780,卖盘
2187,10:00:02,23.9,0.01,3,7170,买盘
2188,09:59:59,23.89,-0.01,109,260401,卖盘
2189,09:59:56,23.9,--,2,4780,买盘
2190,09:59:53,23.9,--,27,64529,买盘
2191,09:59:50,23.9,--,10,23900,买盘
2192,09:59:47,23.9,0.01,9,21510,买盘
2193,09:59:44,23.89,-0.01,111,265179,卖盘
2194,09:59:41,23.9,-0.02,34,81260,中性盘
2195,09:59:32,23.92,0.02,45,107640,买盘
2196,09:59:29,23.9,--,24,57360,卖盘
2197,09:59:26,23.9,--,29,69310,卖盘
2198,09:59:23,23.9,-0.02,80,191200,卖盘
2199,09:59:20,23.92,0.02,6,14352,中性盘
2200,09:59:17,23.9,-0.02,17,40630,卖盘
2201,09:59:14,23.92,-0.02,5,11960,买盘
2202,09:59:11,23.94,0.01,56,134064,买盘
2203,09:59:08,23.93,0.01,74,177082,买盘
2204,09:59:05,23.92,--,26,62192,买盘
2205,09:59:02,23.92,0.01,32,76544,中性盘
2206,09:58:56,23.91,-0.01,55,131505,卖盘
2207,09:58:50,23.92,-0.01,53,126776,卖盘
2208,09:58:47,23.93,0.01,27,64611,买盘
2209,09:58:44,23.92,--,110,263120,买盘
2210,09:58:41,23.92,0.02,11,26312,买盘
2211,09:58:35,23.9,-0.01,40,95600,卖盘
2212,09:58:32,23.91,--,13,31083,卖盘
2213,09:58:26,23.91,0.01,11,26301,买盘
2214,09:58:23,23.9,--,169,403910,卖盘
2215,09:58:20,23.9,--,18,43020,卖盘
2216,09:58:14,23.9,0.01,87,207930,买盘
2217,09:58:11,23.89,-0.01,34,81226,卖盘
2218,09:58:08,23.9,--,18,43020,买盘
2219,09:58:05,23.9,0.01,100,239000,买盘
2220,09:58:02,23.89,--,12,28668,卖盘
2221,09:57:59,23.89,--,7,16723,卖盘
2222,09:57:56,23.89,--,139,332071,买盘
2223,09:57:50,23.89,0.01,10,23890,买盘
2224,09:57:47,23.88,--,5,11940,卖盘
2225,09:57:41,23.88,--,26,62088,卖盘
2226,09:57:38,23.88,--,116,277008,买盘
2227,09:57:35,23.88,--,15,35820,买盘
2228,09:57:32,23.88,0.01,122,291336,买盘
2229,09:57:26,23.87,--,24,57288,买盘
2230,09:57:23,23.87,0.01,29,69223,买盘
2231,09:57:20,23.86,-0.01,17,40562,卖盘
2232,09:57:17,23.87,0.01,11,26257,买盘
2233,09:57:11,23.86,--,2,4772,卖盘
2234,09:57:08,23.86,--,1,2386,卖盘
2235,09:56:59,23.86,--,15,35790,买盘
2236,09:56:53,23.86,--,14,33404,买盘
2237,09:56:47,23.86,0.01,2,4772,买盘
2238,09:56:41,23.85,--,117,279879,买盘
2239,09:56:38,23.85,--,9,21465,买盘
2240,09:56:35,23.85,--,10,23850,买盘
2241,09:56:29,23.85,--,5,11925,买盘
2242,09:56:23,23.85,0.02,15,35775,买盘
2243,09:56:17,23.83,0.02,24,57191,买盘
2244,09:56:11,23.81,--,3,7143,卖盘
2245,09:56:08,23.81,--,1,2381,卖盘
2246,09:56:05,23.81,--,26,61906,买盘
2247,09:56:02,23.81,0.01,19,45239,买盘
2248,09:55:56,23.8,--,5,11900,卖盘
2249,09:55:47,23.8,0.01,3,7140,卖盘
2250,09:55:44,23.79,-0.01,71,168909,卖盘
2251,09:55:41,23.8,0.01,21,49980,买盘
2252,09:55:19,23.79,--,35,83265,买盘
2253,09:55:13,23.79,--,8,19032,买盘
2254,09:55:10,23.79,--,68,161772,买盘
2255,09:55:04,23.79,--,64,152256,买盘
2256,09:54:58,23.79,--,3,7137,买盘
2257,09:54:55,23.79,--,10,23790,买盘
2258,09:54:52,23.79,0.01,10,23790,买盘
2259,09:54:49,23.78,-0.01,13,30914,卖盘
2260,09:54:46,23.79,0.01,2,4758,买盘
2261,09:54:43,23.78,-0.01,22,52316,卖盘
2262,09:54:40,23.79,--,48,114192,买盘
2263,09:54:34,23.79,0.01,14,33306,买盘
2264,09:54:31,23.78,-0.01,40,95120,卖盘
2265,09:54:25,23.79,0.01,3,7137,买盘
2266,09:54:22,23.78,-0.01,2,4756,卖盘
2267,09:54:07,23.79,0.01,30,71370,买盘
2268,09:54:04,23.78,-0.01,77,183106,卖盘
2269,09:54:01,23.79,-0.01,4,9516,卖盘
2270,09:53:58,23.8,0.01,15,35700,买盘
2271,09:53:55,23.79,--,15,35685,卖盘
2272,09:53:52,23.79,--,5,11895,卖盘
2273,09:53:46,23.79,--,26,61854,卖盘
2274,09:53:43,23.79,--,13,30927,卖盘
2275,09:53:34,23.79,--,30,71370,卖盘
2276,09:53:28,23.79,0.01,21,49959,买盘
2277,09:53:25,23.78,-0.01,23,54694,卖盘
2278,09:53:16,23.79,--,3,7137,买盘
2279,09:53:13,23.79,-0.01,16,38064,卖盘
2280,09:53:10,23.8,0.01,24,57120,买盘
2281,09:53:07,23.79,--,8,19032,卖盘
2282,09:53:04,23.79,--,5,11895,卖盘
2283,09:53:01,23.79,--,53,126087,卖盘
2284,09:52:58,23.79,--,10,23790,卖盘
2285,09:52:52,23.79,--,20,47580,买盘
2286,09:52:46,23.79,0.01,4,9516,买盘
2287,09:52:40,23.78,-0.01,44,104632,卖盘
2288,09:52:37,23.79,--,5,11895,买盘
2289,09:52:25,23.79,0.01,3,7137,中性盘
2290,09:52:07,23.78,--,34,80852,卖盘
2291,09:52:04,23.78,-0.02,10,23780,卖盘
2292,09:52:01,23.8,0.03,30,71400,买盘
2293,09:51:58,23.77,--,10,23770,卖盘
2294,09:51:55,23.77,-0.03,5,11885,卖盘
2295,09:51:52,23.8,0.02,10,23800,买盘
2296,09:51:49,23.78,--,5,11890,卖盘
2297,09:51:46,23.78,-0.01,37,87986,卖盘
2298,09:51:43,23.79,0.02,4,9516,买盘
2299,09:51:37,23.77,-0.03,10,23770,卖盘
2300,09:51:28,23.8,0.03,16,38080,买盘
2301,09:51:22,23.77,-0.02,60,142620,卖盘
2302,09:51:16,23.79,0.01,53,126087,买盘
2303,09:51:13,23.78,--,20,47560,卖盘
2304,09:51:10,23.78,--,3,7134,卖盘
2305,09:51:07,23.78,--,2,4756,卖盘
2306,09:51:01,23.78,0.01,17,40426,买盘
2307,09:50:58,23.77,--,10,23770,买盘
2308,09:50:55,23.77,0.01,5,11885,买盘
2309,09:50:52,23.76,-0.02,28,66528,卖盘
2310,09:50:46,23.78,--,2,4756,买盘
2311,09:50:43,23.78,--,3,7134,买盘
2312,09:50:40,23.78,-0.01,94,223532,卖盘
2313,09:50:34,23.79,-0.01,81,192699,卖盘
2314,09:50:31,23.8,0.02,4,9520,中性盘
2315,09:50:25,23.78,-0.02,112,266336,卖盘
2316,09:50:19,23.8,--,4,9520,卖盘
2317,09:50:16,23.8,0.01,29,69020,买盘
2318,09:50:13,23.79,-0.01,13,30927,卖盘
2319,09:50:10,23.8,-0.01,3,7140,买盘
2320,09:50:04,23.81,-0.01,3,7143,卖盘
2321,09:49:55,23.82,0.02,16,38112,买盘
2322,09:49:52,23.8,--,15,35700,卖盘
2323,09:49:49,23.8,--,10,23800,卖盘
2324,09:49:46,23.8,-0.02,1,2380,卖盘
2325,09:49:40,23.82,--,5,11910,买盘
2326,09:49:37,23.82,0.01,14,33348,买盘
2327,09:49:34,23.81,--,18,42858,买盘
2328,09:49:31,23.81,-0.01,561,1337098,卖盘
2329,09:49:28,23.82,0.01,14,33348,买盘
2330,09:49:25,23.81,-0.02,9,21429,卖盘
2331,09:49:22,23.83,0.02,28,66724,买盘
2332,09:49:19,23.81,-0.02,611,1456933,卖盘
2333,09:49:13,23.83,0.01,8,19064,买盘
2334,09:49:07,23.82,-0.01,2,4764,卖盘
2335,09:49:04,23.83,0.01,10,23830,买盘
2336,09:49:01,23.82,-0.01,9,21438,中性盘
2337,09:48:52,23.83,0.03,225,537437,买盘
2338,09:48:46,23.8,--,10,23800,买盘
2339,09:48:43,23.8,--,126,300998,卖盘
2340,09:48:40,23.8,-0.01,14,33320,卖盘
2341,09:48:37,23.81,--,2,4762,买盘
2342,09:48:34,23.81,0.01,20,47620,买盘
2343,09:48:31,23.8,--,11,26180,卖盘
2344,09:48:19,23.8,-0.01,30,71400,卖盘
2345,09:48:16,23.81,--,50,119050,卖盘
2346,09:48:13,23.81,--,4,9524,卖盘
2347,09:48:07,23.81,--,21,50001,卖盘
2348,09:48:04,23.81,-0.01,2,4762,卖盘
2349,09:48:01,23.82,--,1,2382,买盘
2350,09:47:55,23.82,0.02,41,97662,买盘
2351,09:47:52,23.8,--,2,4760,卖盘
2352,09:47:49,23.8,-0.02,22,52360,卖盘
2353,09:47:46,23.82,--,5,11910,买盘
2354,09:47:40,23.82,-0.01,8,19056,中性盘
2355,09:47:31,23.83,--,13,30978,买盘
2356,09:47:28,23.83,-0.02,10,23830,买盘
2357,09:47:25,23.85,0.01,113,269505,买盘
2358,09:47:22,23.84,0.01,13,30992,买盘
2359,09:47:16,23.83,-0.01,31,75421,卖盘
2360,09:47:13,23.84,0.01,4,10370,买盘
2361,09:47:10,23.83,-0.01,19,45277,卖盘
2362,09:47:01,23.84,--,4,9536,买盘
2363,09:46:58,23.84,--,76,181184,买盘
2364,09:46:52,23.84,0.04,5,11920,卖盘
2365,09:46:46,23.8,-0.03,608,1447040,卖盘
2366,09:46:40,23.83,-0.02,11,26212,卖盘
2367,09:46:37,23.85,--,10,23850,买盘
2368,09:46:34,23.85,0.02,9,21655,买盘
2369,09:46:28,23.83,-0.02,10,23830,卖盘
2370,09:46:25,23.85,0.02,17,40545,买盘
2371,09:46:22,23.83,--,2,4766,卖盘
2372,09:46:19,23.83,-0.02,10,23830,卖盘
2373,09:46:16,23.85,--,17,40545,买盘
2374,09:46:07,23.85,0.02,17,40545,买盘
2375,09:46:04,23.83,-0.02,7,16681,卖盘
2376,09:45:58,23.85,--,12,28620,买盘
2377,09:45:52,23.85,--,13,31005,买盘
2378,09:45:49,23.85,--,9,21465,买盘
2379,09:45:46,23.85,-0.02,60,143100,卖盘
2380,09:45:43,23.87,--,1,2387,买盘
2381,09:45:40,23.87,-0.01,1,2387,中性盘
2382,09:45:37,23.88,--,1,2388,买盘
2383,09:45:34,23.88,--,33,78804,买盘
2384,09:45:25,23.88,-0.01,6,14328,卖盘
2385,09:45:22,23.89,0.01,13,31057,买盘
2386,09:45:19,23.88,0.05,7,16716,卖盘
2387,09:45:16,23.83,--,48,114383,买盘
2388,09:45:13,23.83,--,90,214469,买盘
2389,09:45:10,23.83,-0.05,21,50043,卖盘
2390,09:45:04,23.88,-0.01,15,35820,卖盘
2391,09:44:58,23.89,0.08,64,152896,买盘
2392,09:44:55,23.81,-0.04,54,128574,卖盘
2393,09:44:52,23.85,-0.04,99,236115,卖盘
2394,09:44:49,23.89,0.01,31,74059,买盘
2395,09:44:43,23.88,0.01,2,4776,中性盘
2396,09:44:40,23.87,-0.01,10,23870,卖盘
2397,09:44:28,23.88,--,1,2388,卖盘
2398,09:44:22,23.88,0.03,48,114624,买盘
2399,09:44:13,23.85,-0.01,13,31005,卖盘
2400,09:44:10,23.86,--,24,57264,买盘
2401,09:44:04,23.86,0.01,7,16702,买盘
2402,09:43:55,23.85,--,13,31005,卖盘
2403,09:43:46,23.85,--,20,48892,买盘
2404,09:43:43,23.85,--,4,9540,买盘
2405,09:43:40,23.85,--,2,4770,买盘
2406,09:43:34,23.85,--,5,11925,买盘
2407,09:43:31,23.85,0.04,10,23850,买盘
2408,09:43:22,23.81,0.01,2,4762,卖盘
2409,09:43:19,23.8,-0.01,380,906661,卖盘
2410,09:43:10,23.81,-0.02,9,21429,卖盘
2411,09:43:07,23.83,--,24,57191,买盘
2412,09:43:04,23.83,--,17,40511,买盘
2413,09:42:58,23.83,--,2,4766,买盘
2414,09:42:49,23.83,--,4,9532,买盘
2415,09:42:46,23.83,0.01,45,107234,买盘
2416,09:42:43,23.82,--,3,7146,中性盘
2417,09:42:37,23.82,-0.01,15,35730,卖盘
2418,09:42:28,23.83,0.02,19,45277,买盘
2419,09:42:19,23.81,-0.02,18,42858,卖盘
2420,09:42:16,23.83,0.01,5,11915,买盘
2421,09:42:13,23.82,--,16,38112,卖盘
2422,09:42:10,23.82,--,6,14292,买盘
2423,09:42:07,23.82,--,12,28584,买盘
2424,09:41:58,23.82,0.01,15,35730,买盘
2425,09:41:55,23.81,-0.01,48,114288,卖盘
2426,09:41:52,23.82,--,58,138156,卖盘
2427,09:41:49,23.82,-0.01,3,7146,卖盘
2428,09:41:43,23.83,0.01,22,52425,买盘
2429,09:41:40,23.82,--,15,35730,买盘
2430,09:41:37,23.82,0.01,2,4764,买盘
2431,09:41:34,23.81,-0.02,14,33334,卖盘
2432,09:41:31,23.83,0.01,6,14297,买盘
2433,09:41:28,23.82,0.01,133,316806,卖盘
2434,09:41:25,23.81,-0.01,36,85716,卖盘
2435,09:41:22,23.82,--,43,102426,卖盘
2436,09:41:19,23.82,-0.01,4,9528,卖盘
2437,09:41:16,23.83,0.02,20,47660,买盘
2438,09:41:13,23.81,--,49,116669,卖盘
2439,09:41:10,23.81,-0.01,15,35715,卖盘
2440,09:41:07,23.82,0.01,4,9528,卖盘
2441,09:41:04,23.81,-0.01,20,47620,卖盘
2442,09:41:01,23.82,0.01,6,14292,中性盘
2443,09:40:55,23.81,-0.01,52,123812,卖盘
2444,09:40:49,23.82,--,14,33348,买盘
2445,09:40:46,23.82,0.01,29,69078,买盘
2446,09:40:40,23.81,--,22,52382,卖盘
2447,09:40:37,23.81,--,1,2381,卖盘
2448,09:40:34,23.81,-0.01,29,69049,卖盘
2449,09:40:31,23.82,0.01,122,290604,买盘
2450,09:40:25,23.81,--,60,142860,买盘
2451,09:40:22,23.81,--,6,14286,买盘
2452,09:40:19,23.81,--,3,7143,买盘
2453,09:40:16,23.81,0.01,2,4762,买盘
2454,09:40:13,23.8,-0.01,39,92820,卖盘
2455,09:40:10,23.81,-0.01,11,26191,卖盘
2456,09:40:07,23.82,0.01,5,11910,买盘
2457,09:40:04,23.81,0.01,6,14286,卖盘
2458,09:40:01,23.8,--,5,11900,买盘
2459,09:39:58,23.8,--,3,7140,买盘
2460,09:39:55,23.8,-0.02,152,361760,卖盘
2461,09:39:52,23.82,--,3,7146,买盘
2462,09:39:46,23.82,--,21,50022,买盘
2463,09:39:43,23.82,--,3,7146,买盘
2464,09:39:40,23.82,-0.01,11,26202,卖盘
2465,09:39:37,23.83,--,15,35745,买盘
2466,09:39:34,23.83,0.01,13,30978,买盘
2467,09:39:31,23.82,-0.01,32,76224,卖盘
2468,09:39:28,23.83,-0.01,13,32170,卖盘
2469,09:39:25,23.84,--,2,5960,买盘
2470,09:39:22,23.84,-0.02,40,96552,卖盘
2471,09:39:19,23.86,--,78,186108,买盘
2472,09:39:13,23.86,--,18,42948,买盘
2473,09:39:10,23.86,-0.02,63,150318,卖盘
2474,09:39:07,23.88,0.02,96,229248,买盘
2475,09:39:01,23.86,-0.01,68,162248,卖盘
2476,09:38:58,23.87,-0.01,20,47740,中性盘
2477,09:38:55,23.88,0.01,58,138504,买盘
2478,09:38:52,23.87,-0.01,16,38192,卖盘
2479,09:38:49,23.88,0.02,50,119400,买盘
2480,09:38:46,23.86,--,3,7158,卖盘
2481,09:38:40,23.86,--,38,90668,卖盘
2482,09:38:37,23.86,--,6,14316,卖盘
2483,09:38:34,23.86,-0.03,8,19088,卖盘
2484,09:38:31,23.89,--,42,100338,买盘
2485,09:38:28,23.89,-0.01,88,210232,卖盘
2486,09:38:25,23.9,0.01,59,141010,买盘
2487,09:38:22,23.89,--,52,124228,卖盘
2488,09:38:13,23.89,0.03,48,114672,买盘
2489,09:38:10,23.86,-0.01,85,202810,卖盘
2490,09:38:04,23.87,0.01,21,50127,卖盘
2491,09:38:01,23.86,-0.02,60,143160,卖盘
2492,09:37:58,23.88,--,8,19104,买盘
2493,09:37:55,23.88,--,24,57312,买盘
2494,09:37:52,23.88,-0.01,79,188652,买盘
2495,09:37:49,23.89,--,39,93171,买盘
2496,09:37:46,23.89,--,2,4778,卖盘
2497,09:37:43,23.89,0.02,30,71670,买盘
2498,09:37:40,23.87,-0.02,28,66836,卖盘
2499,09:37:34,23.89,0.03,80,191120,买盘
2500,09:37:22,23.86,--,67,159862,买盘
2501,09:37:19,23.86,-0.01,5,11930,买盘
2502,09:37:16,23.87,0.02,6,14322,买盘
2503,09:37:13,23.85,-0.01,10,23850,卖盘
2504,09:37:10,23.86,0.01,25,60843,买盘
2505,09:37:04,23.85,-0.01,6,14310,中性盘
2506,09:36:58,23.86,--,10,23860,买盘
2507,09:36:55,23.86,0.02,16,38176,买盘
2508,09:36:43,23.84,0.01,66,157344,买盘
2509,09:36:40,23.83,-0.01,4,9532,中性盘
2510,09:36:37,23.84,--,10,23840,买盘
2511,09:36:34,23.84,--,6,14304,买盘
2512,09:36:25,23.84,--,85,203832,买盘
2513,09:36:19,23.84,0.01,13,30992,买盘
2514,09:36:10,23.83,0.02,114,272853,买盘
2515,09:36:07,23.81,0.01,71,169051,买盘
2516,09:36:04,23.8,-0.01,135,321300,卖盘
2517,09:36:01,23.81,--,114,271434,卖盘
2518,09:35:55,23.81,-0.01,30,71430,中性盘
2519,09:35:52,23.82,0.02,82,195324,买盘
2520,09:35:46,23.8,--,46,109480,买盘
2521,09:35:34,23.8,-0.01,29,70210,卖盘
2522,09:35:31,23.81,--,34,82144,买盘
2523,09:35:25,23.81,0.02,55,130955,买盘
2524,09:35:19,23.79,--,11,26169,买盘
2525,09:35:13,23.79,0.01,16,38064,卖盘
2526,09:35:10,23.78,--,39,92742,卖盘
2527,09:35:03,23.78,--,11,26158,卖盘
2528,09:35:00,23.78,-0.02,57,135546,卖盘
2529,09:34:57,23.8,0.02,10,23800,卖盘
2530,09:34:54,23.78,-0.02,8,19024,卖盘
2531,09:34:48,23.8,0.01,5,11900,买盘
2532,09:34:45,23.79,0.01,1,2379,买盘
2533,09:34:42,23.78,-0.03,60,142680,卖盘
2534,09:34:36,23.81,0.01,7,16667,买盘
2535,09:34:33,23.8,--,16,38080,买盘
2536,09:34:30,23.8,0.01,31,73780,买盘
2537,09:34:27,23.79,--,1,2379,买盘
2538,09:34:24,23.79,-0.02,73,174856,卖盘
2539,09:34:21,23.81,0.01,68,161908,买盘
2540,09:34:18,23.8,-0.01,33,78540,卖盘
2541,09:34:15,23.81,0.01,1,2381,买盘
2542,09:34:09,23.8,--,20,48790,卖盘
2543,09:34:06,23.8,--,40,95200,买盘
2544,09:34:03,23.8,0.02,55,130900,买盘
2545,09:34:00,23.78,--,5,11890,卖盘
2546,09:33:57,23.78,--,5,11890,卖盘
2547,09:33:54,23.78,--,7,16646,卖盘
2548,09:33:45,23.78,--,8,19024,卖盘
2549,09:33:42,23.78,--,43,102254,买盘
2550,09:33:33,23.78,--,100,237800,买盘
2551,09:33:30,23.78,0.05,7,16646,买盘
2552,09:33:21,23.73,-0.02,66,156618,卖盘
2553,09:33:18,23.75,0.02,12,28500,买盘
2554,09:33:12,23.73,-0.05,10,23730,卖盘
2555,09:33:09,23.78,0.06,100,237800,买盘
2556,09:33:03,23.72,-0.03,9,21348,卖盘
2557,09:33:00,23.75,0.02,41,97375,买盘
2558,09:32:57,23.73,-0.02,4,9492,买盘
2559,09:32:51,23.75,--,13,30875,买盘
2560,09:32:48,23.75,0.03,5,11875,买盘
2561,09:32:45,23.72,-0.03,13,30836,中性盘
2562,09:32:42,23.75,0.03,32,76000,买盘
2563,09:32:39,23.72,--,34,80648,卖盘
2564,09:32:36,23.72,-0.03,38,90136,卖盘
2565,09:32:33,23.75,--,24,57000,买盘
2566,09:32:30,23.75,--,6,14250,买盘
2567,09:32:27,23.75,0.03,20,47500,买盘
2568,09:32:24,23.72,-0.03,16,37952,卖盘
2569,09:32:15,23.75,0.04,5,11875,买盘
2570,09:32:06,23.71,-0.04,26,61646,卖盘
2571,09:32:03,23.75,--,7,16625,卖盘
2572,09:32:00,23.75,-0.03,35,83125,卖盘
2573,09:31:45,23.78,--,87,206886,买盘
2574,09:31:39,23.78,--,202,480356,买盘
2575,09:31:36,23.78,--,10,23780,买盘
2576,09:31:33,23.78,-0.03,70,166460,卖盘
2577,09:31:21,23.81,--,3,7143,卖盘
2578,09:31:18,23.81,0.02,55,130955,买盘
2579,09:31:15,23.79,-0.02,90,214110,卖盘
2580,09:31:09,23.81,--,6,14286,卖盘
2581,09:31:06,23.81,--,2,4762,卖盘
2582,09:31:03,23.81,--,44,104764,卖盘
2583,09:31:00,23.81,0.01,29,69049,买盘
2584,09:30:57,23.8,0.01,1,2380,买盘
2585,09:30:48,23.79,--,10,23790,卖盘
2586,09:30:45,23.79,--,2,4758,卖盘
2587,09:30:36,23.79,0.04,7,16653,买盘
2588,09:30:27,23.75,0.02,19,45125,买盘
2589,09:30:24,23.73,0.03,10,23730,买盘
2590,09:30:21,23.7,-0.03,19,45030,卖盘
2591,09:30:15,23.73,--,1,2373,买盘
2592,09:30:12,23.73,0.03,26,61698,买盘
2593,09:30:06,23.7,0.03,498,1180260,买盘
2594,09:30:03,23.67,-0.02,202,478134,卖盘
2595,09:25:21,23.69,--,0,0,卖盘
2596,09:25:00,23.69,23.69,218,516442,买盘
