,time,price,change,volume,amount,type
0,15:00:21,16.52,--,6174,10199910,卖盘
1,14:57:38,16.52,--,0,0,买盘
2,14:57:05,16.52,--,13,21476,卖盘
3,14:56:56,16.52,0.01,47,77644,卖盘
4,14:56:53,16.51,-0.01,109,179959,卖盘
5,14:56:50,16.52,0.01,224,370774,买盘
6,14:56:47,16.51,--,80,132080,卖盘
7,14:56:44,16.51,-0.01,79,130429,卖盘
8,14:56:41,16.52,0.01,89,147028,买盘
9,14:56:38,16.51,--,332,548132,卖盘
10,14:56:32,16.51,--,200,330200,卖盘
11,14:56:29,16.51,-0.01,67,110617,卖盘
12,14:56:26,16.52,--,121,199892,买盘
13,14:56:23,16.52,--,24,39648,买盘
14,14:56:20,16.52,0.01,163,269276,买盘
15,14:56:17,16.51,-0.01,304,501904,卖盘
16,14:56:14,16.52,0.01,164,270928,买盘
17,14:56:11,16.51,-0.01,46,75946,卖盘
18,14:56:08,16.52,--,110,181720,买盘
19,14:56:02,16.52,--,53,87556,买盘
20,14:55:59,16.52,0.01,21,34692,买盘
21,14:55:53,16.51,--,91,150241,卖盘
22,14:55:50,16.51,-0.01,21,34671,卖盘
23,14:55:47,16.52,0.01,25,41300,买盘
24,14:55:44,16.51,-0.01,50,82550,卖盘
25,14:55:41,16.52,--,208,343616,买盘
26,14:55:35,16.52,0.01,297,490644,买盘
27,14:55:32,16.51,--,14,23114,卖盘
28,14:55:29,16.51,--,51,84201,卖盘
29,14:55:26,16.51,--,38,62738,卖盘
30,14:55:20,16.51,--,151,249301,中性盘
31,14:55:17,16.51,0.01,68,112268,买盘
32,14:55:14,16.5,-0.01,101,166650,卖盘
33,14:55:08,16.51,--,229,378079,卖盘
34,14:55:05,16.51,--,351,581085,买盘
35,14:55:02,16.51,0.01,180,297180,买盘
36,14:54:59,16.5,-0.01,68,112200,卖盘
37,14:54:56,16.51,--,76,125476,买盘
38,14:54:53,16.51,0.01,80,132080,买盘
39,14:54:50,16.5,--,29,47916,卖盘
40,14:54:47,16.5,--,142,234300,卖盘
41,14:54:44,16.5,-0.01,36,60984,卖盘
42,14:54:41,16.51,0.01,120,198120,买盘
43,14:54:35,16.5,-0.01,33,54516,卖盘
44,14:54:32,16.51,0.01,76,125476,买盘
45,14:54:29,16.5,--,12,21384,卖盘
46,14:54:26,16.5,--,104,171600,卖盘
47,14:54:23,16.5,--,386,636900,买盘
48,14:54:14,16.5,-0.01,213,351516,卖盘
49,14:54:11,16.51,0.01,156,259140,买盘
50,14:54:08,16.5,-0.01,172,283800,卖盘
51,14:54:05,16.51,--,84,138684,买盘
52,14:54:02,16.51,--,89,147005,买盘
53,14:53:59,16.51,--,26,42926,买盘
54,14:53:56,16.51,--,140,231140,买盘
55,14:53:50,16.51,--,220,363220,买盘
56,14:53:47,16.51,--,164,270764,买盘
57,14:53:44,16.51,--,2,4886,买盘
58,14:53:41,16.51,0.01,133,219649,买盘
59,14:53:38,16.5,--,2,3300,卖盘
60,14:53:35,16.5,-0.01,44,72600,卖盘
61,14:53:32,16.51,0.01,132,217932,买盘
62,14:53:26,16.5,--,72,118800,买盘
63,14:53:23,16.5,--,54,90684,买盘
64,14:53:20,16.5,0.01,58,95700,买盘
65,14:53:17,16.49,-0.01,31,51184,卖盘
66,14:53:14,16.5,--,300,495000,买盘
67,14:53:08,16.5,--,84,140184,买盘
68,14:53:05,16.5,--,129,212916,买盘
69,14:53:02,16.5,--,146,242484,买盘
70,14:52:56,16.5,--,48,79200,买盘
71,14:52:53,16.5,0.01,46,75900,买盘
72,14:52:50,16.49,-0.01,204,336395,卖盘
73,14:52:47,16.5,0.01,232,382800,买盘
74,14:52:41,16.49,-0.01,72,118727,卖盘
75,14:52:38,16.5,0.01,55,90816,买盘
76,14:52:35,16.49,-0.01,202,334681,卖盘
77,14:52:32,16.5,--,172,283800,买盘
78,14:52:29,16.5,--,10,16500,买盘
79,14:52:26,16.5,0.01,149,245916,买盘
80,14:52:23,16.49,--,6,11477,卖盘
81,14:52:20,16.49,--,18,29681,卖盘
82,14:52:17,16.49,--,242,399057,卖盘
83,14:52:14,16.49,-0.01,38,62661,卖盘
84,14:52:11,16.5,0.01,45,74316,买盘
85,14:52:08,16.49,--,4,8179,卖盘
86,14:52:05,16.49,--,48,79151,卖盘
87,14:51:59,16.49,--,34,56065,买盘
88,14:51:56,16.49,--,75,123740,买盘
89,14:51:53,16.49,0.01,14,23085,买盘
90,14:51:50,16.48,-0.01,112,184576,卖盘
91,14:51:47,16.49,--,76,125323,买盘
92,14:51:44,16.49,--,102,168197,买盘
93,14:51:41,16.49,--,52,85747,买盘
94,14:51:38,16.49,--,154,253945,买盘
95,14:51:35,16.49,--,24,39575,买盘
96,14:51:32,16.49,--,126,207773,卖盘
97,14:51:26,16.49,--,14,23085,卖盘
98,14:51:23,16.49,--,46,77437,卖盘
99,14:51:20,16.49,--,221,364494,卖盘
100,14:51:17,16.49,-0.01,146,242337,卖盘
101,14:51:14,16.5,0.01,63,104016,买盘
102,14:51:11,16.49,-0.01,8,13191,卖盘
103,14:51:08,16.5,--,210,346500,买盘
104,14:51:05,16.5,0.01,112,184800,买盘
105,14:51:02,16.49,-0.01,16,26383,卖盘
106,14:50:59,16.5,0.01,236,390984,买盘
107,14:50:56,16.49,-0.01,206,339693,卖盘
108,14:50:47,16.5,0.01,171,282216,买盘
109,14:50:44,16.49,-0.02,8,14775,卖盘
110,14:50:41,16.51,0.02,162,267462,买盘
111,14:50:38,16.49,-0.01,292,481507,卖盘
112,14:50:35,16.5,--,8,13200,买盘
113,14:50:32,16.5,--,105,173316,买盘
114,14:50:29,16.5,-0.01,111,183744,卖盘
115,14:50:26,16.51,0.01,86,141986,买盘
116,14:50:23,16.5,--,126,207900,卖盘
117,14:50:20,16.5,-0.01,112,186120,卖盘
118,14:50:17,16.51,0.01,265,437515,买盘
119,14:50:11,16.5,--,42,69300,卖盘
120,14:50:08,16.5,--,68,112200,卖盘
121,14:50:05,16.5,--,283,466950,卖盘
122,14:50:02,16.5,--,163,268950,卖盘
123,14:49:56,16.5,-0.01,84,138600,卖盘
124,14:49:53,16.51,--,66,108966,买盘
125,14:49:50,16.51,0.01,118,194818,买盘
126,14:49:47,16.5,--,225,371250,卖盘
127,14:49:41,16.5,--,115,189750,卖盘
128,14:49:38,16.5,-0.01,85,140250,卖盘
129,14:49:35,16.51,0.01,88,145288,买盘
130,14:49:32,16.5,-0.01,103,169950,卖盘
131,14:49:29,16.51,0.01,64,105664,买盘
132,14:49:26,16.5,--,21,34650,卖盘
133,14:49:23,16.5,--,140,231000,卖盘
134,14:49:20,16.5,-0.01,48,79200,卖盘
135,14:49:17,16.51,--,111,183261,买盘
136,14:49:14,16.51,0.01,20,33020,买盘
137,14:49:08,16.5,-0.01,91,150150,卖盘
138,14:49:05,16.51,-0.01,484,800140,卖盘
139,14:49:02,16.52,--,37,61124,卖盘
140,14:48:59,16.52,-0.01,72,118944,卖盘
141,14:48:56,16.53,0.01,27,44631,买盘
142,14:48:53,16.52,--,50,82600,卖盘
143,14:48:50,16.52,--,99,163548,卖盘
144,14:48:44,16.52,--,133,219716,卖盘
145,14:48:41,16.52,--,61,100772,卖盘
146,14:48:38,16.52,0.01,101,166852,中性盘
147,14:48:32,16.51,--,93,153543,卖盘
148,14:48:29,16.51,-0.01,345,569595,卖盘
149,14:48:26,16.52,0.01,46,77313,买盘
150,14:48:23,16.51,-0.01,24,39624,卖盘
151,14:48:20,16.52,0.01,107,176764,买盘
152,14:48:17,16.51,-0.01,36,59436,卖盘
153,14:48:14,16.52,-0.01,78,129186,卖盘
154,14:48:11,16.53,0.01,293,484329,买盘
155,14:48:08,16.52,--,87,143724,卖盘
156,14:48:05,16.52,--,6,9912,卖盘
157,14:48:02,16.52,--,106,175112,卖盘
158,14:47:59,16.52,--,5,8260,卖盘
159,14:47:56,16.52,--,2,3304,卖盘
160,14:47:53,16.52,--,45,74340,卖盘
161,14:47:50,16.52,--,38,62776,卖盘
162,14:47:47,16.52,--,10,16520,卖盘
163,14:47:44,16.52,0.01,120,199561,买盘
164,14:47:41,16.51,-0.01,81,133731,卖盘
165,14:47:38,16.52,0.01,113,186676,买盘
166,14:47:32,16.51,-0.01,164,270764,卖盘
167,14:47:29,16.52,--,31,51212,买盘
168,14:47:23,16.52,0.01,1,1652,买盘
169,14:47:20,16.51,--,15,24765,卖盘
170,14:47:17,16.51,--,30,49530,卖盘
171,14:47:14,16.51,-0.01,11,18161,卖盘
172,14:47:08,16.52,0.01,15,24780,买盘
173,14:47:02,16.51,--,48,79248,卖盘
174,14:46:59,16.51,--,94,155194,卖盘
175,14:46:56,16.51,--,272,449072,卖盘
176,14:46:53,16.51,--,35,57785,卖盘
177,14:46:50,16.51,--,367,605917,卖盘
178,14:46:47,16.51,--,30,49530,卖盘
179,14:46:44,16.51,--,21,34671,卖盘
180,14:46:38,16.51,--,135,222885,卖盘
181,14:46:32,16.51,--,56,92456,卖盘
182,14:46:29,16.51,--,93,154467,买盘
183,14:46:26,16.51,--,37,61087,买盘
184,14:46:23,16.51,--,91,150241,买盘
185,14:46:20,16.51,0.01,48,79248,买盘
186,14:46:14,16.5,-0.01,26,42900,卖盘
187,14:46:11,16.51,--,69,113919,买盘
188,14:46:08,16.51,0.01,8,13208,买盘
189,14:46:05,16.5,--,35,57750,卖盘
190,14:46:02,16.5,-0.01,64,105600,卖盘
191,14:45:56,16.51,--,10,16510,买盘
192,14:45:53,16.51,0.01,21,34671,买盘
193,14:45:50,16.5,--,39,64350,卖盘
194,14:45:47,16.5,--,231,381150,卖盘
195,14:45:44,16.5,--,76,125400,卖盘
196,14:45:38,16.5,--,25,41250,卖盘
197,14:45:32,16.5,-0.01,5,8250,卖盘
198,14:45:32,16.51,0.01,79,130429,买盘
199,14:45:26,16.5,--,175,288750,卖盘
200,14:45:23,16.5,-0.01,6,9900,卖盘
201,14:45:20,16.51,0.01,93,153543,买盘
202,14:45:17,16.5,-0.01,101,166650,卖盘
203,14:45:14,16.51,0.01,46,77332,买盘
204,14:45:05,16.5,-0.01,18,31284,卖盘
205,14:45:02,16.51,--,51,84267,买盘
206,14:44:59,16.51,--,52,85852,买盘
207,14:44:56,16.51,--,4,8188,买盘
208,14:44:53,16.51,0.01,2,3302,买盘
209,14:44:50,16.5,-0.01,15,24816,卖盘
210,14:44:47,16.51,--,60,99060,买盘
211,14:44:44,16.51,--,24,41208,买盘
212,14:44:41,16.51,--,56,92456,买盘
213,14:44:38,16.51,-0.01,280,463006,卖盘
214,14:44:35,16.52,0.01,39,64428,买盘
215,14:44:32,16.51,-0.01,6,9906,卖盘
216,14:44:29,16.52,--,204,337008,买盘
217,14:44:26,16.52,--,268,443661,买盘
218,14:44:20,16.52,--,130,214760,买盘
219,14:44:17,16.52,--,208,343616,买盘
220,14:44:14,16.52,--,129,213174,买盘
221,14:44:11,16.52,--,8,14801,买盘
222,14:44:08,16.52,--,48,79296,买盘
223,14:44:05,16.52,--,130,214760,卖盘
224,14:44:02,16.52,--,144,237888,卖盘
225,14:43:59,16.52,--,496,819392,买盘
226,14:43:53,16.52,-0.01,168,277536,卖盘
227,14:43:50,16.53,--,16,26448,买盘
228,14:43:44,16.53,--,4,6612,买盘
229,14:43:41,16.53,--,45,74451,卖盘
230,14:43:38,16.53,-0.01,10,16530,卖盘
231,14:43:35,16.54,0.01,22,37975,买盘
232,14:43:32,16.53,-0.01,20,33060,卖盘
233,14:43:29,16.54,--,18,29772,买盘
234,14:43:26,16.54,--,11,18260,买盘
235,14:43:20,16.54,--,18,29772,买盘
236,14:43:17,16.54,--,22,37975,买盘
237,14:43:14,16.54,--,212,350648,买盘
238,14:43:11,16.54,--,88,145552,卖盘
239,14:43:08,16.54,--,5,8336,卖盘
240,14:43:05,16.54,-0.01,0,1587,卖盘
241,14:42:59,16.55,--,48,79440,买盘
242,14:42:53,16.55,--,36,59580,卖盘
243,14:42:47,16.55,--,44,72820,卖盘
244,14:42:44,16.55,--,51,84471,卖盘
245,14:42:41,16.55,--,32,52960,卖盘
246,14:42:38,16.55,--,22,36410,卖盘
247,14:42:35,16.55,0.01,32,54548,买盘
248,14:42:32,16.54,-0.01,57,94344,卖盘
249,14:42:29,16.55,-0.01,50,84338,卖盘
250,14:42:26,16.56,--,21,34842,买盘
251,14:42:23,16.56,--,4,6623,买盘
252,14:42:20,16.56,-0.01,385,637758,卖盘
253,14:42:17,16.57,0.01,23,38111,买盘
254,14:42:14,16.56,--,6,9936,卖盘
255,14:42:11,16.56,--,69,114263,卖盘
256,14:42:05,16.56,--,72,119231,卖盘
257,14:42:02,16.56,--,143,238199,买盘
258,14:41:59,16.56,--,132,218591,买盘
259,14:41:53,16.56,--,31,51402,买盘
260,14:41:50,16.56,0.01,248,412277,买盘
261,14:41:47,16.55,--,10,16550,卖盘
262,14:41:41,16.55,-0.01,112,185360,卖盘
263,14:41:38,16.56,--,40,66240,买盘
264,14:41:35,16.56,--,35,58026,买盘
265,14:41:32,16.56,0.01,40,66240,买盘
266,14:41:29,16.55,-0.01,174,289558,卖盘
267,14:41:26,16.56,--,66,109295,买盘
268,14:41:20,16.56,0.01,145,240186,买盘
269,14:41:17,16.55,--,116,193568,卖盘
270,14:41:14,16.55,--,136,225080,买盘
271,14:41:11,16.55,--,11,18271,买盘
272,14:41:08,16.55,--,50,84338,买盘
273,14:41:02,16.55,0.01,123,203631,买盘
274,14:40:56,16.54,--,40,66160,卖盘
275,14:40:53,16.54,--,1,1720,卖盘
276,14:40:50,16.54,-0.01,10,16540,卖盘
277,14:40:47,16.55,0.01,201,332721,买盘
278,14:40:41,16.54,0.02,80,133907,买盘
279,14:40:32,16.52,-0.01,32,52864,卖盘
280,14:40:29,16.53,--,261,432160,买盘
281,14:40:26,16.53,--,73,120669,买盘
282,14:40:23,16.53,--,152,251256,买盘
283,14:40:20,16.53,--,44,72732,买盘
284,14:40:17,16.53,0.01,10,16530,买盘
285,14:40:14,16.52,-0.01,23,37996,卖盘
286,14:40:11,16.53,0.01,82,135546,买盘
287,14:40:08,16.52,-0.01,9,14868,卖盘
288,14:40:02,16.53,0.01,123,203319,买盘
289,14:39:59,16.52,--,55,90860,买盘
290,14:39:56,16.52,--,50,82600,买盘
291,14:39:53,16.52,--,35,57820,买盘
292,14:39:50,16.52,--,20,33040,买盘
293,14:39:47,16.52,--,12,19824,买盘
294,14:39:44,16.52,0.01,319,526988,买盘
295,14:39:41,16.51,-0.01,28,46228,卖盘
296,14:39:35,16.52,0.01,36,59472,买盘
297,14:39:29,16.51,--,17,28067,中性盘
298,14:39:23,16.51,--,74,122174,买盘
299,14:39:20,16.51,0.01,348,574548,买盘
300,14:39:17,16.5,--,110,181500,卖盘
301,14:39:14,16.5,-0.01,6,9900,卖盘
302,14:39:11,16.51,0.01,117,193167,买盘
303,14:39:08,16.5,--,77,127050,买盘
304,14:39:05,16.5,--,48,79200,买盘
305,14:39:02,16.5,--,242,399300,买盘
306,14:38:59,16.5,0.01,53,87450,买盘
307,14:38:56,16.49,-0.01,66,108833,卖盘
308,14:38:53,16.5,0.01,85,140250,买盘
309,14:38:50,16.49,--,68,112131,卖盘
310,14:38:47,16.49,--,7,11542,卖盘
311,14:38:44,16.49,--,4,6595,卖盘
312,14:38:41,16.49,-0.01,113,186336,卖盘
313,14:38:38,16.5,0.01,87,143550,买盘
314,14:38:35,16.49,--,81,133569,买盘
315,14:38:32,16.49,0.01,138,227561,买盘
316,14:38:29,16.48,--,219,360912,卖盘
317,14:38:23,16.48,--,235,387280,卖盘
318,14:38:20,16.48,--,5,8240,卖盘
319,14:38:14,16.48,--,2,3296,卖盘
320,14:38:11,16.48,0.01,196,323008,买盘
321,14:38:07,16.47,--,150,247049,卖盘
322,14:38:04,16.47,-0.01,60,98820,卖盘
323,14:38:01,16.48,--,18,29664,买盘
324,14:37:58,16.48,--,11,18128,买盘
325,14:37:55,16.48,--,52,85696,卖盘
326,14:37:52,16.48,-0.01,101,166448,卖盘
327,14:37:49,16.49,0.01,672,1108128,买盘
328,14:37:46,16.48,-0.01,113,186224,卖盘
329,14:37:43,16.49,--,117,192932,买盘
330,14:37:40,16.49,--,12,19787,买盘
331,14:37:37,16.49,--,109,179740,买盘
332,14:37:34,16.49,0.01,83,136867,买盘
333,14:37:28,16.48,-0.01,80,131840,卖盘
334,14:37:25,16.49,-0.01,48,79877,卖盘
335,14:37:22,16.5,--,23,37950,买盘
336,14:37:19,16.5,0.01,41,68574,买盘
337,14:37:16,16.49,--,61,100588,买盘
338,14:37:13,16.49,-0.01,77,126972,卖盘
339,14:37:10,16.5,--,41,67650,买盘
340,14:37:04,16.5,-0.01,19,31350,中性盘
341,14:37:01,16.51,0.01,159,262509,买盘
342,14:36:58,16.5,-0.01,507,836550,卖盘
343,14:36:55,16.51,0.01,319,526669,买盘
344,14:36:52,16.5,-0.01,50,82500,卖盘
345,14:36:49,16.51,0.01,159,262509,买盘
346,14:36:46,16.5,-0.01,65,107250,卖盘
347,14:36:43,16.51,--,65,107315,买盘
348,14:36:40,16.51,-0.01,489,807339,卖盘
349,14:36:34,16.52,0.01,121,199892,买盘
350,14:36:31,16.51,--,5,8255,卖盘
351,14:36:28,16.51,-0.01,121,199771,卖盘
352,14:36:22,16.52,--,58,95816,卖盘
353,14:36:19,16.52,-0.01,83,137116,卖盘
354,14:36:16,16.53,0.01,60,99180,买盘
355,14:36:10,16.52,--,59,97468,卖盘
356,14:36:07,16.52,--,16,26432,卖盘
357,14:36:04,16.52,-0.01,132,218064,卖盘
358,14:36:01,16.53,--,71,117363,卖盘
359,14:35:55,16.53,--,103,170259,卖盘
360,14:35:52,16.53,--,96,158688,买盘
361,14:35:49,16.53,--,65,107445,买盘
362,14:35:46,16.53,--,77,127281,卖盘
363,14:35:43,16.53,--,42,69426,卖盘
364,14:35:40,16.53,--,300,495900,卖盘
365,14:35:34,16.53,-0.01,28,46284,卖盘
366,14:35:31,16.54,--,11,18194,买盘
367,14:35:25,16.54,0.01,45,74430,买盘
368,14:35:22,16.53,-0.01,49,80997,卖盘
369,14:35:19,16.54,--,382,631828,卖盘
370,14:35:13,16.54,-0.01,30,49620,卖盘
371,14:35:10,16.55,--,19,31445,买盘
372,14:35:07,16.55,--,3,5229,卖盘
373,14:35:04,16.55,-0.01,81,134055,卖盘
374,14:34:58,16.56,0.01,89,147384,买盘
375,14:34:55,16.55,--,22,36410,卖盘
376,14:34:52,16.55,--,41,67855,卖盘
377,14:34:46,16.55,--,34,56932,卖盘
378,14:34:43,16.55,--,2,3310,卖盘
379,14:34:40,16.55,--,13,21515,卖盘
380,14:34:37,16.55,-0.01,22,36410,卖盘
381,14:34:34,16.56,0.01,185,306360,买盘
382,14:34:31,16.55,--,49,81095,卖盘
383,14:34:25,16.55,--,1,1655,卖盘
384,14:34:25,16.55,-0.01,68,112540,卖盘
385,14:34:19,16.56,--,31,51335,买盘
386,14:34:16,16.56,--,222,367632,买盘
387,14:34:10,16.56,--,10,16560,买盘
388,14:34:07,16.56,-0.01,100,165931,卖盘
389,14:34:04,16.57,0.01,41,67937,买盘
390,14:34:01,16.56,--,52,87436,买盘
391,14:33:58,16.56,--,5,8280,买盘
392,14:33:55,16.56,--,8,13579,卖盘
393,14:33:52,16.56,--,85,142084,卖盘
394,14:33:49,16.56,--,25,41400,卖盘
395,14:33:46,16.56,-0.01,49,81144,卖盘
396,14:33:37,16.57,0.01,31,51367,买盘
397,14:33:34,16.56,--,11,18216,卖盘
398,14:33:31,16.56,-0.01,9,14903,卖盘
399,14:33:28,16.57,0.01,5,8285,买盘
400,14:33:22,16.56,--,15,24839,卖盘
401,14:33:19,16.56,--,100,165600,卖盘
402,14:33:16,16.56,--,21,34776,卖盘
403,14:33:13,16.56,--,3,4968,卖盘
404,14:33:10,16.56,--,70,115919,卖盘
405,14:33:04,16.56,--,25,41400,卖盘
406,14:33:01,16.56,0.01,72,119828,买盘
407,14:32:58,16.55,-0.01,39,64545,卖盘
408,14:32:55,16.56,--,50,82800,买盘
409,14:32:52,16.56,0.01,28,46368,买盘
410,14:32:49,16.55,-0.01,11,18205,卖盘
411,14:32:43,16.56,--,6,9936,买盘
412,14:32:40,16.56,--,10,16560,买盘
413,14:32:37,16.56,--,17,29211,卖盘
414,14:32:28,16.56,--,154,255023,卖盘
415,14:32:22,16.56,--,23,38088,卖盘
416,14:32:19,16.56,--,41,67896,卖盘
417,14:32:16,16.56,--,23,39015,卖盘
418,14:32:13,16.56,-0.01,225,372600,卖盘
419,14:32:07,16.57,--,18,29826,买盘
420,14:32:01,16.57,--,62,102734,卖盘
421,14:31:58,16.57,--,63,104391,卖盘
422,14:31:55,16.57,-0.01,11,18227,卖盘
423,14:31:52,16.58,0.01,8,13263,买盘
424,14:31:49,16.57,-0.01,15,24855,卖盘
425,14:31:46,16.58,--,77,127665,买盘
426,14:31:43,16.58,0.01,25,41449,买盘
427,14:31:40,16.57,--,3,4971,卖盘
428,14:31:37,16.57,-0.01,21,34797,卖盘
429,14:31:34,16.58,0.01,32,53055,买盘
430,14:31:31,16.57,--,5,8285,卖盘
431,14:31:28,16.57,-0.01,18,29826,卖盘
432,14:31:19,16.58,--,18,29843,卖盘
433,14:31:16,16.58,0.01,184,305071,买盘
434,14:31:10,16.57,--,3,4971,卖盘
435,14:31:07,16.57,--,10,16570,卖盘
436,14:31:01,16.57,-0.01,21,34797,卖盘
437,14:30:58,16.58,--,16,26527,买盘
438,14:30:55,16.58,0.02,224,371391,买盘
439,14:30:49,16.56,-0.01,1,1655,卖盘
440,14:30:46,16.57,--,25,42750,买盘
441,14:30:43,16.57,0.01,4,6628,买盘
442,14:30:40,16.56,-0.01,64,105983,卖盘
443,14:30:37,16.57,0.01,48,79536,买盘
444,14:30:34,16.56,--,17,28151,卖盘
445,14:30:31,16.56,-0.01,34,56303,卖盘
446,14:30:28,16.57,0.01,22,36454,买盘
447,14:30:25,16.56,0.01,26,43056,卖盘
448,14:30:22,16.55,-0.01,23,38065,卖盘
449,14:30:19,16.56,--,21,34776,卖盘
450,14:30:16,16.56,--,18,29807,卖盘
451,14:30:10,16.56,0.01,120,198719,买盘
452,14:30:07,16.55,--,18,29790,卖盘
453,14:30:04,16.55,-0.01,28,47664,卖盘
454,14:30:01,16.56,0.01,3,4968,买盘
455,14:29:58,16.55,--,210,347550,卖盘
456,14:29:55,16.55,-0.02,29,47995,卖盘
457,14:29:52,16.57,0.01,200,331400,买盘
458,14:29:49,16.56,0.01,5,8280,买盘
459,14:29:46,16.55,-0.01,63,104265,卖盘
460,14:29:40,16.56,--,5,8280,买盘
461,14:29:37,16.56,--,7,11592,买盘
462,14:29:31,16.56,--,286,473947,卖盘
463,14:29:28,16.56,--,2,3311,卖盘
464,14:29:25,16.56,-0.01,32,52991,卖盘
465,14:29:22,16.57,--,14,23198,买盘
466,14:29:19,16.57,0.01,3,4971,买盘
467,14:29:16,16.56,--,90,149040,卖盘
468,14:29:13,16.56,--,4,6623,卖盘
469,14:29:07,16.56,-0.01,31,51335,卖盘
470,14:29:01,16.57,--,36,59652,卖盘
471,14:28:58,16.57,--,10,16570,卖盘
472,14:28:55,16.57,--,9,14913,卖盘
473,14:28:52,16.57,--,16,26512,卖盘
474,14:28:49,16.57,--,50,82850,卖盘
475,14:28:46,16.57,--,35,57995,卖盘
476,14:28:43,16.57,-0.01,17,28169,卖盘
477,14:28:40,16.58,--,44,72951,买盘
478,14:28:37,16.58,0.01,28,46423,买盘
479,14:28:34,16.57,--,38,62966,卖盘
480,14:28:31,16.57,--,56,92792,卖盘
481,14:28:22,16.57,-0.01,18,29826,卖盘
482,14:28:16,16.58,--,25,41449,买盘
483,14:28:07,16.58,--,92,152535,卖盘
484,14:28:01,16.58,--,19,31501,卖盘
485,14:27:55,16.58,--,44,72951,卖盘
486,14:27:52,16.58,--,50,82899,卖盘
487,14:27:46,16.58,--,76,126007,卖盘
488,14:27:43,16.58,--,132,218855,卖盘
489,14:27:40,16.58,--,54,89531,卖盘
490,14:27:37,16.58,--,9,14921,卖盘
491,14:27:31,16.58,-0.01,5,8290,卖盘
492,14:27:28,16.59,0.01,35,58065,买盘
493,14:27:25,16.58,-0.01,68,112743,卖盘
494,14:27:19,16.59,--,20,33180,买盘
495,14:27:16,16.59,-0.01,201,333790,卖盘
496,14:27:13,16.6,0.01,156,260553,买盘
497,14:27:07,16.59,--,11,18315,卖盘
498,14:27:04,16.59,--,81,135838,卖盘
499,14:26:58,16.59,-0.01,97,160923,卖盘
500,14:26:55,16.6,0.01,3,4980,买盘
501,14:26:46,16.59,-0.01,4,6636,卖盘
502,14:26:43,16.6,--,31,51460,买盘
503,14:26:37,16.6,0.01,20,33200,买盘
504,14:26:34,16.59,--,200,331800,卖盘
505,14:26:28,16.59,-0.01,7,11613,卖盘
506,14:26:22,16.6,--,2,3320,买盘
507,14:26:19,16.6,--,4,6640,买盘
508,14:26:16,16.6,--,21,34860,卖盘
509,14:26:13,16.6,0.01,1,1660,卖盘
510,14:26:07,16.59,-0.01,21,34839,卖盘
511,14:26:04,16.6,--,617,1024220,卖盘
512,14:26:01,16.6,--,20,33200,卖盘
513,14:25:58,16.6,-0.01,9,14940,卖盘
514,14:25:55,16.61,0.01,81,134541,买盘
515,14:25:52,16.6,--,53,87980,卖盘
516,14:25:49,16.6,--,5,8300,卖盘
517,14:25:46,16.6,-0.01,64,106240,卖盘
518,14:25:43,16.61,--,27,44847,买盘
519,14:25:37,16.61,--,13,21593,买盘
520,14:25:31,16.61,--,50,83050,买盘
521,14:25:25,16.61,-0.01,33,54813,卖盘
522,14:25:22,16.62,0.01,6,9972,买盘
523,14:25:19,16.61,--,53,88033,卖盘
524,14:25:13,16.61,-0.01,3,4983,卖盘
525,14:25:10,16.62,0.01,100,166200,买盘
526,14:25:07,16.61,--,8,13288,卖盘
527,14:25:04,16.61,--,13,21593,卖盘
528,14:25:01,16.61,--,130,215930,买盘
529,14:24:58,16.61,--,19,31559,买盘
530,14:24:55,16.61,-0.01,201,333861,卖盘
531,14:24:52,16.62,0.01,1,1662,买盘
532,14:24:49,16.61,--,51,84711,卖盘
533,14:24:46,16.61,--,30,49830,卖盘
534,14:24:43,16.61,--,110,182710,买盘
535,14:24:40,16.61,--,29,48169,买盘
536,14:24:37,16.61,--,4,6644,买盘
537,14:24:34,16.61,--,35,58135,买盘
538,14:24:28,16.61,--,32,53152,买盘
539,14:24:25,16.61,--,37,61457,买盘
540,14:24:19,16.61,--,10,16610,买盘
541,14:24:16,16.61,--,15,24915,买盘
542,14:24:10,16.61,--,8,13288,买盘
543,14:24:04,16.61,0.01,8,13288,买盘
544,14:23:58,16.6,--,17,28220,卖盘
545,14:23:55,16.6,-0.01,3,4980,卖盘
546,14:23:52,16.61,0.01,257,428405,买盘
547,14:23:46,16.6,--,20,33200,卖盘
548,14:23:43,16.6,--,22,36520,卖盘
549,14:23:40,16.6,--,3,4980,卖盘
550,14:23:37,16.6,--,106,175960,买盘
551,14:23:28,16.6,--,42,69720,买盘
552,14:23:25,16.6,0.01,95,157700,买盘
553,14:23:19,16.59,-0.01,122,202398,卖盘
554,14:23:16,16.6,--,62,102920,买盘
555,14:23:13,16.6,--,75,124500,买盘
556,14:23:10,16.6,0.01,185,307100,买盘
557,14:23:07,16.59,-0.01,68,112812,卖盘
558,14:23:04,16.6,--,64,106240,买盘
559,14:23:01,16.6,--,4,6640,买盘
560,14:22:58,16.6,--,31,51460,买盘
561,14:22:52,16.6,0.01,503,834980,买盘
562,14:22:49,16.59,-0.01,110,182490,卖盘
563,14:22:46,16.6,--,20,33200,买盘
564,14:22:43,16.6,0.01,31,51460,买盘
565,14:22:37,16.59,-0.01,5,8295,卖盘
566,14:22:34,16.6,--,172,285520,买盘
567,14:22:28,16.6,0.01,10,16600,买盘
568,14:22:25,16.59,--,8,13272,卖盘
569,14:22:19,16.59,-0.01,143,237237,卖盘
570,14:22:16,16.6,0.01,19,31540,买盘
571,14:22:10,16.59,--,10,16590,卖盘
572,14:22:07,16.59,--,2,3318,卖盘
573,14:22:01,16.59,--,4,6636,卖盘
574,14:21:55,16.59,0.01,38,63042,买盘
575,14:21:52,16.58,-0.01,27,44765,卖盘
576,14:21:49,16.59,0.01,84,139356,买盘
577,14:21:46,16.58,-0.01,215,356469,卖盘
578,14:21:43,16.59,--,8,13272,买盘
579,14:21:34,16.59,--,5,8295,买盘
580,14:21:31,16.59,0.01,50,82950,买盘
581,14:21:25,16.58,--,49,81241,卖盘
582,14:21:22,16.58,-0.01,11,18237,卖盘
583,14:21:19,16.59,--,1,1659,买盘
584,14:21:13,16.59,0.01,23,38157,买盘
585,14:21:10,16.58,--,23,38133,卖盘
586,14:21:07,16.58,-0.01,10,16580,卖盘
587,14:21:01,16.59,--,91,150969,买盘
588,14:20:58,16.59,0.01,2,3318,买盘
589,14:20:55,16.58,--,22,36475,卖盘
590,14:20:52,16.58,--,15,24869,卖盘
591,14:20:49,16.58,-0.01,81,134298,卖盘
592,14:20:43,16.59,0.01,22,36498,买盘
593,14:20:40,16.58,--,12,20028,卖盘
594,14:20:37,16.58,--,20,34751,卖盘
595,14:20:34,16.58,--,9,14988,卖盘
596,14:20:31,16.58,--,46,76267,卖盘
597,14:20:25,16.58,--,120,198959,卖盘
598,14:20:22,16.58,--,30,49739,卖盘
599,14:20:19,16.58,--,6,9947,卖盘
600,14:20:16,16.58,--,2,4907,卖盘
601,14:20:13,16.58,--,32,53055,卖盘
602,14:20:10,16.58,--,4,6631,卖盘
603,14:20:07,16.58,--,2,3315,卖盘
604,14:20:01,16.58,--,16,26527,卖盘
605,14:19:58,16.58,--,12,19895,卖盘
606,14:19:49,16.58,-0.01,2,3315,卖盘
607,14:19:46,16.59,0.01,10,16590,买盘
608,14:19:43,16.58,-0.01,20,33160,卖盘
609,14:19:40,16.59,--,17,28269,买盘
610,14:19:37,16.59,--,18,31454,买盘
611,14:19:34,16.59,0.01,3,5043,买盘
612,14:19:28,16.58,-0.01,10,18171,卖盘
613,14:19:25,16.59,--,4,6636,买盘
614,14:19:22,16.59,--,13,21633,卖盘
615,14:19:19,16.59,--,10,16590,卖盘
616,14:19:16,16.59,--,18,29862,卖盘
617,14:19:13,16.59,--,68,114404,卖盘
618,14:19:10,16.59,--,20,33180,卖盘
619,14:19:07,16.59,--,55,91311,卖盘
620,14:19:01,16.59,-0.01,42,71270,卖盘
621,14:18:58,16.6,0.01,53,88046,买盘
622,14:18:55,16.59,--,10,16590,卖盘
623,14:18:52,16.59,--,58,96222,买盘
624,14:18:40,16.59,--,6,11546,买盘
625,14:18:37,16.59,0.01,1,1725,买盘
626,14:18:31,16.58,--,22,38067,卖盘
627,14:18:28,16.58,-0.02,4,6631,卖盘
628,14:18:25,16.6,--,51,84726,买盘
629,14:18:22,16.6,0.01,52,86320,买盘
630,14:18:13,16.59,0.01,42,69678,卖盘
631,14:18:10,16.58,-0.01,90,150811,卖盘
632,14:18:06,16.59,-0.01,223,370089,卖盘
633,14:18:03,16.6,0.01,90,149400,买盘
634,14:18:00,16.59,--,20,33180,卖盘
635,14:17:57,16.59,--,108,179636,卖盘
636,14:17:51,16.59,-0.01,50,82950,卖盘
637,14:17:45,16.6,0.01,15,24966,买盘
638,14:17:42,16.59,--,6,9954,卖盘
639,14:17:36,16.59,--,55,92240,买盘
640,14:17:30,16.59,0.01,309,512697,买盘
641,14:17:24,16.58,-0.01,40,66320,卖盘
642,14:17:18,16.59,--,52,87860,买盘
643,14:17:15,16.59,--,11,18315,买盘
644,14:17:12,16.59,0.01,4,6636,买盘
645,14:17:09,16.58,-0.01,20,33160,卖盘
646,14:17:06,16.59,0.01,2,3318,买盘
647,14:17:03,16.58,--,12,21487,卖盘
648,14:17:00,16.58,--,93,154260,卖盘
649,14:16:57,16.58,--,14,23211,卖盘
650,14:16:54,16.58,0.01,25,42444,卖盘
651,14:16:51,16.57,-0.01,9,14979,卖盘
652,14:16:48,16.58,--,16,26527,买盘
653,14:16:45,16.58,--,72,120967,买盘
654,14:16:42,16.58,--,5,8356,买盘
655,14:16:36,16.58,--,18,31435,卖盘
656,14:16:33,16.58,--,1,1724,卖盘
657,14:16:30,16.58,--,6,11539,卖盘
658,14:16:24,16.58,0.01,48,79583,买盘
659,14:16:21,16.57,-0.01,43,71317,卖盘
660,14:16:15,16.58,0.01,18,31435,卖盘
661,14:16:12,16.57,--,31,51433,卖盘
662,14:16:06,16.57,-0.01,96,159072,卖盘
663,14:16:03,16.58,--,2,3315,买盘
664,14:16:00,16.58,--,4,8223,买盘
665,14:15:54,16.58,0.01,162,268596,买盘
666,14:15:51,16.57,-0.01,14,23198,卖盘
667,14:15:48,16.58,--,6,9947,买盘
668,14:15:45,16.58,-0.01,19,31568,中性盘
669,14:15:39,16.59,--,26,44726,买盘
670,14:15:36,16.59,0.01,139,230667,买盘
671,14:15:30,16.58,--,278,460923,卖盘
672,14:15:27,16.58,-0.01,128,212223,卖盘
673,14:15:21,16.59,--,0,1592,买盘
674,14:15:15,16.59,-0.01,80,132720,卖盘
675,14:15:12,16.6,--,30,49800,买盘
676,14:15:09,16.6,0.01,14,23240,买盘
677,14:15:06,16.59,--,17,28269,卖盘
678,14:15:03,16.59,-0.01,30,51362,卖盘
679,14:15:00,16.6,--,122,202520,买盘
680,14:14:51,16.6,-0.01,669,1110606,卖盘
681,14:14:48,16.61,0.01,70,117864,买盘
682,14:14:45,16.6,-0.01,4,6640,卖盘
683,14:14:42,16.61,--,19,31625,买盘
684,14:14:39,16.61,--,268,446742,买盘
685,14:14:33,16.61,0.01,20,33220,买盘
686,14:14:30,16.6,--,41,68126,卖盘
687,14:14:27,16.6,-0.01,4,8233,卖盘
688,14:14:24,16.61,--,47,78133,卖盘
689,14:14:21,16.61,0.01,72,119592,买盘
690,14:14:18,16.6,--,4,8233,卖盘
691,14:14:12,16.6,-0.01,20,33200,卖盘
692,14:14:06,16.61,0.01,17,28303,买盘
693,14:14:03,16.6,-0.01,72,121113,卖盘
694,14:14:00,16.61,--,38,63118,买盘
695,14:13:57,16.61,--,17,28303,买盘
696,14:13:51,16.61,-0.01,10,16610,买盘
697,14:13:48,16.62,0.01,28,48131,买盘
698,14:13:42,16.61,--,93,155735,卖盘
699,14:13:39,16.61,--,36,61390,卖盘
700,14:13:33,16.61,--,27,44913,卖盘
701,14:13:30,16.61,--,22,36542,卖盘
702,14:13:27,16.61,--,126,210880,卖盘
703,14:13:24,16.61,--,30,49830,卖盘
704,14:13:18,16.61,--,20,33220,卖盘
705,14:13:15,16.61,-0.02,67,111353,卖盘
706,14:13:12,16.63,0.02,142,237742,买盘
707,14:13:09,16.61,--,300,498300,卖盘
708,14:13:06,16.61,--,161,267487,卖盘
709,14:13:03,16.61,--,28,48102,卖盘
710,14:12:57,16.61,--,65,108430,卖盘
711,14:12:51,16.61,-0.01,13,21659,卖盘
712,14:12:45,16.62,--,6,11567,买盘
713,14:12:42,16.62,--,39,64884,卖盘
714,14:12:36,16.62,--,52,86424,卖盘
715,14:12:33,16.62,--,2,4919,买盘
716,14:12:30,16.62,-0.01,51,84828,卖盘
717,14:12:21,16.63,0.01,10,16630,买盘
718,14:12:18,16.62,--,47,79244,卖盘
719,14:12:15,16.62,-0.01,12,19944,卖盘
720,14:12:12,16.63,-0.01,21,34923,中性盘
721,14:12:09,16.64,0.02,10,16640,买盘
722,14:12:03,16.62,-0.01,180,299160,卖盘
723,14:12:00,16.63,0.01,6,9978,中性盘
724,14:11:57,16.62,-0.01,70,116340,卖盘
725,14:11:54,16.63,0.01,6,9978,中性盘
726,14:11:48,16.62,-0.01,114,189468,卖盘
727,14:11:39,16.63,--,82,136366,卖盘
728,14:11:36,16.63,--,4,6652,卖盘
729,14:11:33,16.63,-0.01,33,54879,卖盘
730,14:11:30,16.64,0.01,6,9984,买盘
731,14:11:27,16.63,--,72,119736,卖盘
732,14:11:24,16.63,-0.02,21,34923,卖盘
733,14:11:21,16.65,--,1,1664,买盘
734,14:11:18,16.65,0.01,105,174824,卖盘
735,14:11:15,16.64,-0.01,340,565760,卖盘
736,14:11:12,16.65,0.01,82,136530,买盘
737,14:11:06,16.64,-0.01,4,6656,卖盘
738,14:11:03,16.65,--,12,19980,买盘
739,14:11:00,16.65,0.01,79,131535,买盘
740,14:10:51,16.64,0.01,6,9984,卖盘
741,14:10:48,16.63,--,60,99780,卖盘
742,14:10:36,16.63,-0.01,29,48692,卖盘
743,14:10:33,16.64,--,41,68290,买盘
744,14:10:30,16.64,--,56,93184,买盘
745,14:10:27,16.64,--,14,24893,买盘
746,14:10:24,16.64,--,28,46592,买盘
747,14:10:18,16.64,--,19,31682,买盘
748,14:10:15,16.64,--,18,31549,买盘
749,14:10:12,16.64,-0.01,167,279086,卖盘
750,14:10:09,16.65,-0.01,5,8325,卖盘
751,14:10:06,16.66,0.01,100,166600,买盘
752,14:10:00,16.65,--,19,31634,卖盘
753,14:09:57,16.65,--,14,23309,卖盘
754,14:09:51,16.65,--,30,50882,卖盘
755,14:09:48,16.65,0.01,57,95970,买盘
756,14:09:45,16.64,-0.01,4,6656,卖盘
757,14:09:39,16.65,0.01,9,15051,买盘
758,14:09:36,16.64,--,0,133,买盘
759,14:09:30,16.64,0.01,14,23296,买盘
760,14:09:24,16.63,--,24,41508,卖盘
761,14:09:21,16.63,-0.01,10,16630,卖盘
762,14:09:18,16.64,0.01,13,21698,买盘
763,14:09:15,16.63,--,16,28204,买盘
764,14:09:12,16.63,0.01,5,8381,买盘
765,14:09:09,16.62,--,32,53184,买盘
766,14:09:06,16.62,0.01,24,41483,卖盘
767,14:09:03,16.61,-0.02,40,66440,卖盘
768,14:09:00,16.63,0.01,10,16630,买盘
769,14:08:57,16.62,--,22,36564,卖盘
770,14:08:54,16.62,--,50,83100,卖盘
771,14:08:51,16.62,--,30,49860,卖盘
772,14:08:48,16.62,--,10,16620,卖盘
773,14:08:45,16.62,-0.01,102,169524,卖盘
774,14:08:42,16.63,0.01,47,78227,买盘
775,14:08:36,16.62,-0.01,0,1595,卖盘
776,14:08:33,16.63,0.01,14,23282,买盘
777,14:08:30,16.62,--,5,8376,卖盘
778,14:08:27,16.62,-0.01,72,119664,卖盘
779,14:08:18,16.63,--,0,1596,买盘
780,14:08:15,16.63,--,15,25011,买盘
781,14:08:09,16.63,-0.01,272,452336,卖盘
782,14:08:06,16.64,--,8,14909,买盘
783,14:08:03,16.64,-0.01,10,16640,中性盘
784,14:08:00,16.65,0.01,67,111621,买盘
785,14:07:57,16.64,--,4,6656,买盘
786,14:07:54,16.64,--,44,73216,买盘
787,14:07:48,16.64,--,56,94781,卖盘
788,14:07:45,16.64,-0.01,7,11714,卖盘
789,14:07:42,16.65,0.01,52,86579,买盘
790,14:07:39,16.64,-0.01,6,11581,卖盘
791,14:07:36,16.65,--,6,9990,买盘
792,14:07:33,16.65,--,5,8391,买盘
793,14:07:30,16.65,0.01,24,39960,买盘
794,14:07:27,16.64,--,40,68157,卖盘
795,14:07:24,16.64,-0.01,3,5058,卖盘
796,14:07:18,16.65,--,20,33300,买盘
797,14:07:12,16.65,--,40,66600,买盘
798,14:07:09,16.65,--,2,3329,买盘
799,14:07:03,16.65,--,45,75457,卖盘
800,14:07:00,16.65,--,8,13319,卖盘
801,14:06:57,16.65,-0.01,35,58274,卖盘
802,14:06:54,16.66,0.01,3,4998,买盘
803,14:06:51,16.65,-0.01,21,34965,卖盘
804,14:06:45,16.66,--,47,78302,卖盘
805,14:06:39,16.66,--,18,31320,卖盘
806,14:06:36,16.66,-0.01,21,34986,卖盘
807,14:06:33,16.67,--,29,48343,卖盘
808,14:06:30,16.67,0.01,41,68347,中性盘
809,14:06:24,16.66,-0.01,21,34986,卖盘
810,14:06:21,16.67,--,70,116690,卖盘
811,14:06:18,16.67,0.01,72,121424,买盘
812,14:06:15,16.66,-0.01,59,98360,卖盘
813,14:06:12,16.67,0.01,16,28272,买盘
814,14:06:09,16.66,--,23,38384,卖盘
815,14:06:03,16.66,-0.01,78,129948,卖盘
816,14:06:00,16.67,0.01,22,36674,买盘
817,14:05:57,16.66,--,4,6664,卖盘
818,14:05:54,16.66,--,0,1599,卖盘
819,14:05:51,16.66,--,23,38384,卖盘
820,14:05:42,16.66,--,4,8263,卖盘
821,14:05:39,16.66,-0.01,24,39984,卖盘
822,14:05:33,16.67,0.01,11,18403,买盘
823,14:05:30,16.66,-0.01,2,3332,卖盘
824,14:05:27,16.67,-0.01,7,11869,卖盘
825,14:05:24,16.68,--,156,260208,买盘
826,14:05:21,16.68,--,21,35028,买盘
827,14:05:18,16.68,--,39,65052,买盘
828,14:05:15,16.68,0.01,21,35028,买盘
829,14:05:12,16.67,-0.01,19,31673,卖盘
830,14:05:09,16.68,--,4,6672,买盘
831,14:05:06,16.68,--,33,55044,买盘
832,14:05:03,16.68,--,10,16680,买盘
833,14:05:00,16.68,--,57,95076,买盘
834,14:04:54,16.68,--,8,13344,买盘
835,14:04:51,16.68,-0.02,8,13344,买盘
836,14:04:48,16.7,0.02,14,23380,买盘
837,14:04:45,16.68,--,36,60048,卖盘
838,14:04:42,16.68,--,51,85068,卖盘
839,14:04:36,16.68,--,30,50040,卖盘
840,14:04:33,16.68,-0.01,76,126768,卖盘
841,14:04:30,16.69,0.02,199,332131,买盘
842,14:04:27,16.67,-0.01,13,21671,卖盘
843,14:04:24,16.68,-0.01,110,183480,买盘
844,14:04:21,16.69,0.01,30,50070,买盘
845,14:04:18,16.68,--,60,101481,卖盘
846,14:04:12,16.68,-0.01,59,98412,卖盘
847,14:04:09,16.69,--,13,21697,买盘
848,14:04:06,16.69,0.01,35,58415,买盘
849,14:04:03,16.68,--,1,1668,卖盘
850,14:04:00,16.68,-0.01,26,43368,卖盘
851,14:03:57,16.69,--,15,25035,买盘
852,14:03:54,16.69,--,48,80112,卖盘
853,14:03:51,16.69,--,90,150210,卖盘
854,14:03:45,16.69,0.01,149,248681,买盘
855,14:03:42,16.68,-0.01,119,198492,卖盘
856,14:03:36,16.69,0.01,10,16690,中性盘
857,14:03:33,16.68,--,105,175140,卖盘
858,14:03:30,16.68,--,10,16680,卖盘
859,14:03:27,16.68,-0.02,21,35028,卖盘
860,14:03:24,16.7,0.01,70,116900,买盘
861,14:03:21,16.69,0.01,19,31711,买盘
862,14:03:18,16.68,-0.01,35,58380,卖盘
863,14:03:15,16.69,0.01,71,118499,买盘
864,14:03:12,16.68,--,11,18348,卖盘
865,14:03:06,16.68,-0.02,6,10008,卖盘
866,14:03:03,16.7,0.02,28,46760,买盘
867,14:03:00,16.68,-0.02,10,16680,卖盘
868,14:02:57,16.7,0.01,73,121910,买盘
869,14:02:54,16.69,--,3,5007,买盘
870,14:02:51,16.69,-0.01,107,178583,卖盘
871,14:02:45,16.7,-0.01,156,261655,卖盘
872,14:02:42,16.71,0.01,83,138960,买盘
873,14:02:36,16.7,--,4,6680,卖盘
874,14:02:33,16.7,--,165,275550,卖盘
875,14:02:30,16.7,--,88,146960,卖盘
876,14:02:27,16.7,--,39,65130,卖盘
877,14:02:24,16.7,--,40,66800,卖盘
878,14:02:21,16.7,--,21,35070,卖盘
879,14:02:18,16.7,--,55,91850,卖盘
880,14:02:15,16.7,--,106,178422,卖盘
881,14:02:12,16.7,-0.01,24,40080,卖盘
882,14:02:09,16.71,0.01,116,193836,买盘
883,14:02:06,16.7,--,55,91850,卖盘
884,14:02:03,16.7,-0.01,57,95190,卖盘
885,14:02:00,16.71,--,42,70182,买盘
886,14:01:57,16.71,--,60,100260,买盘
887,14:01:48,16.71,--,30,50130,买盘
888,14:01:45,16.71,--,35,59153,卖盘
889,14:01:42,16.71,--,144,242228,卖盘
890,14:01:39,16.71,--,111,185547,卖盘
891,14:01:27,16.71,--,78,130338,卖盘
892,14:01:24,16.71,--,85,143238,卖盘
893,14:01:18,16.71,--,66,110286,卖盘
894,14:01:15,16.71,--,23,38433,卖盘
895,14:01:09,16.71,0.01,14,24864,买盘
896,14:01:03,16.7,-0.01,21,35070,卖盘
897,14:01:00,16.71,--,39,65169,买盘
898,14:00:57,16.71,0.01,16,26736,卖盘
899,14:00:54,16.7,-0.01,94,156980,卖盘
900,14:00:48,16.71,0.01,192,320832,买盘
901,14:00:45,16.7,-0.02,55,91850,卖盘
902,14:00:42,16.72,0.01,32,53504,买盘
903,14:00:39,16.71,0.01,91,152061,买盘
904,14:00:36,16.7,-0.01,8,13360,卖盘
905,14:00:30,16.71,-0.01,24,40104,中性盘
906,14:00:27,16.72,0.01,27,45144,买盘
907,14:00:24,16.71,-0.01,46,76866,卖盘
908,14:00:18,16.72,0.01,187,312664,买盘
909,14:00:15,16.71,-0.01,39,65169,卖盘
910,14:00:09,16.72,--,55,91960,买盘
911,14:00:06,16.72,--,10,16720,买盘
912,14:00:03,16.72,0.01,155,259159,买盘
913,14:00:00,16.71,--,39,65169,卖盘
914,13:59:57,16.71,--,153,255663,卖盘
915,13:59:54,16.71,-0.01,134,223914,买盘
916,13:59:51,16.72,0.01,300,501599,买盘
917,13:59:48,16.71,0.01,114,190494,买盘
918,13:59:45,16.7,-0.01,53,89044,卖盘
919,13:59:42,16.71,--,50,83550,买盘
920,13:59:39,16.71,--,44,73524,买盘
921,13:59:36,16.71,0.01,60,100260,买盘
922,13:59:33,16.7,-0.01,18,30060,卖盘
923,13:59:30,16.71,--,9,15039,买盘
924,13:59:27,16.71,--,104,173784,买盘
925,13:59:24,16.71,0.01,11,18381,买盘
926,13:59:21,16.7,--,50,83500,卖盘
927,13:59:14,16.7,--,60,100200,卖盘
928,13:59:08,16.7,0.01,1302,2174340,买盘
929,13:59:05,16.69,--,10,16690,卖盘
930,13:59:02,16.69,--,30,50070,卖盘
931,13:58:59,16.69,--,23,38387,买盘
932,13:58:56,16.69,-0.01,113,188597,卖盘
933,13:58:50,16.7,0.01,19,31730,买盘
934,13:58:47,16.69,--,18,30042,卖盘
935,13:58:44,16.69,0.02,163,272314,买盘
936,13:58:41,16.67,-0.01,47,78349,卖盘
937,13:58:38,16.68,--,205,341940,卖盘
938,13:58:35,16.68,-0.01,5,8340,卖盘
939,13:58:32,16.69,0.02,10,16690,买盘
940,13:58:29,16.67,-0.02,14,23338,卖盘
941,13:58:23,16.69,0.02,17,28373,买盘
942,13:58:20,16.67,-0.01,52,88150,卖盘
943,13:58:14,16.68,0.01,8,13344,买盘
944,13:58:11,16.67,-0.01,30,50010,卖盘
945,13:58:08,16.68,--,10,16680,买盘
946,13:58:05,16.68,--,20,34961,买盘
947,13:57:56,16.68,--,77,129036,卖盘
948,13:57:53,16.68,--,1,1668,卖盘
949,13:57:50,16.68,--,5,8340,卖盘
950,13:57:47,16.68,-0.01,50,83400,卖盘
951,13:57:44,16.69,--,96,161292,买盘
952,13:57:41,16.69,--,73,121903,买盘
953,13:57:38,16.69,--,90,150210,买盘
954,13:57:32,16.69,0.01,184,307096,买盘
955,13:57:29,16.68,--,36,60048,卖盘
956,13:57:23,16.68,--,60,101681,卖盘
957,13:57:17,16.68,--,35,58446,卖盘
958,13:57:14,16.68,-0.01,2,3336,卖盘
959,13:57:11,16.69,--,40,68362,买盘
960,13:57:08,16.69,0.02,85,141931,买盘
961,13:57:05,16.67,-0.01,82,136694,卖盘
962,13:57:02,16.68,--,14,24953,买盘
963,13:56:59,16.68,--,3,5070,卖盘
964,13:56:56,16.68,0.01,228,381905,买盘
965,13:56:50,16.67,-0.01,33,55077,卖盘
966,13:56:47,16.68,0.01,32,53376,买盘
967,13:56:38,16.67,-0.02,24,40008,卖盘
968,13:56:29,16.69,0.01,156,261966,买盘
969,13:56:26,16.68,0.01,194,323592,买盘
970,13:56:20,16.67,--,23,38407,买盘
971,13:56:17,16.67,-0.01,4,8268,买盘
972,13:56:14,16.68,--,50,84067,卖盘
973,13:56:08,16.68,0.01,303,506404,买盘
974,13:56:05,16.67,-0.01,5,8401,卖盘
975,13:56:02,16.68,0.01,40,66720,买盘
976,13:55:59,16.67,-0.01,28,46676,卖盘
977,13:55:56,16.68,--,56,95009,买盘
978,13:55:53,16.68,0.02,42,70056,买盘
979,13:55:50,16.66,-0.01,347,578168,卖盘
980,13:55:41,16.67,0.01,102,170034,买盘
981,13:55:35,16.66,--,26,43316,买盘
982,13:55:32,16.66,--,4,6664,买盘
983,13:55:26,16.66,-0.01,148,246568,卖盘
984,13:55:23,16.67,--,20,34940,买盘
985,13:55:20,16.67,0.01,24,40008,买盘
986,13:55:14,16.66,-0.01,21,35052,卖盘
987,13:55:08,16.67,0.01,2,4934,买盘
988,13:55:05,16.66,-0.01,22,36652,卖盘
989,13:55:02,16.67,--,2,3334,买盘
990,13:54:59,16.67,-0.01,20,33340,买盘
991,13:54:56,16.68,0.01,228,380304,买盘
992,13:54:50,16.67,--,20,33340,卖盘
993,13:54:44,16.67,--,2,3334,卖盘
994,13:54:41,16.67,--,77,128425,卖盘
995,13:54:29,16.67,--,222,370074,买盘
996,13:54:23,16.67,0.01,0,1600,买盘
997,13:54:20,16.66,--,5,8396,卖盘
998,13:54:17,16.66,-0.01,10,16660,卖盘
999,13:54:14,16.67,0.01,6,10002,买盘
1000,13:54:11,16.66,0.01,0,1599,中性盘
1001,13:54:02,16.65,-0.01,152,253079,卖盘
1002,13:53:53,16.66,0.01,10,16660,买盘
1003,13:53:50,16.65,0.01,5,8391,中性盘
1004,13:53:47,16.64,-0.01,8,14044,卖盘
1005,13:53:41,16.65,-0.01,21,34965,中性盘
1006,13:53:35,16.66,0.02,100,166600,买盘
1007,13:53:35,16.64,-0.02,62,103168,卖盘
1008,13:53:29,16.66,0.01,6,9996,买盘
1009,13:53:23,16.65,--,34,56609,买盘
1010,13:53:20,16.65,--,10,16650,买盘
1011,13:53:14,16.65,--,21,34965,买盘
1012,13:53:11,16.65,--,21,34965,买盘
1013,13:53:08,16.65,0.01,42,69930,买盘
1014,13:53:05,16.64,-0.01,50,83200,卖盘
1015,13:53:02,16.65,--,2,3329,买盘
1016,13:52:59,16.65,0.01,20,33300,买盘
1017,13:52:56,16.64,--,62,103168,卖盘
1018,13:52:50,16.64,--,10,16640,卖盘
1019,13:52:47,16.64,-0.01,53,88192,买盘
1020,13:52:44,16.65,--,2,3329,买盘
1021,13:52:41,16.65,0.02,52,86579,买盘
1022,13:52:38,16.63,-0.02,6,9978,卖盘
1023,13:52:32,16.65,--,77,128204,买盘
1024,13:52:29,16.65,--,1,1664,买盘
1025,13:52:23,16.65,0.01,13,21644,买盘
1026,13:52:20,16.64,0.01,8,13312,卖盘
1027,13:52:14,16.63,-0.01,23,38249,卖盘
1028,13:52:08,16.64,0.01,33,56376,买盘
1029,13:52:02,16.63,--,9,15632,卖盘
1030,13:51:59,16.63,-0.01,5,8315,卖盘
1031,13:51:56,16.64,--,20,33280,买盘
1032,13:51:53,16.64,--,49,81536,买盘
1033,13:51:50,16.64,0.01,1,1664,买盘
1034,13:51:41,16.63,--,7,11641,买盘
1035,13:51:38,16.63,-0.01,26,43238,买盘
1036,13:51:35,16.64,--,1,1664,买盘
1037,13:51:32,16.64,0.01,89,148096,买盘
1038,13:51:23,16.63,--,35,58205,买盘
1039,13:51:20,16.63,--,63,104769,卖盘
1040,13:51:17,16.63,--,100,166300,卖盘
1041,13:51:14,16.63,--,10,16630,卖盘
1042,13:51:11,16.63,--,8,13304,卖盘
1043,13:51:05,16.63,0.01,71,118073,买盘
1044,13:51:02,16.62,--,123,204426,买盘
1045,13:50:56,16.62,--,32,53184,卖盘
1046,13:50:50,16.62,--,1,1662,卖盘
1047,13:50:47,16.62,--,40,66480,卖盘
1048,13:50:44,16.62,-0.01,3,4986,卖盘
1049,13:50:41,16.63,--,10,16630,买盘
1050,13:50:35,16.63,0.02,7,11641,买盘
1051,13:50:32,16.61,-0.02,60,99660,卖盘
1052,13:50:29,16.63,0.02,8,13304,买盘
1053,13:50:26,16.61,-0.01,1,1661,卖盘
1054,13:50:23,16.62,-0.01,6,9972,卖盘
1055,13:50:20,16.63,0.01,6,9978,买盘
1056,13:50:17,16.62,--,10,16620,卖盘
1057,13:50:11,16.62,--,25,41550,卖盘
1058,13:50:08,16.62,0.01,1,1662,中性盘
1059,13:49:56,16.61,--,121,200981,卖盘
1060,13:49:50,16.61,-0.01,24,39864,卖盘
1061,13:49:47,16.62,-0.02,49,81438,卖盘
1062,13:49:44,16.64,-0.01,23,38471,卖盘
1063,13:49:41,16.65,-0.01,25,41625,买盘
1064,13:49:38,16.66,-0.01,12,19992,卖盘
1065,13:49:35,16.67,0.02,309,516569,买盘
1066,13:49:29,16.65,--,10,16650,卖盘
1067,13:49:26,16.65,--,9,14984,卖盘
1068,13:49:20,16.65,--,21,34965,卖盘
1069,13:49:17,16.65,--,2,3329,卖盘
1070,13:49:14,16.65,-0.01,27,44954,卖盘
1071,13:49:08,16.66,-0.01,494,823203,卖盘
1072,13:49:05,16.67,0.01,37,61679,买盘
1073,13:48:59,16.66,-0.01,206,343196,卖盘
1074,13:48:38,16.67,-0.01,1012,1687004,卖盘
1075,13:48:35,16.68,-0.01,10,16680,中性盘
1076,13:48:26,16.69,0.01,15,25035,买盘
1077,13:48:23,16.68,-0.01,3,6605,卖盘
1078,13:48:20,16.69,0.01,12,20028,买盘
1079,13:48:17,16.68,-0.01,84,140112,卖盘
1080,13:48:14,16.69,--,0,1602,买盘
1081,13:48:11,16.69,0.01,75,125308,买盘
1082,13:48:05,16.68,--,12,20016,卖盘
1083,13:48:02,16.68,--,10,16680,卖盘
1084,13:47:59,16.68,--,50,83400,卖盘
1085,13:47:56,16.68,--,8,13344,卖盘
1086,13:47:53,16.68,--,22,36696,买盘
1087,13:47:47,16.68,--,41,68388,买盘
1088,13:47:44,16.68,--,3,5004,买盘
1089,13:47:38,16.68,-0.01,77,128436,买盘
1090,13:47:35,16.69,0.01,547,912943,买盘
1091,13:47:29,16.68,-0.01,10,16680,卖盘
1092,13:47:23,16.69,0.01,1,1669,买盘
1093,13:47:20,16.68,--,2,3336,卖盘
1094,13:47:17,16.68,-0.01,10,16680,卖盘
1095,13:47:11,16.69,0.01,15,25035,买盘
1096,13:47:08,16.68,--,10,16680,卖盘
1097,13:47:05,16.68,0.01,16,26688,买盘
1098,13:47:02,16.67,-0.01,23,38341,卖盘
1099,13:46:59,16.68,--,29,48372,买盘
1100,13:46:53,16.68,--,23,38364,卖盘
1101,13:46:53,16.68,0.01,15,25020,中性盘
1102,13:46:47,16.67,-0.01,5,8335,卖盘
1103,13:46:44,16.68,0.01,11,18348,中性盘
1104,13:46:41,16.67,-0.01,55,91685,卖盘
1105,13:46:38,16.68,0.01,7,11676,中性盘
1106,13:46:29,16.67,-0.01,10,16670,卖盘
1107,13:46:26,16.68,0.01,8,13344,买盘
1108,13:46:20,16.67,-0.01,109,181703,卖盘
1109,13:46:17,16.68,--,200,333600,买盘
1110,13:46:08,16.68,--,62,103416,卖盘
1111,13:46:05,16.68,--,7,11676,卖盘
1112,13:46:02,16.68,--,5,8340,卖盘
1113,13:45:59,16.68,--,10,16680,卖盘
1114,13:45:56,16.68,-0.01,9,15012,卖盘
1115,13:45:53,16.69,0.01,5,8345,买盘
1116,13:45:50,16.68,-0.02,10,16680,卖盘
1117,13:45:47,16.7,--,164,273880,买盘
1118,13:45:38,16.7,--,51,85170,买盘
1119,13:45:35,16.7,0.01,1,1670,买盘
1120,13:45:32,16.69,-0.02,13,21697,卖盘
1121,13:45:20,16.71,--,7,11697,买盘
1122,13:45:17,16.71,0.01,21,35091,买盘
1123,13:45:14,16.7,--,426,711420,卖盘
1124,13:45:08,16.7,--,488,814960,卖盘
1125,13:45:05,16.7,--,87,145290,卖盘
1126,13:44:59,16.7,--,53,88510,卖盘
1127,13:44:56,16.7,--,10,16700,卖盘
1128,13:44:53,16.7,-0.01,5,8350,卖盘
1129,13:44:50,16.71,0.01,10,16710,买盘
1130,13:44:47,16.7,-0.01,212,354841,卖盘
1131,13:44:44,16.71,--,54,90234,卖盘
1132,13:44:41,16.71,--,7,11763,卖盘
1133,13:44:38,16.71,--,606,1012626,卖盘
1134,13:44:32,16.71,--,10,16710,卖盘
1135,13:44:29,16.71,-0.01,128,215492,卖盘
1136,13:44:26,16.72,0.01,91,152218,买盘
1137,13:44:23,16.71,-0.01,58,96918,卖盘
1138,13:44:20,16.72,--,82,138709,买盘
1139,13:44:17,16.72,0.01,105,175626,买盘
1140,13:44:11,16.71,-0.01,64,108548,卖盘
1141,13:44:08,16.72,--,1,1738,卖盘
1142,13:44:02,16.72,--,212,356069,买盘
1143,13:43:59,16.72,--,44,74437,买盘
1144,13:43:56,16.72,0.01,49,81928,买盘
1145,13:43:53,16.71,-0.01,129,215559,卖盘
1146,13:43:50,16.72,--,76,127071,买盘
1147,13:43:47,16.72,--,269,449767,卖盘
1148,13:43:44,16.72,-0.01,280,468159,卖盘
1149,13:43:41,16.73,0.01,23,38479,买盘
1150,13:43:38,16.72,--,456,762432,买盘
1151,13:43:35,16.72,--,316,528352,卖盘
1152,13:43:32,16.72,-0.01,38,63535,卖盘
1153,13:43:29,16.73,--,107,179011,买盘
1154,13:43:23,16.73,--,74,123802,买盘
1155,13:43:17,16.73,-0.01,261,436653,卖盘
1156,13:43:14,16.74,--,22,36828,买盘
1157,13:43:11,16.74,-0.01,448,749951,卖盘
1158,13:43:08,16.75,--,123,206025,买盘
1159,13:43:02,16.75,--,145,242875,买盘
1160,13:42:59,16.75,--,117,195975,买盘
1161,13:42:56,16.75,0.01,134,224450,买盘
1162,13:42:53,16.74,-0.01,86,143964,卖盘
1163,13:42:50,16.75,0.01,170,284750,买盘
1164,13:42:47,16.74,-0.01,95,159029,卖盘
1165,13:42:44,16.75,--,311,520925,买盘
1166,13:42:41,16.75,0.02,57,95475,买盘
1167,13:42:38,16.73,--,876,1465548,卖盘
1168,13:42:32,16.73,--,1,1673,卖盘
1169,13:42:29,16.73,0.01,680,1137640,买盘
1170,13:42:26,16.72,--,21,35112,卖盘
1171,13:42:23,16.72,0.01,722,1207184,买盘
1172,13:42:17,16.71,--,27,45117,卖盘
1173,13:42:14,16.71,--,121,202191,卖盘
1174,13:42:08,16.71,0.01,612,1022652,买盘
1175,13:42:05,16.7,--,75,125250,卖盘
1176,13:42:02,16.7,--,45,75150,卖盘
1177,13:41:59,16.7,--,876,1463988,买盘
1178,13:41:50,16.7,--,18,30060,买盘
1179,13:41:47,16.7,--,62,103540,买盘
1180,13:41:44,16.7,0.01,40,66800,买盘
1181,13:41:41,16.69,-0.01,83,138527,卖盘
1182,13:41:38,16.7,--,44,73480,买盘
1183,13:41:35,16.7,0.01,26,43420,买盘
1184,13:41:29,16.69,--,39,65091,卖盘
1185,13:41:26,16.69,--,181,302089,买盘
1186,13:41:23,16.69,--,445,742705,买盘
1187,13:41:17,16.69,0.01,200,333800,买盘
1188,13:41:14,16.68,--,32,53376,卖盘
1189,13:41:11,16.68,--,14,23352,卖盘
1190,13:41:08,16.68,-0.01,0,600,卖盘
1191,13:41:05,16.69,0.02,128,213632,买盘
1192,13:41:02,16.67,-0.01,226,376742,卖盘
1193,13:40:59,16.68,--,65,108420,卖盘
1194,13:40:56,16.68,--,118,196824,买盘
1195,13:40:53,16.68,--,11,18348,买盘
1196,13:40:50,16.68,--,5,8340,买盘
1197,13:40:41,16.68,-0.01,75,125100,卖盘
1198,13:40:38,16.69,--,9,15021,买盘
1199,13:40:35,16.69,0.01,37,61753,买盘
1200,13:40:32,16.68,-0.02,125,208500,卖盘
1201,13:40:29,16.7,--,22,36740,买盘
1202,13:40:26,16.7,--,133,222110,买盘
1203,13:40:23,16.7,--,209,349030,买盘
1204,13:40:17,16.7,0.01,51,85170,买盘
1205,13:40:14,16.69,-0.01,69,115161,卖盘
1206,13:40:11,16.7,0.02,31,51770,买盘
1207,13:40:05,16.68,-0.01,322,537096,卖盘
1208,13:40:02,16.69,--,71,118499,买盘
1209,13:39:59,16.69,-0.01,683,1139927,卖盘
1210,13:39:56,16.7,--,121,202070,买盘
1211,13:39:53,16.7,--,96,160320,买盘
1212,13:39:50,16.7,--,65,108550,买盘
1213,13:39:47,16.7,--,285,475950,买盘
1214,13:39:44,16.7,--,32,53440,买盘
1215,13:39:41,16.7,--,237,395790,买盘
1216,13:39:38,16.7,--,199,332330,买盘
1217,13:39:32,16.7,0.01,93,155310,买盘
1218,13:39:29,16.69,-0.01,187,312103,卖盘
1219,13:39:23,16.7,--,187,312290,买盘
1220,13:39:17,16.7,0.01,245,409150,买盘
1221,13:39:14,16.69,--,229,382201,买盘
1222,13:39:11,16.69,0.01,429,716001,买盘
1223,13:39:08,16.68,--,104,173472,卖盘
1224,13:39:05,16.68,--,32,53376,卖盘
1225,13:39:02,16.68,--,116,194355,卖盘
1226,13:38:59,16.68,0.01,942,1571256,买盘
1227,13:38:52,16.67,--,21,35007,卖盘
1228,13:38:49,16.67,--,40,66680,卖盘
1229,13:38:46,16.67,--,113,188371,买盘
1230,13:38:43,16.67,0.01,22,36674,买盘
1231,13:38:37,16.66,--,85,141610,卖盘
1232,13:38:34,16.66,--,5,8330,卖盘
1233,13:38:31,16.66,0.04,3603,6004064,买盘
1234,13:38:22,16.62,--,45,74989,卖盘
1235,13:38:19,16.62,0.02,127,212536,买盘
1236,13:38:10,16.6,-0.01,10,16600,卖盘
1237,13:38:07,16.61,--,70,116270,卖盘
1238,13:38:04,16.61,--,39,64779,买盘
1239,13:37:58,16.61,-0.01,51,84711,卖盘
1240,13:37:55,16.62,--,35,58170,买盘
1241,13:37:52,16.62,--,86,142932,买盘
1242,13:37:49,16.62,0.01,154,255948,买盘
1243,13:37:46,16.61,--,5,8305,卖盘
1244,13:37:43,16.61,-0.01,118,195998,卖盘
1245,13:37:40,16.62,--,52,86424,买盘
1246,13:37:37,16.62,--,18,29916,买盘
1247,13:37:34,16.62,--,57,94734,买盘
1248,13:37:31,16.62,--,9,14958,买盘
1249,13:37:28,16.62,--,1,1662,买盘
1250,13:37:25,16.62,0.01,300,498600,买盘
1251,13:37:22,16.61,--,59,98198,卖盘
1252,13:37:19,16.61,--,22,36542,卖盘
1253,13:37:10,16.61,0.01,287,478168,买盘
1254,13:37:07,16.6,--,5,8300,卖盘
1255,13:37:04,16.6,--,10,16600,卖盘
1256,13:37:01,16.6,0.01,563,936206,买盘
1257,13:36:55,16.59,0.01,136,225624,卖盘
1258,13:36:52,16.58,--,1,1657,卖盘
1259,13:36:49,16.58,-0.01,36,59687,卖盘
1260,13:36:46,16.59,0.01,22,37128,买盘
1261,13:36:43,16.58,--,35,58029,卖盘
1262,13:36:40,16.58,--,10,16580,卖盘
1263,13:36:37,16.58,--,5,8290,卖盘
1264,13:36:34,16.58,-0.01,43,71293,卖盘
1265,13:36:31,16.59,0.01,381,632079,买盘
1266,13:36:25,16.58,-0.01,32,53055,卖盘
1267,13:36:22,16.59,--,66,109494,卖盘
1268,13:36:19,16.59,--,5,8295,卖盘
1269,13:36:16,16.59,0.01,40,66360,买盘
1270,13:36:13,16.58,--,21,34818,卖盘
1271,13:36:07,16.58,--,5,8290,卖盘
1272,13:36:04,16.58,--,5,8290,卖盘
1273,13:36:01,16.58,-0.01,8,13263,卖盘
1274,13:35:58,16.59,0.01,2,3318,买盘
1275,13:35:55,16.58,--,16,26527,卖盘
1276,13:35:52,16.58,--,3,4973,买盘
1277,13:35:46,16.58,--,33,55907,买盘
1278,13:35:43,16.58,0.02,3,4973,中性盘
1279,13:35:34,16.56,-0.04,25,41400,卖盘
1280,13:35:31,16.6,0.04,7,11620,买盘
1281,13:35:25,16.56,0.01,21,34776,卖盘
1282,13:35:16,16.55,-0.05,21,34755,卖盘
1283,13:35:13,16.6,0.04,312,517920,买盘
1284,13:35:10,16.56,-0.04,6,9936,卖盘
1285,13:35:07,16.6,0.04,9,14940,买盘
1286,13:35:01,16.56,-0.04,2,3311,中性盘
1287,13:34:58,16.6,--,305,506499,卖盘
1288,13:34:52,16.6,0.05,2712,4502517,买盘
1289,13:34:46,16.55,--,14,23170,卖盘
1290,13:34:43,16.55,--,4,6620,卖盘
1291,13:34:37,16.55,--,4,6620,卖盘
1292,13:34:31,16.55,--,13,21515,卖盘
1293,13:34:25,16.55,--,8,13240,卖盘
1294,13:34:19,16.55,--,15,24825,卖盘
1295,13:34:16,16.55,-0.01,9,15424,卖盘
1296,13:34:13,16.56,--,5,8280,买盘
1297,13:34:07,16.56,0.01,5,8280,买盘
1298,13:34:01,16.55,--,100,165500,卖盘
1299,13:33:58,16.55,-0.01,10,16550,卖盘
1300,13:33:52,16.56,0.01,16,26495,买盘
1301,13:33:49,16.55,--,61,100955,卖盘
1302,13:33:46,16.55,--,10,16550,卖盘
1303,13:33:40,16.55,-0.01,23,38065,卖盘
1304,13:33:37,16.56,0.01,38,63722,买盘
1305,13:33:34,16.55,--,69,115452,卖盘
1306,13:33:31,16.55,--,20,33100,卖盘
1307,13:33:28,16.55,--,42,69510,卖盘
1308,13:33:25,16.55,--,5,8275,卖盘
1309,13:33:22,16.55,--,1,1655,卖盘
1310,13:33:16,16.55,--,22,36410,卖盘
1311,13:33:13,16.55,0.01,91,151002,买盘
1312,13:33:07,16.54,-0.01,18,29772,卖盘
1313,13:33:04,16.55,--,80,132400,买盘
1314,13:33:01,16.55,--,63,104265,买盘
1315,13:32:58,16.55,0.01,45,74475,买盘
1316,13:32:55,16.54,-0.01,44,72776,卖盘
1317,13:32:52,16.55,--,11,18205,买盘
1318,13:32:43,16.55,--,242,401767,卖盘
1319,13:32:40,16.55,--,87,143985,卖盘
1320,13:32:37,16.55,--,52,86060,卖盘
1321,13:32:34,16.55,--,141,233355,卖盘
1322,13:32:28,16.55,-0.01,37,61235,卖盘
1323,13:32:25,16.56,--,118,195407,卖盘
1324,13:32:19,16.56,--,5,8280,卖盘
1325,13:32:16,16.56,0.01,4,6623,买盘
1326,13:32:13,16.55,-0.01,14,23170,卖盘
1327,13:32:07,16.56,0.01,178,295198,买盘
1328,13:32:01,16.55,--,4,6620,卖盘
1329,13:31:58,16.55,--,31,51305,卖盘
1330,13:31:55,16.55,-0.01,5,8275,卖盘
1331,13:31:52,16.56,0.01,20,33120,买盘
1332,13:31:43,16.55,-0.01,7,13206,卖盘
1333,13:31:40,16.56,--,107,177192,买盘
1334,13:31:34,16.56,--,114,188783,买盘
1335,13:31:28,16.56,--,122,203257,卖盘
1336,13:31:16,16.56,--,24,39744,卖盘
1337,13:31:13,16.56,--,17,28151,卖盘
1338,13:31:10,16.56,-0.01,5,8280,卖盘
1339,13:31:07,16.57,--,52,86164,买盘
1340,13:31:04,16.57,--,25,41425,买盘
1341,13:31:01,16.57,--,34,56503,买盘
1342,13:30:55,16.57,--,46,76222,买盘
1343,13:30:52,16.57,0.01,15,24855,买盘
1344,13:30:46,16.56,-0.01,309,511902,卖盘
1345,13:30:43,16.57,-0.01,67,111019,卖盘
1346,13:30:40,16.58,0.01,30,49739,买盘
1347,13:30:37,16.57,--,4,6628,卖盘
1348,13:30:34,16.57,-0.01,26,43082,卖盘
1349,13:30:31,16.58,0.01,60,99479,买盘
1350,13:30:25,16.57,--,36,59652,卖盘
1351,13:30:22,16.57,-0.01,26,43082,卖盘
1352,13:30:19,16.58,-0.01,160,265280,卖盘
1353,13:30:13,16.59,--,9,14931,买盘
1354,13:30:07,16.59,--,5,8295,买盘
1355,13:30:04,16.59,--,2,3318,买盘
1356,13:29:58,16.59,--,37,61383,买盘
1357,13:29:52,16.59,--,47,77973,买盘
1358,13:29:46,16.59,0.01,7,11613,买盘
1359,13:29:43,16.58,--,56,92847,卖盘
1360,13:29:40,16.58,--,22,36475,卖盘
1361,13:29:37,16.58,--,18,29843,卖盘
1362,13:29:34,16.58,--,35,58029,卖盘
1363,13:29:31,16.58,--,132,218855,卖盘
1364,13:29:25,16.58,-0.01,2,3315,卖盘
1365,13:29:22,16.59,0.01,4,6636,买盘
1366,13:29:19,16.58,--,189,313361,卖盘
1367,13:29:10,16.58,--,4,6631,中性盘
1368,13:29:07,16.58,0.01,27,44765,买盘
1369,13:29:04,16.57,--,20,33140,卖盘
1370,13:29:01,16.57,-0.01,59,97763,卖盘
1371,13:28:55,16.58,--,25,41449,买盘
1372,13:28:52,16.58,-0.01,245,406607,卖盘
1373,13:28:46,16.59,--,3,4977,买盘
1374,13:28:43,16.59,--,9,14931,买盘
1375,13:28:37,16.59,0.01,132,218988,买盘
1376,13:28:34,16.58,-0.01,15,24869,卖盘
1377,13:28:31,16.59,--,1,1659,买盘
1378,13:28:28,16.59,0.01,10,16590,买盘
1379,13:28:19,16.58,-0.01,40,66320,卖盘
1380,13:28:16,16.59,0.01,90,149310,买盘
1381,13:28:13,16.58,-0.01,5,8290,卖盘
1382,13:28:07,16.59,--,10,16590,买盘
1383,13:28:04,16.59,--,10,16590,买盘
1384,13:27:58,16.59,--,30,49770,买盘
1385,13:27:55,16.59,0.01,31,51429,买盘
1386,13:27:46,16.58,--,3,4973,卖盘
1387,13:27:40,16.58,--,21,34818,卖盘
1388,13:27:37,16.58,--,63,105714,买盘
1389,13:27:34,16.58,--,1,1657,买盘
1390,13:27:28,16.58,--,29,48081,买盘
1391,13:27:22,16.58,0.01,41,67978,买盘
1392,13:27:19,16.57,-0.01,284,470588,卖盘
1393,13:27:13,16.58,--,20,33160,买盘
1394,13:27:10,16.58,0.01,105,174089,买盘
1395,13:27:07,16.57,-0.01,66,110820,卖盘
1396,13:27:04,16.58,--,85,140930,买盘
1397,13:26:58,16.58,--,22,36475,买盘
1398,13:26:52,16.58,0.01,19,31501,买盘
1399,13:26:49,16.57,--,25,41425,卖盘
1400,13:26:43,16.57,--,37,61309,卖盘
1401,13:26:40,16.57,-0.01,5,8285,卖盘
1402,13:26:37,16.58,0.01,3,4973,买盘
1403,13:26:31,16.57,--,1,1657,卖盘
1404,13:26:28,16.57,--,38,62966,卖盘
1405,13:26:25,16.57,--,39,64623,买盘
1406,13:26:22,16.57,--,105,173985,买盘
1407,13:26:19,16.57,--,174,288318,买盘
1408,13:26:16,16.57,--,26,43082,买盘
1409,13:26:10,16.57,--,4,6628,买盘
1410,13:26:07,16.57,--,22,36454,买盘
1411,13:26:04,16.57,--,13,21541,买盘
1412,13:26:01,16.57,--,25,41425,买盘
1413,13:25:58,16.57,--,2,3314,买盘
1414,13:25:55,16.57,0.01,12,19884,买盘
1415,13:25:49,16.56,--,10,16560,卖盘
1416,13:25:46,16.56,-0.01,27,44712,卖盘
1417,13:25:43,16.57,--,11,18227,买盘
1418,13:25:40,16.57,--,22,36454,买盘
1419,13:25:37,16.57,0.01,10,16570,买盘
1420,13:25:34,16.56,--,30,49679,卖盘
1421,13:25:31,16.56,--,49,81144,卖盘
1422,13:25:25,16.56,-0.01,1,1655,卖盘
1423,13:25:22,16.57,0.01,18,29826,买盘
1424,13:25:19,16.56,--,12,19872,卖盘
1425,13:25:16,16.56,-0.01,6,9936,卖盘
1426,13:25:13,16.57,0.01,33,54681,买盘
1427,13:25:04,16.56,0.01,90,149304,买盘
1428,13:24:52,16.55,-0.01,10,17940,卖盘
1429,13:24:49,16.56,-0.01,10,16560,卖盘
1430,13:24:46,16.57,0.01,8,13256,买盘
1431,13:24:40,16.56,--,35,57959,卖盘
1432,13:24:34,16.56,0.01,216,357960,买盘
1433,13:24:31,16.55,0.01,21,34755,卖盘
1434,13:24:28,16.54,-0.01,47,77738,卖盘
1435,13:24:25,16.55,--,3,4965,卖盘
1436,13:24:22,16.55,--,105,173775,买盘
1437,13:24:19,16.55,0.01,30,49650,买盘
1438,13:24:16,16.54,-0.01,195,322530,卖盘
1439,13:24:10,16.55,--,75,124125,买盘
1440,13:24:07,16.55,--,14,23170,买盘
1441,13:24:04,16.55,-0.01,15,24825,中性盘
1442,13:24:01,16.56,0.01,58,96047,买盘
1443,13:23:58,16.55,--,9,14895,买盘
1444,13:23:55,16.55,--,4,6620,买盘
1445,13:23:52,16.55,--,10,16550,买盘
1446,13:23:49,16.55,--,3,4965,买盘
1447,13:23:43,16.55,0.01,3,4965,买盘
1448,13:23:40,16.54,-0.01,34,56236,卖盘
1449,13:23:37,16.55,0.01,8,13240,买盘
1450,13:23:31,16.54,--,10,16540,卖盘
1451,13:23:28,16.54,-0.01,26,44393,卖盘
1452,13:23:22,16.55,--,8,13504,买盘
1453,13:23:19,16.55,--,17,28135,买盘
1454,13:23:16,16.55,--,30,49650,买盘
1455,13:23:13,16.55,--,81,135445,卖盘
1456,13:23:07,16.55,--,14,23170,卖盘
1457,13:23:04,16.55,--,70,116114,卖盘
1458,13:22:58,16.55,--,68,112540,卖盘
1459,13:22:52,16.55,--,50,82750,卖盘
1460,13:22:49,16.55,-0.01,30,49650,卖盘
1461,13:22:46,16.56,--,30,49679,买盘
1462,13:22:40,16.56,--,20,33120,买盘
1463,13:22:37,16.56,0.01,5,8280,买盘
1464,13:22:31,16.55,-0.01,10,16550,卖盘
1465,13:22:22,16.56,-0.01,90,149040,卖盘
1466,13:22:19,16.57,--,2,3314,买盘
1467,13:22:16,16.57,0.01,14,23198,买盘
1468,13:22:07,16.56,--,10,16560,卖盘
1469,13:22:04,16.56,0.01,145,240119,买盘
1470,13:22:01,16.55,--,22,36410,卖盘
1471,13:21:55,16.55,-0.01,1,1655,卖盘
1472,13:21:52,16.56,--,100,165600,买盘
1473,13:21:49,16.56,0.01,10,16560,买盘
1474,13:21:46,16.55,--,20,33100,卖盘
1475,13:21:40,16.55,0.01,15,24825,买盘
1476,13:21:37,16.54,-0.01,1,1654,卖盘
1477,13:21:28,16.55,--,80,132400,买盘
1478,13:21:25,16.55,--,10,16550,买盘
1479,13:21:19,16.55,--,142,236069,卖盘
1480,13:21:13,16.55,--,37,61235,卖盘
1481,13:21:07,16.55,--,4,6620,卖盘
1482,13:21:04,16.55,--,8,13240,卖盘
1483,13:21:01,16.55,0.01,5,8870,买盘
1484,13:20:58,16.54,--,78,129012,卖盘
1485,13:20:55,16.54,-0.01,81,133974,卖盘
1486,13:20:52,16.55,--,63,104265,买盘
1487,13:20:49,16.55,0.01,1,1655,买盘
1488,13:20:43,16.54,-0.01,2,3308,卖盘
1489,13:20:40,16.55,0.01,57,94335,买盘
1490,13:20:37,16.54,--,8,13232,卖盘
1491,13:20:34,16.54,-0.01,5,8270,卖盘
1492,13:20:31,16.55,--,15,24825,买盘
1493,13:20:28,16.55,--,45,74475,买盘
1494,13:20:22,16.55,--,13,21515,买盘
1495,13:20:16,16.55,--,159,263145,买盘
1496,13:20:13,16.55,--,31,52364,卖盘
1497,13:20:10,16.55,--,6,9930,卖盘
1498,13:20:04,16.55,--,30,49650,卖盘
1499,13:19:58,16.55,--,20,33100,卖盘
1500,13:19:55,16.55,--,19,32040,买盘
1501,13:19:52,16.55,--,41,67855,买盘
1502,13:19:46,16.55,--,4,6620,买盘
1503,13:19:43,16.55,--,5,8275,买盘
1504,13:19:31,16.55,0.01,10,16550,买盘
1505,13:19:28,16.54,-0.01,1,1654,卖盘
1506,13:19:25,16.55,--,89,148354,卖盘
1507,13:19:22,16.55,--,27,44685,卖盘
1508,13:19:19,16.55,-0.01,57,94335,卖盘
1509,13:19:16,16.56,0.01,11,18216,买盘
1510,13:19:10,16.55,-0.01,61,101550,卖盘
1511,13:19:04,16.56,0.01,20,33120,买盘
1512,13:18:55,16.55,--,218,360790,买盘
1513,13:18:52,16.55,--,8,13240,买盘
1514,13:18:49,16.55,--,1,1655,买盘
1515,13:18:43,16.55,--,1,1655,买盘
1516,13:18:37,16.55,-0.01,224,370720,卖盘
1517,13:18:31,16.56,--,33,54647,卖盘
1518,13:18:28,16.56,--,73,120887,卖盘
1519,13:18:21,16.56,--,12,19872,买盘
1520,13:18:12,16.56,0.01,2,3311,买盘
1521,13:18:09,16.55,-0.01,11,18205,卖盘
1522,13:18:06,16.56,--,30,49679,卖盘
1523,13:18:03,16.56,--,5,8280,卖盘
1524,13:18:00,16.56,--,5,8280,卖盘
1525,13:17:57,16.56,0.01,27,44712,买盘
1526,13:17:54,16.55,-0.01,1,1655,卖盘
1527,13:17:51,16.56,--,12,19872,买盘
1528,13:17:42,16.56,--,25,41400,买盘
1529,13:17:36,16.56,0.01,1,1655,买盘
1530,13:17:33,16.55,--,10,16550,卖盘
1531,13:17:30,16.55,-0.01,10,16550,卖盘
1532,13:17:27,16.56,0.01,27,44712,买盘
1533,13:17:21,16.55,-0.01,81,134055,卖盘
1534,13:17:15,16.56,--,25,41400,买盘
1535,13:17:12,16.56,--,29,48023,买盘
1536,13:17:06,16.56,0.01,7,11592,买盘
1537,13:17:03,16.55,-0.01,16,26480,卖盘
1538,13:17:00,16.56,--,9,14903,买盘
1539,13:16:57,16.56,0.01,8,13247,买盘
1540,13:16:54,16.55,--,8,13240,卖盘
1541,13:16:51,16.55,--,80,132400,卖盘
1542,13:16:48,16.55,-0.01,31,51305,卖盘
1543,13:16:45,16.56,-0.01,30,49679,卖盘
1544,13:16:36,16.57,0.01,10,16570,买盘
1545,13:16:33,16.56,-0.01,166,274896,卖盘
1546,13:16:30,16.57,--,7,11599,买盘
1547,13:16:27,16.57,--,22,36454,买盘
1548,13:16:24,16.57,--,87,144159,买盘
1549,13:16:18,16.57,--,6,9942,卖盘
1550,13:16:15,16.57,--,159,263463,卖盘
1551,13:16:09,16.57,-0.01,9,14913,卖盘
1552,13:16:06,16.58,--,13,21553,买盘
1553,13:16:03,16.58,--,15,24869,买盘
1554,13:16:00,16.58,0.01,2,3315,买盘
1555,13:15:57,16.57,-0.01,20,33140,卖盘
1556,13:15:54,16.58,0.01,3,4973,买盘
1557,13:15:51,16.57,--,45,74565,卖盘
1558,13:15:48,16.57,--,32,53024,卖盘
1559,13:15:45,16.57,--,40,66280,卖盘
1560,13:15:42,16.57,--,5,8285,卖盘
1561,13:15:39,16.57,--,9,14913,卖盘
1562,13:15:36,16.57,0.01,70,115990,买盘
1563,13:15:33,16.56,--,7,11592,卖盘
1564,13:15:27,16.56,-0.01,50,82800,卖盘
1565,13:15:24,16.57,--,508,841756,买盘
1566,13:15:21,16.57,--,25,41425,买盘
1567,13:15:12,16.57,0.01,58,96106,买盘
1568,13:15:03,16.56,--,316,523295,卖盘
1569,13:15:00,16.56,-0.01,12,19872,卖盘
1570,13:14:54,16.57,--,231,382767,买盘
1571,13:14:48,16.57,-0.01,4,6628,卖盘
1572,13:14:45,16.58,0.02,10,16580,买盘
1573,13:14:42,16.56,-0.02,200,331200,卖盘
1574,13:14:39,16.58,--,2,3315,买盘
1575,13:14:36,16.58,0.01,35,58029,买盘
1576,13:14:33,16.57,-0.01,69,114333,卖盘
1577,13:14:27,16.58,--,62,102795,买盘
1578,13:14:24,16.58,0.01,80,132640,买盘
1579,13:14:18,16.57,-0.01,34,56338,卖盘
1580,13:14:15,16.58,--,15,24869,买盘
1581,13:14:12,16.58,--,12,19895,买盘
1582,13:14:09,16.58,--,100,165799,买盘
1583,13:14:03,16.58,--,97,160825,买盘
1584,13:13:57,16.58,0.01,1,1657,买盘
1585,13:13:51,16.57,--,19,31483,买盘
1586,13:13:48,16.57,-0.01,7,11599,中性盘
1587,13:13:45,16.58,0.01,11,18237,买盘
1588,13:13:42,16.57,--,3,4971,买盘
1589,13:13:39,16.57,0.01,40,66280,买盘
1590,13:13:36,16.56,--,38,62927,卖盘
1591,13:13:27,16.56,--,10,16560,卖盘
1592,13:13:24,16.56,0.01,104,172224,买盘
1593,13:13:21,16.55,-0.01,275,455125,卖盘
1594,13:13:18,16.56,--,7,11592,买盘
1595,13:13:15,16.56,--,200,331200,买盘
1596,13:13:06,16.56,0.01,8,13247,买盘
1597,13:13:03,16.55,-0.01,126,208530,卖盘
1598,13:13:00,16.56,0.01,30,49679,买盘
1599,13:12:57,16.55,--,9,14895,卖盘
1600,13:12:51,16.55,0.01,212,350860,买盘
1601,13:12:45,16.54,-0.01,2,3308,卖盘
1602,13:12:42,16.55,0.01,18,29790,买盘
1603,13:12:33,16.54,-0.01,26,43004,中性盘
1604,13:12:30,16.55,--,45,74475,买盘
1605,13:12:27,16.55,--,4,6620,买盘
1606,13:12:24,16.55,0.01,24,39720,买盘
1607,13:12:18,16.54,--,1,1654,卖盘
1608,13:12:09,16.54,-0.01,39,64506,中性盘
1609,13:12:06,16.55,0.01,51,84405,买盘
1610,13:12:03,16.54,--,6,9924,卖盘
1611,13:11:57,16.54,--,15,24810,卖盘
1612,13:11:54,16.54,--,13,21502,买盘
1613,13:11:51,16.54,-0.01,58,95932,卖盘
1614,13:11:48,16.55,0.01,1,1655,买盘
1615,13:11:45,16.54,--,51,84354,卖盘
1616,13:11:42,16.54,-0.01,55,90970,卖盘
1617,13:11:39,16.55,--,29,47995,买盘
1618,13:11:36,16.55,--,20,33100,买盘
1619,13:11:33,16.55,--,4,6620,买盘
1620,13:11:30,16.55,--,118,195290,卖盘
1621,13:11:27,16.55,-0.01,50,82750,卖盘
1622,13:11:24,16.56,--,207,342792,买盘
1623,13:11:21,16.56,--,177,293112,买盘
1624,13:11:18,16.56,0.01,121,200375,买盘
1625,13:11:15,16.55,--,15,24825,卖盘
1626,13:11:09,16.55,-0.01,62,102610,卖盘
1627,13:11:06,16.56,-0.01,59,97703,卖盘
1628,13:11:03,16.57,0.01,33,54681,买盘
1629,13:10:57,16.56,-0.01,16,26495,卖盘
1630,13:10:51,16.57,0.02,10,16570,买盘
1631,13:10:45,16.55,-0.02,31,51305,卖盘
1632,13:10:39,16.57,0.02,35,57995,买盘
1633,13:10:30,16.55,--,2,3310,卖盘
1634,13:10:21,16.55,0.01,53,87715,买盘
1635,13:10:18,16.54,--,1,1654,卖盘
1636,13:10:12,16.54,0.01,1,1654,中性盘
1637,13:10:09,16.53,-0.01,78,128934,卖盘
1638,13:10:03,16.54,0.01,5,8270,买盘
1639,13:09:54,16.53,--,31,51243,买盘
1640,13:09:48,16.53,0.01,50,82650,买盘
1641,13:09:42,16.52,--,26,42952,卖盘
1642,13:09:39,16.52,--,82,135464,买盘
1643,13:09:33,16.52,--,80,132160,买盘
1644,13:09:30,16.52,--,9,14868,买盘
1645,13:09:27,16.52,0.01,14,23128,买盘
1646,13:09:18,16.51,-0.01,11,18161,中性盘
1647,13:09:15,16.52,0.02,20,33040,买盘
1648,13:09:12,16.5,--,3,4950,卖盘
1649,13:09:06,16.5,--,13,21450,卖盘
1650,13:08:57,16.5,--,10,16500,卖盘
1651,13:08:54,16.5,--,1,2508,买盘
1652,13:08:51,16.5,--,54,89100,买盘
1653,13:08:48,16.5,--,63,103950,买盘
1654,13:08:45,16.5,--,146,240900,买盘
1655,13:08:42,16.5,--,162,267300,买盘
1656,13:08:39,16.5,-0.01,583,962742,卖盘
1657,13:08:36,16.51,0.01,6,9906,买盘
1658,13:08:33,16.5,--,10,16500,卖盘
1659,13:08:24,16.5,--,46,75900,卖盘
1660,13:08:21,16.5,--,98,162558,买盘
1661,13:08:12,16.5,0.01,333,549450,买盘
1662,13:08:09,16.49,--,3,4946,卖盘
1663,13:08:06,16.49,-0.01,3,4946,卖盘
1664,13:08:03,16.5,0.01,16,26400,买盘
1665,13:08:00,16.49,--,138,227561,卖盘
1666,13:07:57,16.49,--,10,16490,卖盘
1667,13:07:54,16.49,--,3,4946,卖盘
1668,13:07:48,16.49,0.01,59,97290,买盘
1669,13:07:45,16.48,-0.01,51,84048,卖盘
1670,13:07:42,16.49,--,20,32980,买盘
1671,13:07:39,16.49,--,10,16490,买盘
1672,13:07:33,16.49,--,10,16490,买盘
1673,13:07:30,16.49,--,11,18139,买盘
1674,13:07:27,16.49,--,20,32980,买盘
1675,13:07:24,16.49,--,108,178091,买盘
1676,13:07:18,16.49,--,32,52767,买盘
1677,13:07:12,16.49,--,13,21436,买盘
1678,13:07:09,16.49,--,17,28032,买盘
1679,13:07:03,16.49,--,31,51118,买盘
1680,13:07:00,16.49,--,31,51118,买盘
1681,13:06:57,16.49,--,10,16490,买盘
1682,13:06:54,16.49,-0.01,652,1075148,卖盘
1683,13:06:48,16.5,--,1,1650,买盘
1684,13:06:42,16.5,0.01,32,52800,买盘
1685,13:06:39,16.49,-0.01,34,56065,中性盘
1686,13:06:30,16.5,0.02,8,13200,买盘
1687,13:06:24,16.48,-0.01,62,102176,卖盘
1688,13:06:21,16.49,--,2,3297,卖盘
1689,13:06:15,16.49,0.01,101,166548,买盘
1690,13:06:09,16.48,--,5,8240,卖盘
1691,13:06:06,16.48,--,26,42848,买盘
1692,13:06:00,16.48,0.01,171,281808,买盘
1693,13:05:57,16.47,-0.01,45,74115,卖盘
1694,13:05:54,16.48,--,2,3296,买盘
1695,13:05:51,16.48,--,2,3296,买盘
1696,13:05:48,16.48,-0.01,4,6592,卖盘
1697,13:05:42,16.49,0.01,36,59363,买盘
1698,13:05:42,16.48,-0.01,15,24720,卖盘
1699,13:05:39,16.49,0.02,27,44522,买盘
1700,13:05:30,16.47,--,6,9882,卖盘
1701,13:05:27,16.47,--,20,32940,卖盘
1702,13:05:21,16.47,-0.01,2,3294,卖盘
1703,13:05:18,16.48,0.01,151,248880,买盘
1704,13:05:15,16.47,0.01,3,4941,买盘
1705,13:05:12,16.46,-0.01,1,1646,卖盘
1706,13:05:06,16.47,--,32,52704,买盘
1707,13:05:00,16.47,--,101,167961,卖盘
1708,13:04:54,16.47,-0.02,40,65880,卖盘
1709,13:04:48,16.49,0.01,20,32980,买盘
1710,13:04:45,16.48,--,3,4944,卖盘
1711,13:04:42,16.48,-0.01,45,74192,买盘
1712,13:04:36,16.49,0.01,307,506242,买盘
1713,13:04:33,16.48,--,123,202704,卖盘
1714,13:04:30,16.48,-0.01,2,3296,卖盘
1715,13:04:27,16.49,0.01,325,535925,买盘
1716,13:04:18,16.48,-0.01,19,31312,卖盘
1717,13:04:15,16.49,--,79,130270,卖盘
1718,13:04:09,16.49,--,35,57714,卖盘
1719,13:04:06,16.49,-0.01,21,34629,卖盘
1720,13:03:57,16.5,--,8,13200,买盘
1721,13:03:51,16.5,--,95,156750,买盘
1722,13:03:48,16.5,--,56,93225,卖盘
1723,13:03:45,16.5,--,24,39600,卖盘
1724,13:03:42,16.5,--,3,4950,卖盘
1725,13:03:39,16.5,--,20,33000,卖盘
1726,13:03:36,16.5,--,23,37950,卖盘
1727,13:03:30,16.5,--,2,3300,卖盘
1728,13:03:27,16.5,-0.01,7,11550,卖盘
1729,13:03:24,16.51,0.01,1,1651,买盘
1730,13:03:21,16.5,-0.01,30,49500,卖盘
1731,13:03:18,16.51,--,7,11557,买盘
1732,13:03:12,16.51,--,2,3302,买盘
1733,13:03:09,16.51,--,345,569595,卖盘
1734,13:03:06,16.51,--,64,105664,卖盘
1735,13:03:03,16.51,-0.01,6,9906,卖盘
1736,13:02:57,16.52,0.01,24,39648,买盘
1737,13:02:54,16.51,--,67,110617,卖盘
1738,13:02:51,16.51,--,140,231140,卖盘
1739,13:02:48,16.51,-0.01,105,173355,卖盘
1740,13:02:39,16.52,--,9,14868,买盘
1741,13:02:36,16.52,-0.01,328,541856,卖盘
1742,13:02:30,16.53,--,5,8265,买盘
1743,13:02:27,16.53,--,10,16530,买盘
1744,13:02:24,16.53,-0.01,26,42978,卖盘
1745,13:02:21,16.54,0.01,29,47966,买盘
1746,13:02:18,16.53,-0.01,1,1653,卖盘
1747,13:02:15,16.54,--,13,21502,买盘
1748,13:02:09,16.54,-0.01,19,31426,卖盘
1749,13:02:03,16.55,--,3,4965,买盘
1750,13:01:57,16.55,--,59,97645,卖盘
1751,13:01:54,16.55,-0.01,36,59580,卖盘
1752,13:01:42,16.56,--,3,4968,买盘
1753,13:01:39,16.56,-0.01,8,13247,卖盘
1754,13:01:35,16.57,0.01,21,34797,买盘
1755,13:01:29,16.56,--,4,6623,卖盘
1756,13:01:26,16.56,-0.01,20,33120,卖盘
1757,13:01:23,16.57,--,31,51367,买盘
1758,13:01:14,16.57,--,21,34797,买盘
1759,13:01:11,16.57,--,40,66280,卖盘
1760,13:01:08,16.57,-0.01,6,9942,卖盘
1761,13:01:05,16.58,0.01,6,9947,买盘
1762,13:01:02,16.57,-0.02,25,41425,卖盘
1763,13:00:59,16.59,0.02,3,4977,买盘
1764,13:00:56,16.57,--,21,34797,卖盘
1765,13:00:50,16.57,0.01,20,33140,中性盘
1766,13:00:44,16.56,--,15,24839,卖盘
1767,13:00:41,16.56,-0.01,50,82800,卖盘
1768,13:00:35,16.57,--,6,9942,买盘
1769,13:00:32,16.57,--,7,11599,买盘
1770,13:00:26,16.57,0.01,25,41425,买盘
1771,13:00:20,16.56,0.01,2,3311,买盘
1772,13:00:14,16.55,-0.01,2,3310,卖盘
1773,13:00:08,16.56,0.01,7,11592,卖盘
1774,13:00:05,16.55,-0.01,177,292935,卖盘
1775,13:00:02,16.56,0.01,1790,2964240,买盘
1776,11:30:03,16.55,-0.01,11,18205,卖盘
1777,11:29:57,16.56,0.01,28,46368,买盘
1778,11:29:45,16.55,--,23,38065,买盘
1779,11:29:42,16.55,--,83,137365,买盘
1780,11:29:39,16.55,--,32,52960,买盘
1781,11:29:27,16.55,0.01,101,167155,买盘
1782,11:29:24,16.54,--,71,117434,买盘
1783,11:29:21,16.54,--,10,16540,买盘
1784,11:29:18,16.54,0.01,107,176978,买盘
1785,11:29:15,16.53,-0.01,17,28101,卖盘
1786,11:29:09,16.54,--,10,16540,买盘
1787,11:29:06,16.54,--,15,24810,买盘
1788,11:29:03,16.54,0.01,1,1654,买盘
1789,11:29:00,16.53,--,12,19836,卖盘
1790,11:28:57,16.53,--,7,11571,卖盘
1791,11:28:51,16.53,0.01,18,29754,买盘
1792,11:28:48,16.52,--,86,142072,卖盘
1793,11:28:45,16.52,--,10,16520,卖盘
1794,11:28:42,16.52,--,10,16520,卖盘
1795,11:28:39,16.52,--,11,18172,卖盘
1796,11:28:33,16.52,--,35,57820,买盘
1797,11:28:30,16.52,0.01,80,132160,买盘
1798,11:28:21,16.51,--,83,137033,买盘
1799,11:28:18,16.51,--,34,56134,买盘
1800,11:28:15,16.51,0.01,50,82550,买盘
1801,11:28:09,16.5,--,3,4950,卖盘
1802,11:28:06,16.5,-0.01,15,24750,卖盘
1803,11:28:00,16.51,0.01,164,271589,买盘
1804,11:27:57,16.5,--,22,36300,买盘
1805,11:27:54,16.5,--,37,61050,买盘
1806,11:27:51,16.5,0.01,84,138600,买盘
1807,11:27:45,16.49,--,21,34629,卖盘
1808,11:27:39,16.49,--,53,87396,卖盘
1809,11:27:36,16.49,-0.01,30,49469,卖盘
1810,11:27:33,16.5,--,118,194700,买盘
1811,11:27:24,16.5,0.01,51,84150,买盘
1812,11:27:18,16.49,0.01,383,631995,买盘
1813,11:27:12,16.48,--,14,23072,买盘
1814,11:27:09,16.48,--,10,16480,买盘
1815,11:27:06,16.48,--,15,24720,买盘
1816,11:27:03,16.48,--,56,92288,买盘
1817,11:27:00,16.48,--,11,18128,买盘
1818,11:26:57,16.48,--,72,118656,买盘
1819,11:26:48,16.48,0.01,9,14832,买盘
1820,11:26:42,16.47,-0.01,27,44469,卖盘
1821,11:26:36,16.48,0.01,6,9888,买盘
1822,11:26:33,16.47,-0.01,76,125171,卖盘
1823,11:26:30,16.48,--,22,36256,买盘
1824,11:26:27,16.48,--,170,280160,买盘
1825,11:26:24,16.48,--,24,39552,买盘
1826,11:26:21,16.48,0.01,225,370800,买盘
1827,11:26:18,16.47,-0.01,12,19764,卖盘
1828,11:26:12,16.48,0.01,60,98880,买盘
1829,11:26:06,16.47,0.01,10,16470,买盘
1830,11:26:03,16.46,-0.01,109,179414,卖盘
1831,11:26:00,16.47,--,17,27998,买盘
1832,11:25:57,16.47,--,6,9882,买盘
1833,11:25:54,16.47,--,8,13176,买盘
1834,11:25:51,16.47,--,3,4941,买盘
1835,11:25:48,16.47,--,3,4941,买盘
1836,11:25:45,16.47,-0.01,57,93879,卖盘
1837,11:25:39,16.48,0.03,110,181280,买盘
1838,11:25:36,16.45,-0.02,719,1182755,卖盘
1839,11:25:30,16.47,--,22,36234,卖盘
1840,11:25:27,16.47,--,9,14822,卖盘
1841,11:25:24,16.47,0.01,10,16470,买盘
1842,11:25:21,16.46,--,131,215626,卖盘
1843,11:25:18,16.46,-0.02,15,26204,卖盘
1844,11:25:12,16.48,0.02,23,37904,买盘
1845,11:25:09,16.46,--,15,24690,卖盘
1846,11:25:06,16.46,0.01,40,65840,卖盘
1847,11:25:03,16.45,-0.03,5,8225,卖盘
1848,11:25:00,16.48,0.03,6,9888,买盘
1849,11:24:57,16.45,-0.03,3,4935,卖盘
1850,11:24:54,16.48,0.03,110,181280,买盘
1851,11:24:48,16.45,-0.01,209,343805,卖盘
1852,11:24:45,16.46,-0.02,13,21398,中性盘
1853,11:24:42,16.48,0.03,34,56032,买盘
1854,11:24:39,16.45,-0.02,746,1227170,卖盘
1855,11:24:33,16.47,--,37,60938,卖盘
1856,11:24:30,16.47,--,92,152116,买盘
1857,11:24:27,16.47,--,5,8235,买盘
1858,11:24:24,16.47,--,42,69174,买盘
1859,11:24:21,16.47,--,4,6588,买盘
1860,11:24:18,16.47,--,57,93879,卖盘
1861,11:24:09,16.47,--,29,47763,卖盘
1862,11:24:06,16.47,0.01,22,36234,买盘
1863,11:24:03,16.46,-0.02,105,172830,卖盘
1864,11:24:00,16.48,0.01,20,32960,买盘
1865,11:23:57,16.47,--,7,11529,买盘
1866,11:23:54,16.47,--,24,39528,卖盘
1867,11:23:51,16.47,-0.01,20,32940,卖盘
1868,11:23:48,16.48,0.01,19,31312,买盘
1869,11:23:45,16.47,0.01,2,3294,中性盘
1870,11:23:39,16.46,-0.01,33,54318,卖盘
1871,11:23:36,16.47,-0.01,19,31292,中性盘
1872,11:23:24,16.48,--,5,8240,买盘
1873,11:23:21,16.48,0.01,67,110416,买盘
1874,11:23:15,16.47,--,42,69174,买盘
1875,11:23:12,16.47,-0.01,747,1230309,卖盘
1876,11:23:06,16.48,-0.01,6,9888,卖盘
1877,11:23:03,16.49,0.01,58,95641,买盘
1878,11:23:00,16.48,-0.01,67,110416,卖盘
1879,11:22:54,16.49,--,45,74205,买盘
1880,11:22:51,16.49,0.01,23,37927,买盘
1881,11:22:48,16.48,-0.01,18,29664,卖盘
1882,11:22:45,16.49,--,1,1648,买盘
1883,11:22:42,16.49,0.02,2,3297,买盘
1884,11:22:39,16.47,-0.01,113,186111,卖盘
1885,11:22:36,16.48,--,40,65920,买盘
1886,11:22:33,16.48,--,282,465164,卖盘
1887,11:22:30,16.48,-0.01,65,107120,卖盘
1888,11:22:24,16.49,0.01,34,56065,买盘
1889,11:22:15,16.48,-0.01,57,94562,卖盘
1890,11:22:09,16.49,--,6,9893,买盘
1891,11:22:06,16.49,0.01,7,11542,买盘
1892,11:22:03,16.48,--,28,46144,卖盘
1893,11:22:00,16.48,-0.01,21,34608,卖盘
1894,11:21:57,16.49,--,73,120376,买盘
1895,11:21:51,16.49,--,87,143463,买盘
1896,11:21:48,16.49,-0.01,263,434709,卖盘
1897,11:21:45,16.5,0.01,28,46200,买盘
1898,11:21:36,16.49,--,23,37927,卖盘
1899,11:21:33,16.49,--,31,51118,卖盘
1900,11:21:30,16.49,--,8,13191,卖盘
1901,11:21:24,16.49,--,11,18139,卖盘
1902,11:21:21,16.49,--,29,47820,卖盘
1903,11:21:18,16.49,-0.01,16,27010,卖盘
1904,11:21:09,16.5,0.01,11,18150,买盘
1905,11:21:06,16.49,0.01,108,178091,卖盘
1906,11:21:03,16.48,-0.01,1229,2025392,卖盘
1907,11:21:00,16.49,--,2,3297,买盘
1908,11:20:57,16.49,--,146,240753,买盘
1909,11:20:54,16.49,--,19,31330,买盘
1910,11:20:51,16.49,--,45,74205,买盘
1911,11:20:48,16.49,--,17,28032,买盘
1912,11:20:45,16.49,--,229,379072,卖盘
1913,11:20:42,16.49,-0.01,142,234157,卖盘
1914,11:20:36,16.5,--,20,33000,买盘
1915,11:20:33,16.5,--,55,90750,买盘
1916,11:20:30,16.5,--,10,16500,买盘
1917,11:20:27,16.5,--,43,70950,买盘
1918,11:20:21,16.5,--,340,561594,买盘
1919,11:20:15,16.5,0.01,85,140250,买盘
1920,11:20:12,16.49,-0.01,37,61012,卖盘
1921,11:20:09,16.5,--,20,33000,买盘
1922,11:20:06,16.5,--,44,72600,买盘
1923,11:20:00,16.5,--,119,196350,买盘
1924,11:19:54,16.5,0.01,22,36300,买盘
1925,11:19:51,16.49,--,1,1648,卖盘
1926,11:19:48,16.49,-0.01,43,70907,卖盘
1927,11:19:42,16.5,0.01,68,112200,买盘
1928,11:19:39,16.49,-0.01,7,11542,卖盘
1929,11:19:36,16.5,--,25,41250,买盘
1930,11:19:33,16.5,0.01,11,18150,买盘
1931,11:19:30,16.49,-0.01,30,49469,卖盘
1932,11:19:27,16.5,--,57,94050,买盘
1933,11:19:21,16.5,--,1,1650,买盘
1934,11:19:18,16.5,0.01,37,61050,买盘
1935,11:19:15,16.49,-0.01,27,45149,卖盘
1936,11:19:12,16.5,--,1,1650,买盘
1937,11:19:09,16.5,0.01,52,85800,买盘
1938,11:19:06,16.49,-0.01,23,37927,卖盘
1939,11:19:03,16.5,0.01,16,26400,买盘
1940,11:19:00,16.49,--,30,50096,买盘
1941,11:18:57,16.49,-0.01,59,98313,卖盘
1942,11:18:51,16.5,0.01,27,44550,买盘
1943,11:18:48,16.49,--,35,58341,买盘
1944,11:18:42,16.49,--,388,640834,卖盘
1945,11:18:39,16.49,-0.01,63,103886,卖盘
1946,11:18:36,16.5,--,42,69300,买盘
1947,11:18:33,16.5,0.01,37,61050,买盘
1948,11:18:30,16.49,--,7,11542,卖盘
1949,11:18:27,16.49,-0.01,11,18139,卖盘
1950,11:18:24,16.5,0.01,21,34650,买盘
1951,11:18:21,16.49,--,10,16490,卖盘
1952,11:18:18,16.49,--,6,9893,卖盘
1953,11:18:15,16.49,--,195,322181,买盘
1954,11:18:12,16.49,--,11,18139,买盘
1955,11:18:09,16.49,0.01,35,57714,买盘
1956,11:18:06,16.48,-0.01,46,75808,卖盘
1957,11:18:03,16.49,--,14,23085,买盘
1958,11:18:00,16.49,--,28,46171,买盘
1959,11:17:57,16.49,--,39,64310,买盘
1960,11:17:54,16.49,--,52,85747,买盘
1961,11:17:51,16.49,--,20,32980,卖盘
1962,11:17:48,16.49,--,68,112131,卖盘
1963,11:17:42,16.49,0.01,52,85747,卖盘
1964,11:17:39,16.48,-0.01,205,337840,卖盘
1965,11:17:36,16.49,--,71,117078,买盘
1966,11:17:30,16.49,-0.01,153,252296,卖盘
1967,11:17:27,16.5,--,160,264000,买盘
1968,11:17:24,16.5,0.01,328,541200,买盘
1969,11:17:21,16.49,--,93,153357,卖盘
1970,11:17:18,16.49,-0.01,134,221559,卖盘
1971,11:17:12,16.5,--,6,9900,买盘
1972,11:17:09,16.5,0.01,20,33000,买盘
1973,11:17:06,16.49,-0.01,37,61012,卖盘
1974,11:17:03,16.5,--,192,316800,卖盘
1975,11:17:00,16.5,--,264,435600,卖盘
1976,11:16:57,16.5,--,171,282150,卖盘
1977,11:16:54,16.5,--,311,513150,卖盘
1978,11:16:51,16.5,--,107,176550,卖盘
1979,11:16:48,16.5,--,78,128700,卖盘
1980,11:16:45,16.5,-0.01,384,633600,卖盘
1981,11:16:42,16.51,0.01,98,161798,买盘
1982,11:16:39,16.5,--,57,94050,卖盘
1983,11:16:33,16.5,--,409,674850,卖盘
1984,11:16:30,16.5,-0.01,192,316800,卖盘
1985,11:16:27,16.51,--,36,59436,买盘
1986,11:16:24,16.51,0.01,59,97409,买盘
1987,11:16:21,16.5,-0.01,134,221100,卖盘
1988,11:16:18,16.51,--,20,33020,买盘
1989,11:16:15,16.51,--,523,863473,卖盘
1990,11:16:12,16.51,--,105,173355,卖盘
1991,11:16:09,16.51,-0.01,174,287274,卖盘
1992,11:16:03,16.52,--,13,21476,买盘
1993,11:16:00,16.52,--,34,56168,买盘
1994,11:15:54,16.52,--,228,377085,卖盘
1995,11:15:51,16.52,--,263,434476,卖盘
1996,11:15:48,16.52,--,101,166852,卖盘
1997,11:15:45,16.52,--,94,155288,卖盘
1998,11:15:39,16.52,--,68,112336,卖盘
1999,11:15:36,16.52,--,166,274232,卖盘
2000,11:15:30,16.52,--,20,33040,卖盘
2001,11:15:24,16.52,-0.01,17,28084,卖盘
2002,11:15:21,16.53,0.01,26,42978,买盘
2003,11:15:15,16.52,--,97,160244,卖盘
2004,11:15:12,16.52,-0.01,58,95816,卖盘
2005,11:15:09,16.53,--,184,304152,卖盘
2006,11:15:03,16.53,--,204,337212,卖盘
2007,11:15:00,16.53,--,28,46284,卖盘
2008,11:14:57,16.53,--,19,31407,卖盘
2009,11:14:54,16.53,--,59,97527,卖盘
2010,11:14:51,16.53,--,47,77691,卖盘
2011,11:14:48,16.53,-0.01,121,200013,卖盘
2012,11:14:45,16.54,0.01,246,406884,买盘
2013,11:14:42,16.53,-0.01,131,216543,卖盘
2014,11:14:36,16.54,--,20,33080,买盘
2015,11:14:33,16.54,0.01,64,105856,买盘
2016,11:14:24,16.53,--,39,64467,卖盘
2017,11:14:21,16.53,--,51,84303,卖盘
2018,11:14:15,16.53,--,228,376884,卖盘
2019,11:14:12,16.53,-0.02,57,94584,卖盘
2020,11:14:06,16.55,0.01,29,47995,买盘
2021,11:14:03,16.54,-0.01,550,909700,卖盘
2022,11:14:00,16.55,0.01,33,54615,买盘
2023,11:13:57,16.54,-0.01,146,241484,卖盘
2024,11:13:48,16.55,--,677,1120435,卖盘
2025,11:13:45,16.55,--,25,41375,卖盘
2026,11:13:42,16.55,--,6,9930,卖盘
2027,11:13:39,16.55,0.01,40,66200,买盘
2028,11:13:36,16.54,-0.01,50,82700,卖盘
2029,11:13:30,16.55,--,45,74475,卖盘
2030,11:13:27,16.55,--,22,36410,卖盘
2031,11:13:24,16.55,--,290,479983,买盘
2032,11:13:21,16.55,0.01,16,26480,买盘
2033,11:13:18,16.54,--,7,12206,卖盘
2034,11:13:15,16.54,-0.01,58,95932,卖盘
2035,11:13:12,16.55,0.01,3,4965,买盘
2036,11:13:09,16.54,-0.01,223,368842,卖盘
2037,11:13:03,16.55,0.01,23,38065,买盘
2038,11:13:00,16.54,-0.01,1,1654,卖盘
2039,11:12:57,16.55,--,119,196945,买盘
2040,11:12:48,16.55,--,10,16550,买盘
2041,11:12:45,16.55,--,43,71165,买盘
2042,11:12:42,16.55,--,1,1655,买盘
2043,11:12:39,16.55,0.01,10,16550,买盘
2044,11:12:33,16.54,-0.01,62,102548,卖盘
2045,11:12:30,16.55,--,1,1655,买盘
2046,11:12:24,16.55,0.01,39,64545,买盘
2047,11:12:21,16.54,--,1,1654,卖盘
2048,11:12:15,16.54,-0.01,45,75058,卖盘
2049,11:12:08,16.55,--,8,13240,买盘
2050,11:12:02,16.55,--,10,16550,买盘
2051,11:11:56,16.55,--,8,13240,买盘
2052,11:11:50,16.55,0.01,52,86060,买盘
2053,11:11:44,16.54,-0.01,555,918797,卖盘
2054,11:11:41,16.55,--,1,1655,买盘
2055,11:11:38,16.55,--,5,8275,买盘
2056,11:11:35,16.55,0.01,125,206875,买盘
2057,11:11:32,16.54,--,33,54582,卖盘
2058,11:11:29,16.54,-0.01,47,77738,卖盘
2059,11:11:26,16.55,0.01,11,18205,买盘
2060,11:11:23,16.54,-0.01,14,23156,卖盘
2061,11:11:17,16.55,--,72,119160,买盘
2062,11:11:14,16.55,--,15,25420,买盘
2063,11:11:11,16.55,--,8,13240,买盘
2064,11:11:08,16.55,--,11,18205,买盘
2065,11:11:05,16.55,--,9,14895,买盘
2066,11:11:02,16.55,--,41,67855,买盘
2067,11:10:59,16.55,--,8,13240,买盘
2068,11:10:56,16.55,-0.01,201,333714,卖盘
2069,11:10:53,16.56,0.01,14,23184,买盘
2070,11:10:44,16.55,--,453,749715,卖盘
2071,11:10:38,16.55,--,1,1655,卖盘
2072,11:10:35,16.55,--,133,220710,买盘
2073,11:10:32,16.55,--,4,6620,买盘
2074,11:10:29,16.55,-0.01,120,199659,卖盘
2075,11:10:20,16.56,--,35,57959,买盘
2076,11:10:17,16.56,0.02,104,172820,买盘
2077,11:10:14,16.54,-0.01,22,37016,卖盘
2078,11:10:08,16.55,--,30,49650,买盘
2079,11:10:08,16.55,--,44,72820,买盘
2080,11:10:02,16.55,-0.01,401,664681,卖盘
2081,11:09:59,16.56,--,41,67896,买盘
2082,11:09:56,16.56,--,1,1655,买盘
2083,11:09:53,16.56,0.01,3,4968,买盘
2084,11:09:50,16.55,--,11,18205,卖盘
2085,11:09:47,16.55,-0.01,310,513050,卖盘
2086,11:09:38,16.56,0.01,20,33120,买盘
2087,11:09:35,16.55,--,5,8275,卖盘
2088,11:09:32,16.55,--,417,690763,买盘
2089,11:09:29,16.55,0.01,20,33100,买盘
2090,11:09:23,16.54,-0.01,25,41350,卖盘
2091,11:09:20,16.55,0.01,13,21515,买盘
2092,11:09:17,16.54,--,42,69468,卖盘
2093,11:09:14,16.54,-0.01,17,28746,卖盘
2094,11:09:11,16.55,--,1,1655,买盘
2095,11:09:08,16.55,--,9,14895,买盘
2096,11:09:05,16.55,0.01,10,16550,买盘
2097,11:09:02,16.54,-0.01,62,102548,卖盘
2098,11:08:56,16.55,--,11,18205,买盘
2099,11:08:53,16.55,--,9,14895,买盘
2100,11:08:50,16.55,--,18,29790,买盘
2101,11:08:47,16.55,--,96,159906,卖盘
2102,11:08:38,16.55,--,14,23170,卖盘
2103,11:08:29,16.55,--,43,71793,买盘
2104,11:08:26,16.55,0.01,148,244940,买盘
2105,11:08:23,16.54,-0.01,23,38042,卖盘
2106,11:08:20,16.55,--,19,31445,买盘
2107,11:08:17,16.55,--,71,118531,卖盘
2108,11:08:14,16.55,--,22,37038,卖盘
2109,11:08:11,16.55,--,75,124125,买盘
2110,11:08:08,16.55,--,188,311140,买盘
2111,11:08:05,16.55,--,6,9930,买盘
2112,11:08:02,16.55,--,20,33100,买盘
2113,11:07:59,16.55,--,5,8275,买盘
2114,11:07:56,16.55,--,45,74475,买盘
2115,11:07:53,16.55,--,9,14895,买盘
2116,11:07:50,16.55,--,27,44685,买盘
2117,11:07:47,16.55,--,60,99300,卖盘
2118,11:07:44,16.55,--,60,99300,卖盘
2119,11:07:41,16.55,--,110,182050,卖盘
2120,11:07:35,16.55,-0.01,4,6620,卖盘
2121,11:07:32,16.56,0.01,10,16560,买盘
2122,11:07:29,16.55,--,38,62890,买盘
2123,11:07:26,16.55,--,10,16550,买盘
2124,11:07:20,16.55,-0.01,16,26480,中性盘
2125,11:07:14,16.56,0.02,10,16560,买盘
2126,11:07:11,16.54,-0.01,8,13860,卖盘
2127,11:07:08,16.55,-0.01,1,1655,中性盘
2128,11:07:05,16.56,0.02,15,24839,买盘
2129,11:07:02,16.54,-0.01,36,59544,卖盘
2130,11:06:59,16.55,0.01,12,19860,买盘
2131,11:06:56,16.54,-0.01,411,679794,卖盘
2132,11:06:53,16.55,0.01,8,13240,买盘
2133,11:06:44,16.54,-0.01,34,56236,卖盘
2134,11:06:38,16.55,-0.01,78,129090,卖盘
2135,11:06:35,16.56,0.02,90,149040,买盘
2136,11:06:32,16.54,--,7,11578,买盘
2137,11:06:29,16.54,--,25,41350,买盘
2138,11:06:26,16.54,-0.01,35,57923,卖盘
2139,11:06:20,16.55,-0.01,36,61036,卖盘
2140,11:06:17,16.56,0.01,103,170568,买盘
2141,11:06:11,16.55,--,9,15523,卖盘
2142,11:06:08,16.55,--,70,115850,卖盘
2143,11:06:05,16.55,--,6,11154,买盘
2144,11:06:02,16.55,--,246,407130,买盘
2145,11:05:59,16.55,0.01,310,513050,买盘
2146,11:05:56,16.54,-0.01,104,172016,卖盘
2147,11:05:53,16.55,--,110,182050,买盘
2148,11:05:47,16.55,--,104,172120,买盘
2149,11:05:44,16.55,--,60,99300,买盘
2150,11:05:41,16.55,--,25,41375,买盘
2151,11:05:32,16.55,--,40,66200,买盘
2152,11:05:29,16.55,--,17,28135,买盘
2153,11:05:26,16.55,--,33,54615,买盘
2154,11:05:20,16.55,0.01,66,109230,买盘
2155,11:05:17,16.54,-0.01,38,62852,卖盘
2156,11:05:14,16.55,-0.01,273,452874,卖盘
2157,11:05:11,16.56,--,7,11592,卖盘
2158,11:05:08,16.56,--,55,91080,买盘
2159,11:04:59,16.56,--,17,28151,卖盘
2160,11:04:56,16.56,--,11,18216,卖盘
2161,11:04:53,16.56,-0.01,19,31463,中性盘
2162,11:04:50,16.57,0.01,89,147473,买盘
2163,11:04:47,16.56,--,14,23184,卖盘
2164,11:04:44,16.56,0.01,89,147384,买盘
2165,11:04:41,16.55,--,51,84405,卖盘
2166,11:04:38,16.55,-0.01,27,44685,卖盘
2167,11:04:35,16.56,0.01,2,3311,买盘
2168,11:04:32,16.55,--,3,4965,卖盘
2169,11:04:29,16.55,-0.01,4,6620,卖盘
2170,11:04:26,16.56,0.01,12,19872,买盘
2171,11:04:23,16.55,--,31,51305,卖盘
2172,11:04:20,16.55,--,20,33100,卖盘
2173,11:04:17,16.55,-0.01,2,3310,卖盘
2174,11:04:14,16.56,0.01,20,33716,买盘
2175,11:04:08,16.55,0.01,9,14895,卖盘
2176,11:04:05,16.54,-0.01,22,36388,卖盘
2177,11:03:59,16.55,--,22,36410,卖盘
2178,11:03:53,16.55,--,16,26480,买盘
2179,11:03:50,16.55,0.01,8,13240,中性盘
2180,11:03:47,16.54,-0.01,196,325705,卖盘
2181,11:03:44,16.55,--,22,37237,买盘
2182,11:03:38,16.55,--,10,16550,买盘
2183,11:03:35,16.55,--,30,49650,买盘
2184,11:03:32,16.55,--,1,1655,买盘
2185,11:03:29,16.55,--,10,16550,买盘
2186,11:03:26,16.55,--,27,44685,买盘
2187,11:03:23,16.55,-0.02,274,454297,卖盘
2188,11:03:20,16.57,0.01,6,9942,买盘
2189,11:03:17,16.56,--,10,16560,卖盘
2190,11:03:11,16.56,--,63,104924,买盘
2191,11:03:08,16.56,--,8,13247,买盘
2192,11:03:05,16.56,--,25,41400,买盘
2193,11:03:02,16.56,--,27,44712,买盘
2194,11:02:56,16.56,--,3,4968,卖盘
2195,11:02:50,16.56,--,7,11592,卖盘
2196,11:02:44,16.56,0.01,2,3311,中性盘
2197,11:02:41,16.55,-0.01,36,59580,卖盘
2198,11:02:38,16.56,0.01,9,14903,买盘
2199,11:02:35,16.55,-0.01,3,4965,卖盘
2200,11:02:32,16.56,--,2,4636,卖盘
2201,11:02:29,16.56,--,5,8280,卖盘
2202,11:02:26,16.56,--,89,147384,卖盘
2203,11:02:23,16.56,-0.01,60,99359,卖盘
2204,11:02:14,16.57,0.01,24,40430,买盘
2205,11:02:11,16.56,--,210,347760,卖盘
2206,11:02:08,16.56,--,21,34776,卖盘
2207,11:02:05,16.56,-0.01,31,51335,卖盘
2208,11:01:56,16.57,--,67,111019,买盘
2209,11:01:50,16.57,0.01,26,43082,买盘
2210,11:01:47,16.56,--,28,46368,卖盘
2211,11:01:35,16.56,--,111,183816,卖盘
2212,11:01:32,16.56,-0.01,19,31463,卖盘
2213,11:01:29,16.57,0.01,140,231980,买盘
2214,11:01:26,16.56,-0.01,3,4968,卖盘
2215,11:01:23,16.57,0.01,4,7357,买盘
2216,11:01:17,16.56,-0.01,6,9936,卖盘
2217,11:01:11,16.57,0.01,17,28765,买盘
2218,11:01:08,16.56,--,6,9936,卖盘
2219,11:01:05,16.56,--,104,172224,卖盘
2220,11:01:02,16.56,--,22,36432,买盘
2221,11:00:59,16.56,--,28,46368,卖盘
2222,11:00:56,16.56,--,14,23184,卖盘
2223,11:00:53,16.56,--,170,281520,卖盘
2224,11:00:50,16.56,--,8,13247,买盘
2225,11:00:44,16.56,--,29,48023,卖盘
2226,11:00:41,16.56,-0.01,5,8280,中性盘
2227,11:00:38,16.57,0.01,39,64623,买盘
2228,11:00:32,16.56,--,5,8280,买盘
2229,11:00:26,16.56,--,23,38088,卖盘
2230,11:00:23,16.56,--,23,38088,卖盘
2231,11:00:20,16.56,--,26,43056,卖盘
2232,11:00:17,16.56,0.01,53,87768,买盘
2233,11:00:11,16.55,--,27,45313,卖盘
2234,11:00:08,16.55,-0.01,10,16550,卖盘
2235,11:00:05,16.56,--,2,3311,买盘
2236,11:00:02,16.56,0.01,4,6623,中性盘
2237,10:59:56,16.55,-0.01,50,82750,卖盘
2238,10:59:53,16.56,0.01,1,1655,卖盘
2239,10:59:50,16.55,-0.01,18,31047,卖盘
2240,10:59:47,16.56,--,30,49679,买盘
2241,10:59:41,16.56,--,54,89821,卖盘
2242,10:59:38,16.56,-0.01,5,8280,卖盘
2243,10:59:35,16.57,--,67,111019,买盘
2244,10:59:26,16.57,--,28,46396,卖盘
2245,10:59:17,16.57,--,7,11599,卖盘
2246,10:59:14,16.57,0.01,5,8285,中性盘
2247,10:59:11,16.56,-0.01,57,95021,卖盘
2248,10:59:08,16.57,--,26,43082,卖盘
2249,10:59:05,16.57,0.01,30,49710,买盘
2250,10:59:02,16.56,-0.01,764,1265184,卖盘
2251,10:58:59,16.57,--,44,72908,买盘
2252,10:58:56,16.57,--,34,56338,买盘
2253,10:58:53,16.57,--,2,3314,买盘
2254,10:58:50,16.57,--,7,11599,买盘
2255,10:58:47,16.57,--,59,97763,买盘
2256,10:58:41,16.57,--,30,49710,买盘
2257,10:58:38,16.57,--,12,19884,买盘
2258,10:58:35,16.57,--,27,44739,买盘
2259,10:58:32,16.57,-0.01,118,195526,卖盘
2260,10:58:26,16.58,0.01,8,13263,买盘
2261,10:58:23,16.57,--,2,3314,卖盘
2262,10:58:20,16.57,--,15,24855,卖盘
2263,10:58:17,16.57,--,22,36454,买盘
2264,10:58:14,16.57,0.01,266,440762,买盘
2265,10:58:11,16.56,-0.01,22,37061,卖盘
2266,10:58:05,16.57,--,52,86164,买盘
2267,10:58:02,16.57,0.01,65,107705,买盘
2268,10:57:59,16.56,-0.01,16,26495,卖盘
2269,10:57:56,16.57,0.01,2,3314,买盘
2270,10:57:53,16.56,--,24,39744,买盘
2271,10:57:50,16.56,--,19,31463,买盘
2272,10:57:47,16.56,--,30,49679,买盘
2273,10:57:44,16.56,0.02,22,36432,买盘
2274,10:57:41,16.54,-0.02,22,36388,卖盘
2275,10:57:38,16.56,0.01,103,170568,买盘
2276,10:57:35,16.55,--,8,13240,卖盘
2277,10:57:32,16.55,--,37,61235,卖盘
2278,10:57:29,16.55,-0.01,20,33100,卖盘
2279,10:57:26,16.56,0.01,36,59615,买盘
2280,10:57:23,16.55,0.01,19,32073,买盘
2281,10:57:20,16.54,-0.01,40,67185,卖盘
2282,10:57:17,16.55,--,41,67855,卖盘
2283,10:57:14,16.55,--,5,8275,卖盘
2284,10:57:08,16.55,--,86,142958,卖盘
2285,10:57:05,16.55,0.01,30,49650,买盘
2286,10:56:59,16.54,0.01,19,31723,买盘
2287,10:56:56,16.53,-0.01,6,9918,卖盘
2288,10:56:53,16.54,-0.01,15,26166,卖盘
2289,10:56:50,16.55,--,56,92680,卖盘
2290,10:56:47,16.55,0.01,284,470317,买盘
2291,10:56:41,16.54,--,19,31426,卖盘
2292,10:56:38,16.54,-0.01,12,19848,卖盘
2293,10:56:35,16.55,0.01,12,19860,买盘
2294,10:56:32,16.54,0.02,12,19848,卖盘
2295,10:56:29,16.52,-0.03,509,840868,卖盘
2296,10:56:26,16.55,0.01,60,99300,买盘
2297,10:56:23,16.54,--,45,74430,卖盘
2298,10:56:20,16.54,-0.01,25,41350,卖盘
2299,10:56:17,16.55,0.02,200,331000,买盘
2300,10:56:14,16.53,--,10,16530,卖盘
2301,10:56:11,16.53,--,45,75013,卖盘
2302,10:56:08,16.53,--,60,99180,卖盘
2303,10:56:05,16.53,--,131,217138,买盘
2304,10:56:02,16.53,--,29,47937,买盘
2305,10:55:59,16.53,0.01,93,153729,买盘
2306,10:55:56,16.52,--,102,168504,卖盘
2307,10:55:50,16.52,--,339,560028,卖盘
2308,10:55:47,16.52,-0.01,123,203196,卖盘
2309,10:55:44,16.53,0.01,58,95874,买盘
2310,10:55:38,16.52,--,52,85904,卖盘
2311,10:55:35,16.52,-0.01,44,72688,卖盘
2312,10:55:32,16.53,--,9,14877,买盘
2313,10:55:29,16.53,--,55,91972,卖盘
2314,10:55:26,16.53,--,55,90915,卖盘
2315,10:55:23,16.53,--,20,33060,卖盘
2316,10:55:20,16.53,--,179,296482,买盘
2317,10:55:14,16.53,--,275,455632,卖盘
2318,10:55:11,16.53,-0.01,7,12166,卖盘
2319,10:55:08,16.54,--,1,1654,买盘
2320,10:55:05,16.54,--,42,69468,买盘
2321,10:55:02,16.54,--,51,84354,卖盘
2322,10:54:59,16.54,--,15,24810,卖盘
2323,10:54:56,16.54,--,21,34734,卖盘
2324,10:54:53,16.54,-0.01,16,26464,卖盘
2325,10:54:50,16.55,0.01,16,26480,买盘
2326,10:54:47,16.54,-0.01,33,54582,卖盘
2327,10:54:41,16.55,--,31,51305,买盘
2328,10:54:38,16.55,--,136,225080,买盘
2329,10:54:35,16.55,-0.01,126,209059,卖盘
2330,10:54:32,16.56,0.01,13,21528,买盘
2331,10:54:29,16.55,-0.01,198,327690,卖盘
2332,10:54:26,16.56,--,98,162288,买盘
2333,10:54:20,16.56,0.01,35,57959,买盘
2334,10:54:17,16.55,--,58,95990,卖盘
2335,10:54:11,16.55,--,70,116512,卖盘
2336,10:54:08,16.55,--,30,49650,卖盘
2337,10:54:05,16.55,-0.01,1,1655,卖盘
2338,10:53:59,16.56,--,5,8280,买盘
2339,10:53:56,16.56,--,4,6623,买盘
2340,10:53:53,16.56,-0.04,98,162288,卖盘
2341,10:53:50,16.6,--,423,702180,卖盘
2342,10:53:47,16.6,--,94,156040,卖盘
2343,10:53:41,16.6,0.03,926,1537624,买盘
2344,10:53:38,16.57,-0.01,12,19884,卖盘
2345,10:53:32,16.58,-0.01,83,137614,买盘
2346,10:53:29,16.59,0.01,3,4977,买盘
2347,10:53:26,16.58,-0.01,71,117717,卖盘
2348,10:53:20,16.59,0.01,524,869316,买盘
2349,10:53:14,16.58,-0.01,103,170773,卖盘
2350,10:53:04,16.59,--,2,3318,买盘
2351,10:53:01,16.59,--,258,428154,卖盘
2352,10:52:58,16.59,--,151,250509,卖盘
2353,10:52:55,16.59,--,38,63042,卖盘
2354,10:52:52,16.59,--,60,99540,卖盘
2355,10:52:49,16.59,--,1,1659,卖盘
2356,10:52:46,16.59,-0.01,66,109494,卖盘
2357,10:52:40,16.6,0.01,3,4980,买盘
2358,10:52:37,16.59,-0.01,25,41475,卖盘
2359,10:52:31,16.6,--,67,111220,卖盘
2360,10:52:28,16.6,--,30,49800,卖盘
2361,10:52:22,16.6,--,63,104580,卖盘
2362,10:52:19,16.6,--,22,36520,卖盘
2363,10:52:13,16.6,--,5,8300,卖盘
2364,10:52:10,16.6,-0.01,5,8300,卖盘
2365,10:52:07,16.61,--,164,272404,卖盘
2366,10:52:04,16.61,--,5,8305,卖盘
2367,10:52:01,16.61,--,24,39864,卖盘
2368,10:51:58,16.61,--,202,335522,卖盘
2369,10:51:49,16.61,-0.01,7,11627,卖盘
2370,10:51:46,16.62,0.01,10,16620,买盘
2371,10:51:43,16.61,-0.01,172,285692,卖盘
2372,10:51:40,16.62,0.01,73,121326,买盘
2373,10:51:37,16.61,-0.01,33,54813,卖盘
2374,10:51:31,16.62,0.01,145,240990,买盘
2375,10:51:28,16.61,-0.01,1,1661,卖盘
2376,10:51:19,16.62,0.01,3,4986,买盘
2377,10:51:13,16.61,-0.02,7,11627,卖盘
2378,10:51:07,16.63,0.01,90,149670,买盘
2379,10:51:04,16.62,--,6,9972,买盘
2380,10:51:01,16.62,--,4,6648,买盘
2381,10:50:58,16.62,0.01,82,136284,中性盘
2382,10:50:52,16.61,--,25,41525,卖盘
2383,10:50:49,16.61,--,1,1661,卖盘
2384,10:50:46,16.61,-0.01,86,142846,卖盘
2385,10:50:37,16.62,--,8,13595,买盘
2386,10:50:31,16.62,--,66,109692,买盘
2387,10:50:28,16.62,--,21,34902,买盘
2388,10:50:25,16.62,--,110,182820,买盘
2389,10:50:22,16.62,0.01,32,53184,买盘
2390,10:50:19,16.61,--,6,9966,卖盘
2391,10:50:13,16.61,--,5,8305,卖盘
2392,10:50:10,16.61,--,82,136202,买盘
2393,10:50:04,16.61,0.01,2,3322,买盘
2394,10:49:52,16.6,--,29,48140,买盘
2395,10:49:49,16.6,0.01,30,49800,买盘
2396,10:49:46,16.59,-0.01,43,72830,卖盘
2397,10:49:43,16.6,--,247,410020,买盘
2398,10:49:40,16.6,--,33,54780,买盘
2399,10:49:34,16.6,--,112,185920,买盘
2400,10:49:28,16.6,0.01,41,68093,买盘
2401,10:49:22,16.59,--,9,14931,卖盘
2402,10:49:19,16.59,0.01,4,6636,卖盘
2403,10:49:13,16.58,--,443,734493,买盘
2404,10:49:10,16.58,--,36,59687,买盘
2405,10:49:07,16.58,-0.01,178,295123,卖盘
2406,10:49:04,16.59,--,49,81291,买盘
2407,10:49:01,16.59,0.01,39,64701,买盘
2408,10:48:52,16.58,-0.01,11,18237,卖盘
2409,10:48:49,16.59,--,30,49770,买盘
2410,10:48:46,16.59,0.01,10,16590,买盘
2411,10:48:43,16.58,-0.01,2,3315,卖盘
2412,10:48:40,16.59,--,53,87927,买盘
2413,10:48:37,16.59,0.01,18,29862,买盘
2414,10:48:34,16.58,--,12,19895,卖盘
2415,10:48:31,16.58,--,60,99479,卖盘
2416,10:48:28,16.58,--,17,28185,卖盘
2417,10:48:25,16.58,--,15,24869,卖盘
2418,10:48:19,16.58,-0.01,4,6631,卖盘
2419,10:48:16,16.59,0.01,196,325164,买盘
2420,10:48:13,16.58,--,3,4973,买盘
2421,10:48:10,16.58,--,16,26527,卖盘
2422,10:48:07,16.58,-0.01,78,129323,卖盘
2423,10:48:04,16.59,0.01,2,3318,买盘
2424,10:48:01,16.58,--,79,130981,卖盘
2425,10:47:55,16.58,-0.01,21,34818,卖盘
2426,10:47:52,16.59,0.01,19,31521,买盘
2427,10:47:43,16.58,--,6,9947,卖盘
2428,10:47:40,16.58,--,89,147561,卖盘
2429,10:47:37,16.58,--,51,84557,卖盘
2430,10:47:34,16.58,--,30,49739,卖盘
2431,10:47:31,16.58,--,202,334915,买盘
2432,10:47:28,16.58,0.01,24,39791,买盘
2433,10:47:25,16.57,--,12,19884,卖盘
2434,10:47:22,16.57,-0.01,12,19884,卖盘
2435,10:47:19,16.58,--,12,19895,买盘
2436,10:47:16,16.58,--,76,126007,买盘
2437,10:47:10,16.58,--,120,198959,买盘
2438,10:47:07,16.58,--,185,306729,卖盘
2439,10:47:04,16.58,--,9,14921,卖盘
2440,10:47:01,16.58,--,2,3315,卖盘
2441,10:46:58,16.58,--,112,185695,卖盘
2442,10:46:55,16.58,0.01,97,160825,买盘
2443,10:46:49,16.57,-0.01,149,246893,卖盘
2444,10:46:46,16.58,--,4,6631,买盘
2445,10:46:43,16.58,--,12,19895,买盘
2446,10:46:37,16.58,--,35,58029,买盘
2447,10:46:31,16.58,--,281,465897,卖盘
2448,10:46:28,16.58,--,31,51397,卖盘
2449,10:46:25,16.58,--,2,3315,卖盘
2450,10:46:22,16.58,--,156,258647,买盘
2451,10:46:16,16.58,--,3,4973,买盘
2452,10:46:13,16.58,--,128,212223,买盘
2453,10:46:07,16.58,--,13,21553,买盘
2454,10:46:04,16.58,--,37,61345,买盘
2455,10:46:01,16.58,--,57,94505,买盘
2456,10:45:58,16.58,--,35,58029,买盘
2457,10:45:55,16.58,--,75,124349,卖盘
2458,10:45:52,16.58,--,15,24869,卖盘
2459,10:45:49,16.58,-0.01,710,1177179,卖盘
2460,10:45:46,16.59,0.01,30,49770,买盘
2461,10:45:43,16.58,--,71,117717,卖盘
2462,10:45:37,16.58,--,349,578641,卖盘
2463,10:45:34,16.58,-0.01,13,21553,卖盘
2464,10:45:28,16.59,--,73,121107,买盘
2465,10:45:25,16.59,0.01,80,132720,买盘
2466,10:45:19,16.58,--,27,44765,卖盘
2467,10:45:16,16.58,-0.01,6,9947,卖盘
2468,10:45:13,16.59,--,8,13272,买盘
2469,10:45:07,16.59,--,64,106176,买盘
2470,10:45:04,16.59,--,10,16590,买盘
2471,10:45:01,16.59,--,1,1659,买盘
2472,10:44:58,16.59,0.01,43,71337,卖盘
2473,10:44:55,16.58,-0.01,17,28185,卖盘
2474,10:44:52,16.59,--,183,303597,卖盘
2475,10:44:49,16.59,--,8,13272,买盘
2476,10:44:46,16.59,--,7,11613,买盘
2477,10:44:40,16.59,-0.01,48,79632,卖盘
2478,10:44:37,16.6,0.01,50,83000,买盘
2479,10:44:34,16.59,--,50,82950,卖盘
2480,10:44:31,16.59,--,115,190785,卖盘
2481,10:44:28,16.59,--,11,18249,卖盘
2482,10:44:25,16.59,-0.01,1,1659,卖盘
2483,10:44:22,16.6,0.01,2,3320,买盘
2484,10:44:16,16.59,-0.01,15,24885,卖盘
2485,10:44:13,16.6,--,100,166000,买盘
2486,10:44:07,16.6,0.01,21,34860,买盘
2487,10:44:04,16.59,-0.01,204,338436,卖盘
2488,10:44:01,16.6,--,40,66400,卖盘
2489,10:43:58,16.6,--,10,16600,卖盘
2490,10:43:55,16.6,--,114,189240,卖盘
2491,10:43:52,16.6,--,71,117860,卖盘
2492,10:43:49,16.6,--,28,46480,卖盘
2493,10:43:46,16.6,--,4,6640,卖盘
2494,10:43:43,16.6,--,56,92960,卖盘
2495,10:43:40,16.6,-0.01,4,6640,卖盘
2496,10:43:37,16.61,--,63,104643,买盘
2497,10:43:34,16.61,--,310,514910,买盘
2498,10:43:31,16.61,0.01,50,83050,买盘
2499,10:43:28,16.6,--,35,58100,卖盘
2500,10:43:25,16.6,--,37,61420,卖盘
2501,10:43:22,16.6,-0.01,99,164340,卖盘
2502,10:43:19,16.61,0.01,4,6644,买盘
2503,10:43:16,16.6,--,97,161020,卖盘
2504,10:43:07,16.6,--,16,26560,卖盘
2505,10:43:04,16.6,--,11,18260,卖盘
2506,10:43:01,16.6,--,91,151060,卖盘
2507,10:42:55,16.6,-0.01,40,66400,卖盘
2508,10:42:52,16.61,--,6,9966,卖盘
2509,10:42:49,16.61,0.01,50,83050,中性盘
2510,10:42:46,16.6,--,20,33200,卖盘
2511,10:42:43,16.6,-0.01,268,444880,卖盘
2512,10:42:40,16.61,--,121,200981,买盘
2513,10:42:37,16.61,--,52,86372,买盘
2514,10:42:31,16.61,0.01,11,18271,买盘
2515,10:42:25,16.6,--,105,174300,卖盘
2516,10:42:22,16.6,-0.01,1,1660,卖盘
2517,10:42:19,16.61,0.01,69,114609,买盘
2518,10:42:16,16.6,--,116,192560,卖盘
2519,10:42:13,16.6,--,10,16600,卖盘
2520,10:42:10,16.6,-0.01,110,182600,卖盘
2521,10:42:07,16.61,0.01,10,16610,买盘
2522,10:42:04,16.6,-0.01,1,1660,卖盘
2523,10:41:58,16.61,--,35,58135,买盘
2524,10:41:55,16.61,--,12,19932,买盘
2525,10:41:52,16.61,0.01,3,4983,买盘
2526,10:41:49,16.6,--,82,136120,卖盘
2527,10:41:46,16.6,--,32,53120,卖盘
2528,10:41:40,16.6,--,21,34860,卖盘
2529,10:41:37,16.6,--,210,348600,卖盘
2530,10:41:34,16.6,-0.01,23,38180,卖盘
2531,10:41:31,16.61,--,51,84711,买盘
2532,10:41:25,16.61,--,13,21593,买盘
2533,10:41:22,16.61,--,28,46508,中性盘
2534,10:41:16,16.61,-0.01,601,999623,卖盘
2535,10:41:10,16.62,--,125,207750,买盘
2536,10:41:04,16.62,--,19,32109,买盘
2537,10:41:01,16.62,--,106,176172,买盘
2538,10:40:58,16.62,0.01,16,26592,中性盘
2539,10:40:55,16.61,-0.01,358,594638,卖盘
2540,10:40:49,16.62,0.01,109,182288,买盘
2541,10:40:46,16.61,--,23,38203,卖盘
2542,10:40:43,16.61,-0.01,28,46508,卖盘
2543,10:40:40,16.62,0.01,54,89748,买盘
2544,10:40:37,16.61,-0.01,110,182710,卖盘
2545,10:40:34,16.62,--,10,16620,买盘
2546,10:40:31,16.62,0.01,1,1662,买盘
2547,10:40:28,16.61,--,38,63118,卖盘
2548,10:40:25,16.61,-0.01,33,55643,卖盘
2549,10:40:22,16.62,--,4,6648,买盘
2550,10:40:19,16.62,--,40,66480,买盘
2551,10:40:16,16.62,--,120,199440,买盘
2552,10:40:10,16.62,--,15,24930,买盘
2553,10:40:07,16.62,--,35,58170,买盘
2554,10:40:01,16.62,--,46,78080,卖盘
2555,10:39:58,16.62,-0.01,29,48198,卖盘
2556,10:39:52,16.63,--,50,83150,买盘
2557,10:39:49,16.63,--,27,44901,买盘
2558,10:39:46,16.63,0.01,2,3326,买盘
2559,10:39:40,16.62,--,110,182820,卖盘
2560,10:39:37,16.62,-0.01,4,6648,卖盘
2561,10:39:34,16.63,0.01,4,6652,买盘
2562,10:39:31,16.62,--,19,31578,卖盘
2563,10:39:28,16.62,--,6,9972,卖盘
2564,10:39:25,16.62,--,27,44874,卖盘
2565,10:39:22,16.62,--,118,196116,卖盘
2566,10:39:19,16.62,-0.01,20,33240,卖盘
2567,10:39:13,16.63,0.01,5,8315,买盘
2568,10:39:10,16.62,--,47,78114,卖盘
2569,10:39:01,16.62,--,238,395556,卖盘
2570,10:38:58,16.62,--,6,9972,卖盘
2571,10:38:55,16.62,--,5,8310,卖盘
2572,10:38:49,16.62,--,7,11634,卖盘
2573,10:38:43,16.62,--,107,177867,买盘
2574,10:38:40,16.62,--,339,563418,买盘
2575,10:38:37,16.62,--,27,44874,买盘
2576,10:38:31,16.62,--,20,33240,买盘
2577,10:38:25,16.62,--,30,49860,买盘
2578,10:38:22,16.62,--,10,16620,买盘
2579,10:38:19,16.62,0.01,5,8310,买盘
2580,10:38:16,16.61,-0.01,60,99660,卖盘
2581,10:38:13,16.62,--,15,24930,买盘
2582,10:38:10,16.62,--,5,8310,买盘
2583,10:38:07,16.62,--,43,71466,买盘
2584,10:38:04,16.62,--,54,89748,买盘
2585,10:37:58,16.62,-0.01,26,44840,卖盘
2586,10:37:55,16.63,0.01,148,246123,买盘
2587,10:37:52,16.62,--,112,186144,卖盘
2588,10:37:49,16.62,-0.01,155,257610,卖盘
2589,10:37:46,16.63,--,134,222842,买盘
2590,10:37:40,16.63,0.01,4,6652,买盘
2591,10:37:34,16.62,-0.01,4,6681,卖盘
2592,10:37:31,16.63,0.01,95,157985,买盘
2593,10:37:28,16.62,-0.01,23,38226,卖盘
2594,10:37:22,16.63,--,1,1663,买盘
2595,10:37:13,16.63,0.01,131,217853,买盘
2596,10:37:07,16.62,--,19,31578,卖盘
2597,10:37:01,16.62,-0.01,46,76452,卖盘
2598,10:36:58,16.63,--,17,28271,买盘
2599,10:36:55,16.63,--,16,26608,买盘
2600,10:36:52,16.63,--,95,157985,买盘
2601,10:36:46,16.63,--,76,126387,买盘
2602,10:36:43,16.63,0.01,11,18293,买盘
2603,10:36:40,16.62,-0.01,151,250962,卖盘
2604,10:36:37,16.63,0.01,100,166300,买盘
2605,10:36:34,16.62,--,55,91410,卖盘
2606,10:36:28,16.62,--,43,71466,卖盘
2607,10:36:25,16.62,0.01,97,161214,买盘
2608,10:36:22,16.61,-0.01,142,235862,卖盘
2609,10:36:19,16.62,--,2,3324,买盘
2610,10:36:13,16.62,0.01,11,18282,买盘
2611,10:36:10,16.61,--,18,29898,卖盘
2612,10:36:04,16.61,--,8,13288,卖盘
2613,10:35:58,16.61,-0.01,42,69762,卖盘
2614,10:35:55,16.62,--,114,189468,卖盘
2615,10:35:49,16.62,--,89,147918,买盘
2616,10:35:46,16.62,--,34,56508,买盘
2617,10:35:40,16.62,--,8,13296,买盘
2618,10:35:37,16.62,--,110,182820,卖盘
2619,10:35:34,16.62,--,26,43212,卖盘
2620,10:35:31,16.62,--,6,9972,卖盘
2621,10:35:28,16.62,-0.01,25,41550,卖盘
2622,10:35:25,16.63,--,23,38249,买盘
2623,10:35:22,16.63,0.01,31,51553,买盘
2624,10:35:19,16.62,--,117,194454,卖盘
2625,10:35:13,16.62,--,24,39888,卖盘
2626,10:35:10,16.62,--,39,64818,卖盘
2627,10:35:07,16.62,-0.01,1,1662,卖盘
2628,10:35:01,16.63,0.01,85,141355,买盘
2629,10:34:55,16.62,--,15,24930,卖盘
2630,10:34:52,16.62,--,67,111354,卖盘
2631,10:34:49,16.62,-0.01,1,1662,卖盘
2632,10:34:46,16.63,--,110,182930,买盘
2633,10:34:43,16.63,0.01,26,43238,买盘
2634,10:34:40,16.62,--,7,11634,卖盘
2635,10:34:34,16.62,--,5,8310,卖盘
2636,10:34:31,16.62,-0.01,5,8310,卖盘
2637,10:34:28,16.63,--,50,83150,卖盘
2638,10:34:22,16.63,-0.01,35,58205,卖盘
2639,10:34:19,16.64,--,29,48256,买盘
2640,10:34:16,16.64,--,58,96512,买盘
2641,10:34:13,16.64,--,90,149760,买盘
2642,10:34:10,16.64,--,25,41600,买盘
2643,10:34:07,16.64,--,27,44928,买盘
2644,10:34:04,16.64,0.01,9,14976,买盘
2645,10:34:01,16.63,-0.01,8,13304,卖盘
2646,10:33:54,16.64,--,70,116480,卖盘
2647,10:33:51,16.64,--,16,26624,卖盘
2648,10:33:48,16.64,--,15,24960,卖盘
2649,10:33:45,16.64,--,38,63232,卖盘
2650,10:33:42,16.64,-0.01,55,91520,卖盘
2651,10:33:39,16.65,--,11,18315,买盘
2652,10:33:36,16.65,0.01,488,812519,买盘
2653,10:33:33,16.64,-0.01,21,34944,卖盘
2654,10:33:30,16.65,0.01,118,196469,买盘
2655,10:33:24,16.64,--,1,1664,卖盘
2656,10:33:21,16.64,-0.01,6,9984,卖盘
2657,10:33:18,16.65,--,143,238661,卖盘
2658,10:33:15,16.65,--,4,6659,卖盘
2659,10:33:12,16.65,-0.01,41,68265,卖盘
2660,10:33:09,16.66,--,23,38318,买盘
2661,10:33:03,16.66,--,74,123284,买盘
2662,10:33:00,16.66,0.01,80,133280,买盘
2663,10:32:57,16.65,-0.01,20,33300,卖盘
2664,10:32:51,16.66,--,15,24990,买盘
2665,10:32:45,16.66,--,53,88298,买盘
2666,10:32:42,16.66,0.01,5,8330,买盘
2667,10:32:39,16.65,-0.01,6,9990,卖盘
2668,10:32:33,16.66,--,12,19992,买盘
2669,10:32:27,16.66,--,635,1057910,买盘
2670,10:32:24,16.66,--,5,8330,买盘
2671,10:32:15,16.66,--,24,39984,买盘
2672,10:32:12,16.66,--,72,119952,买盘
2673,10:32:06,16.66,--,143,238238,买盘
2674,10:32:03,16.66,--,35,58310,买盘
2675,10:32:00,16.66,--,176,293216,买盘
2676,10:31:51,16.66,--,21,34986,买盘
2677,10:31:48,16.66,0.01,100,166600,买盘
2678,10:31:45,16.65,-0.01,29,48284,卖盘
2679,10:31:42,16.66,--,13,21658,买盘
2680,10:31:33,16.66,0.01,2,3332,中性盘
2681,10:31:27,16.65,-0.01,51,84915,卖盘
2682,10:31:24,16.66,0.01,202,337631,买盘
2683,10:31:21,16.65,-0.01,10,16650,卖盘
2684,10:31:18,16.66,--,90,150506,卖盘
2685,10:31:15,16.66,--,240,400939,买盘
2686,10:31:12,16.66,--,111,184926,买盘
2687,10:31:09,16.66,--,5,8330,买盘
2688,10:31:06,16.66,--,3,4998,买盘
2689,10:31:00,16.66,--,12,19992,买盘
2690,10:30:57,16.66,--,22,37218,卖盘
2691,10:30:54,16.66,--,57,94962,卖盘
2692,10:30:51,16.66,--,5,8330,卖盘
2693,10:30:48,16.66,-0.01,251,418166,卖盘
2694,10:30:45,16.67,0.01,65,108355,买盘
2695,10:30:42,16.66,--,21,34986,买盘
2696,10:30:39,16.66,--,120,199920,买盘
2697,10:30:36,16.66,--,155,258230,买盘
2698,10:30:33,16.66,--,21,34986,买盘
2699,10:30:27,16.66,--,39,64974,买盘
2700,10:30:24,16.66,--,18,29988,买盘
2701,10:30:18,16.66,0.01,6,9996,中性盘
2702,10:30:15,16.65,-0.01,27,44954,卖盘
2703,10:30:12,16.66,--,184,306544,卖盘
2704,10:30:09,16.66,0.01,96,159936,卖盘
2705,10:30:06,16.65,-0.02,1,1664,卖盘
2706,10:30:00,16.67,0.01,503,838501,买盘
2707,10:29:57,16.66,-0.01,19,31654,卖盘
2708,10:29:54,16.67,--,27,45009,买盘
2709,10:29:51,16.67,-0.01,5,8335,买盘
2710,10:29:48,16.68,0.01,658,1097544,买盘
2711,10:29:45,16.67,0.01,86,143362,买盘
2712,10:29:42,16.66,--,10,16660,卖盘
2713,10:29:39,16.66,-0.01,222,369852,卖盘
2714,10:29:33,16.67,--,156,260052,买盘
2715,10:29:30,16.67,--,29,48343,买盘
2716,10:29:27,16.67,0.01,118,196706,买盘
2717,10:29:24,16.66,-0.01,3,4998,卖盘
2718,10:29:18,16.67,--,42,70014,买盘
2719,10:29:15,16.67,--,105,175035,买盘
2720,10:29:12,16.67,-0.01,51,85017,卖盘
2721,10:29:09,16.68,0.01,15,25020,买盘
2722,10:29:06,16.67,--,1,1667,卖盘
2723,10:29:03,16.67,--,19,31673,卖盘
2724,10:29:00,16.67,--,76,126692,卖盘
2725,10:28:57,16.67,-0.01,4,6668,卖盘
2726,10:28:54,16.68,0.01,20,33360,买盘
2727,10:28:51,16.67,--,1,1667,买盘
2728,10:28:48,16.67,--,1,1667,中性盘
2729,10:28:45,16.67,--,11,18337,买盘
2730,10:28:42,16.67,0.01,11,18337,买盘
2731,10:28:39,16.66,-0.01,90,149940,卖盘
2732,10:28:36,16.67,-0.01,15,25005,卖盘
2733,10:28:33,16.68,0.01,30,50040,买盘
2734,10:28:30,16.67,-0.01,27,45009,卖盘
2735,10:28:27,16.68,0.01,165,275220,买盘
2736,10:28:24,16.67,--,15,25005,卖盘
2737,10:28:18,16.67,--,3,5001,卖盘
2738,10:28:15,16.67,0.01,416,693472,买盘
2739,10:28:06,16.66,0.01,1,1666,卖盘
2740,10:28:00,16.65,-0.01,500,833598,卖盘
2741,10:27:54,16.66,--,10,16660,买盘
2742,10:27:51,16.66,--,11,18326,买盘
2743,10:27:48,16.66,0.01,45,74970,买盘
2744,10:27:45,16.65,--,118,196469,卖盘
2745,10:27:39,16.65,--,60,99899,买盘
2746,10:27:36,16.65,--,2,3329,买盘
2747,10:27:33,16.65,--,77,128204,卖盘
2748,10:27:30,16.65,--,1,1664,卖盘
2749,10:27:27,16.65,--,15,24974,卖盘
2750,10:27:24,16.65,-0.01,31,51614,卖盘
2751,10:27:21,16.66,--,13,21658,买盘
2752,10:27:18,16.66,0.01,2,3332,买盘
2753,10:27:12,16.65,--,5,8325,卖盘
2754,10:27:09,16.65,--,62,103229,卖盘
2755,10:27:06,16.65,0.01,112,186479,买盘
2756,10:27:00,16.64,-0.01,111,184704,卖盘
2757,10:26:57,16.65,0.01,1,1664,买盘
2758,10:26:54,16.64,-0.01,3,4992,卖盘
2759,10:26:51,16.65,--,28,46619,买盘
2760,10:26:48,16.65,--,52,86579,买盘
2761,10:26:45,16.65,0.01,11,18315,买盘
2762,10:26:42,16.64,-0.01,62,103168,卖盘
2763,10:26:39,16.65,--,15,24974,买盘
2764,10:26:36,16.65,0.02,15,24974,买盘
2765,10:26:30,16.63,-0.02,27,44901,卖盘
2766,10:26:27,16.65,--,6,9990,买盘
2767,10:26:24,16.65,0.01,50,83250,买盘
2768,10:26:21,16.64,--,22,36608,买盘
2769,10:26:18,16.64,--,5,8320,买盘
2770,10:26:15,16.64,-0.02,53,88391,卖盘
2771,10:26:12,16.66,0.01,36,59976,买盘
2772,10:26:09,16.65,0.01,17,28304,买盘
2773,10:26:06,16.64,-0.01,12,19968,卖盘
2774,10:26:03,16.65,--,21,34965,买盘
2775,10:26:00,16.65,0.01,229,381284,买盘
2776,10:25:57,16.64,-0.01,22,36608,卖盘
2777,10:25:51,16.65,--,11,18315,买盘
2778,10:25:48,16.65,--,14,23309,卖盘
2779,10:25:42,16.65,--,371,619180,卖盘
2780,10:25:39,16.65,--,47,78255,卖盘
2781,10:25:36,16.65,0.01,113,188144,买盘
2782,10:25:33,16.64,-0.01,20,33280,卖盘
2783,10:25:27,16.65,--,17,28304,买盘
2784,10:25:24,16.65,--,9,14984,买盘
2785,10:25:21,16.65,--,8,13319,卖盘
2786,10:25:18,16.65,--,32,53279,卖盘
2787,10:25:15,16.65,--,63,104894,卖盘
2788,10:25:12,16.65,-0.01,26,43289,卖盘
2789,10:25:09,16.66,--,43,71638,买盘
2790,10:25:06,16.66,--,17,28322,买盘
2791,10:25:00,16.66,0.01,25,41650,买盘
